2340 4320
183 224 240 294 ιιι
327 181 330 198 '
401 171 999 286 -ιιιιιινιιιιιιιιιιιιιιιι

264 351 269 360 ’
496 359 503 368 ’
573 367 714 426 ἰιι
757 366 799 426 ιι.

221 431 223 434 .
292 449 336 504 Aa
344 413 528 502 sotietatibus
539 447 672 501 bominum
683 450 775 518 alique
786 449 939 502 dominetur
948 453 1105 506 necessitas

242 541 326 598 Vnde
340 558 395 596 nec
409 541 459 596 iile
473 541 634 596 necessitas
648 539 832 596 formidanda
845 548 905 612 cst,
932 559 1020 616 quam
1032 543 1145 600 formida

86 657 87 666 ι
179 627 274 684 stoici
286 624 493 681 laboraverunt
506 641 611 680 causas
624 640 723 706 rerum
738 625 785 689 ita,
798 619 999 702 distinguere,
1026 636 1061 682 ut
1079 645 1144 702 quas

179 707 384 772 subtraherent
396 707 577 777 necessitati,
592 705 730 781 quasdam
744 705 917 763 subderent:
937 717 1025 784 atque
1039 711 1072 765 in
1084 709 1145 786 bisc

179 805 244 856 esse
257 792 309 849 sub
323 791 501 846 necessitate
514 791 683 860 noluerunt,
700 799 863 862 posuerunt
875 793 965 848 ctiam
977 802 1095 849 nostras
1108 797 1145 852 rel

156 903 159 908 ·
175 887 265 948 tates,
279 873 532 931 neridelicetncn
543 882 644 929 essent
656 873 777 944 liberae,
792 875 818 928 si
827 869 1026 931 subderentur
1035 881 1145 934 necessi

177 963 212 1019 Si
225 959 304 1015 enim
318 959 479 1013 necessitas
492 967 593 1019 ιιοιιτι
607 959 658 1012 ibba
668 955 792 1036 dicenda
805 965 859 1028 est,
874 975 1016 1032 quaenon
1024 963 1105 1016 estin
1113 981 1145 1017 nc

176 1050 332 1120 potestate,
346 1040 397 1097 scd
409 1042 496 1097 etiam
509 1041 535 1096 si
547 1043 684 1112 nolimus,
699 1039 789 1096 efficit
801 1040 877 1116 quod
889 1051 1000 1115 potest,
1012 1046 1090 1100 sicut
1101 1053 1139 1100 est

161 1117 163 1138 '
177 1128 299 1184 cessitas
309 1126 429 1196 mortis3
442 1123 631 1181 manifestum
642 1133 688 1180 est
697 1125 865 1181 voluntates
877 1134 1006 1197 nostras,
1017 1128 1119 1201 quibus
1127 1145 1145 1182 u

176 1213 225 1268 vel
236 1227 389 1284 perperam
400 1210 522 1279 vivitur,
536 1208 590 1265 sub
604 1209 657 1264 tali
669 1209 847 1264 necessitate
861 1227 920 1264 non
933 1227 1007 1292 esse.
1031 1209 1118 1267 Multa
1127 1227 1145 1266 u

113 1335 114 1338 ,
177 1295 314 1363 iacimus,
334 1309 408 1366 quae
423 1293 450 1353 si
461 1293 620 1363 nollemus,
641 1310 702 1348 nen
715 1294 818 1367 utiquc
832 1292 1006 1349 faceremus.
1034 1295 1097 1360 Quo
1108 1295 1145 1369 pri

84 1433 86 1444 ,
176 1389 224 1434 tus
237 1377 367 1451 pertinet
381 1377 578 1451 ipsumrelle:
591 1393 661 1432 nam
674 1377 700 1432 si
710 1369 933 1447 volumus,⁸cst;
951 1377 978 1432 si
991 1379 1145 1448 nolumus]

176 1475 236 1518 est:
250 1477 311 1516 nan
326 1461 405 1515 enim
417 1461 569 1534 vellemus,
583 1461 609 1516 si
618 1460 771 1522 nubemus.
784 1458 819 1516 Si
829 1469 927 1516 autem
937 1461 988 1515 illa
1000 1460 1145 1516 definitum

52 1595 55 1608 ,
83 1595 84 1598 ,
178 1545 354 1613 necessitas,
381 1543 540 1600 seeundum
553 1558 640 1619 quam
656 1543 779 1607 dicimus
792 1559 914 1600 neccsse
929 1561 994 1600 csse
1008 1554 1041 1600 ut
1052 1547 1091 1600 ita
1103 1546 1145 1599 sits

154 1657 157 1660 ·
177 1627 256 1704 quid,
269 1626 372 1684 velita
385 1618 450 1696 fiat3
464 1628 566 1684 nescia
580 1645 633 1684 cur
645 1645 708 1682 eam
718 1628 883 1704 timeamus,
898 1645 936 1680 ne
950 1629 1035 1682 nobis
1047 1628 1145 1683 libertat

176 1711 292 1768 auferat
303 1709 475 1766 veluntatis.
511 1706 618 1782 ¹Neque
631 1708 710 1763 enim
724 1715 755 1762 et
767 1707 859 1762 vitam
873 1707 932 1764 Dei
946 1719 976 1764 et
987 1711 1145 1784 praescienti

103 1794 104 1798 ’
176 1794 234 1854 Dei
248 1794 301 1852 sub
317 1793 495 1849 necessitate
512 1793 663 1865 ponimus,
691 1791 717 1845 si
730 1786 866 1847 dicamus
888 1811 1012 1849 neeesse
1033 1813 1094 1849 esse
1111 1793 1145 1849 Du

176 1897 290 1955 semper
303 1878 416 1946 virere,
429 1883 578 1931 ceeuncta
590 1875 754 1947 praescire:
778 1875 856 1930 sicut
869 1893 924 1931 nec
935 1886 1064 1949 potestas
1078 1879 1145 1932 ciusr

105 2031 108 2038 ,
148 1987 150 1991 ’
175 1965 288 2032 nuitur,
309 1978 374 2015 cum
387 1958 495 2014 dicitur
506 1955 715 2033 mori-fallique
729 1975 789 2013 nan
801 1975 896 2038 passe.
924 1957 975 2016 Sic
989 1963 1067 2016 enim
1079 1959 1145 2016 been

129 2112 134 2119 ι
164 2053 280 2120 potest,
291 2051 324 2098 ut
332 2043 440 2116 petius,
452 2043 477 2096 si
487 2048 597 2118 posset,
608 2041 731 2096 minoris
742 2050 821 2096 esset
831 2041 933 2116 utique
942 2046 1103 2115 potcstatis.
1113 2041 1145 2098 Re

175 2131 281 2203 quippe
295 2126 480 2198 omnipotens
495 2123 620 2197 dicitur,
645 2125 695 2199 qui
708 2129 807 2181 tamen
819 2127 894 2180 mori
909 2135 938 2181 et
950 2127 1014 2183 falli
1028 2146 1088 2184 non
1100 2133 1145 2202 pou

175 2211 294 2276 Dicitur
318 2210 397 2264 enim
418 2209 604 2283 omnipotens
628 2208 764 2264 iacienda
789 2191 964 2284 quodvult,
987 2223 1050 2266 non
1072 2211 1145 2286 patin

175 2294 320 2370 quodncn
326 2293 402 2348 rult:
417 2291 493 2368 qued
501 2293 560 2347 cisi
567 2288 724 2363 accideret,
736 2309 919 2370 naquaquam
926 2303 1006 2350 esset
1016 2297 1145 2369 omnips

173 2376 258 2434 Vnde
270 2384 425 2452 prepterea
438 2376 579 2452 quaedam
592 2395 652 2432 nen
666 2383 773 2451 petest,
793 2377 861 2450 quia
874 2378 1059 2452 omnipotens
1074 2387 1122 2434 est.

175 2463 263 2518 etiam
276 2479 344 2517 cum
357 2459 491 2531 dicimus,
516 2473 639 2516 necesse
655 2477 730 2529 esse,
756 2469 790 2514 ut
802 2477 868 2514 eum
878 2462 1028 2533 nolumus,
1051 2463 1138 2518 libere

110 2537 112 2543 ¹
174 2537 260 2604 limus
282 2545 418 2618 arbitria,
445 2553 475 2599 et
492 2561 596 2600 rernm
616 2537 717 2618 procul
741 2541 827 2598 dubio
852 2541 995 2616 dicimus,
1018 2555 1049 2602 et
1066 2539 1145 2602 noni

174 2629 268 2704 ipsum
280 2627 406 2684 liberum
419 2625 573 2684 arbitrium
586 2627 756 2683 necessitati
770 2627 953 2698 subiicimus,
968 2646 1043 2703 quae
1057 2625 1145 2684 adimi

70 2721 73 2726 ’
112 2757 113 2762 1
173 2714 325 2770 bertatem.
362 2710 441 2769 Sunt
465 2712 560 2789 igitur
585 2720 703 2782 uernae
727 2712 912 2784 voluntates,
940 2721 971 2768 et
995 2713 1076 2786 ipsae
1096 2713 1145 2768 iae¹

94 2801 95 2808 ’
128 2791 133 2806 ’
174 2792 451 2872 quicquidrolendu
464 2795 599 2866 secunus,
612 2789 693 2869 quod
707 2811 768 2849 nen
781 2785 1080 2865 fieret,‘siacllemus.‘
1115 2797 1144 2862 tl

155 2905 159 2910 ,
173 2878 243 2954 quid
255 2888 353 2936 autem
366 2879 490 2935 aliarum
502 2876 652 2934 huminum
663 2873 817 2934 velustate
830 2879 933 2934 nolens
949 2880 1073 2954 quisque
1086 2877 1145 2958 peti

174 2965 262 3019 etiarn
276 2963 319 3017 sic
331 2964 467 3038 veluntas
480 2963 574 3033 ral'et3
601 2962 657 3017 etsi
677 2980 738 3017 nen
757 2963 836 3017 illins
849 2971 947 3017 tamen
959 2961 1088 3018 hominis
1102 2961 1145 3020 rc]

81 3093 82 3096 ,
119 3079 121 3084 .
172 3056 229 3117 tas,
249 3045 300 3102 scd
313 3053 442 3119 potestas
456 3044 524 3101 Dei.
551 3044 626 3100 Nam
639 3046 665 3101 si
677 3047 813 3102 veluntas
826 3054 944 3102 tantum
959 3056 1049 3118 esset,
1071 3065 1131 3102 nee
1138 3064 1145 3120 p

173 3140 219 3187 set
228 3128 305 3205 qued
317 3129 418 3199 vellet,
431 3129 596 3202 potentiore
606 3130 758 3186 voluntate
768 3129 972 3204 impediretur:
986 3149 1043 3190 nec
1054 3132 1098 3186 sic
1111 3140 1145 3185 tar

87 3229 89 3233 ·
115 3233 117 3236 ·
143 3215 148 3228 ”
171 3217 320 3285 voluntas,
346 3212 406 3270 nisi
418 3213 554 3269 volunta
567 3222 660 3285 esset3
686 3231 741 3269 nec
755 3213 893 3284 alterius,
920 3212 972 3268 sed
986 3216 1049 3269 eius
1066 3223 1145 3270 esset

171 3300 271 3369 vellet,
286 3297 341 3353 etsi
354 3314 416 3353 nen
428 3305 529 3370 posset
539 3297 660 3370 implere
674 3293 750 3371 quad
763 3298 861 3353 vellet.
875 3295 958 3352 Vnde
971 3297 1111 3372 quicquid
1123 3316 1145 3371 pr

48 3417 49 3420 =
84 3427 95 3452 ,
170 3391 216 3436 ter
230 3399 312 3437 suem
324 3383 508 3438 voluntatem
520 3381 631 3455 patitur
644 3379 739 3451 home,
759 3399 819 3436 non
831 3379 917 3436 debet
927 3382 1095 3437 retribuere
1106 3379 1145 3436 hu

91 3495 93 3502 ·
171 3467 218 3520 nis
232 3467 279 3521 vel
290 3466 433 3542 angelicis
444 3466 492 3521 vel
503 3465 675 3539 cuiusquam
689 3465 780 3519 creati
795 3465 915 3538 spiritus
928 3465 1143 3536 voluntatibus,

123 3547 124 3556 ’
147 3605 156 3628 Ἰ
172 3550 233 3603 eius
242 3550 344 3621 potius
358 3549 410 3623 qui
423 3547 472 3603 dat
484 3556 659 3621 potestatem
671 3547 847 3603 volentibus.

237 3631 311 3688 Non·
319 3650 391 3710 ergo
404 3641 558 3706 propterca
572 3629 646 3688 nibil
658 3640 703 3686 cst
715 3632 746 3686 in
757 3640 859 3688 nestra
868 3633 1030 3704 vuluntate,
1045 3634 1114 3708 quia
1126 3631 1145 3689 l]

169 3716 328 3786 praescivit
341 3714 411 3790 quid
424 3715 556 3772 futurum
569 3723 649 3770 esset
661 3716 692 3770 in
705 3727 807 3771 nostra
822 3717 980 3772 voluntate.
994 3716 1145 3774 Nenenim

27 3827 30 3834 ·
72 3815 75 3828 u
170 3794 224 3850 boc
239 3800 408 3870 praescivit,
422 3796 496 3854 nihil
508 3800 675 3872 praescivit.
685 3837 686 3840 κ
696 3797 787 3854 Porro
802 3800 827 3852 si
841 3799 890 3854 ille
904 3800 953 3874 qui
965 3803 1145 3874 praescivit<

168 3878 299 3936 futurum
313 3889 391 3936 esset
405 3882 435 3956 in
449 3891 549 3942 nostra
562 3883 726 3956 vuluntate,
740 3898 800 3938 non
818 3883 918 3958 utique
931 3881 1017 3976 nibil,
1031 3883 1145 3957 sedalis
