2362 4312
96 173 99 178 '
154 194 199 250 ιι
295 205 297 210 ι
369 149 973 246 ιιιιιιιιιιιιιιιιιιιιιι
1031 171 1034 178 ’

562 383 679 474 CAP
722 383 770 441 ll

92 527 97 540 ·
152 503 257 568 Audit,
276 498 539 572 quindecennas,
558 471 585 551 et
595 515 612 550 o
626 496 740 551 Graecis
753 495 883 550 similiter
899 496 1068 572 colebantur,
1089 512 1166 552 coos

333 568 490 644 habuerint,
510 568 604 638 petbus
613 567 695 620 licum
700 577 863 635 poterentur
873 565 999 624 exscindi.
1119 585 1121 587 ¹

217 678 368 736 Primum'
360 695 423 775 ipsa
436 675 528 732 Troia
540 677 588 732 vel
599 669 700 746 Ilium,
726 637 805 730 unde
827 676 923 752 origo
937 683 983 730 est
1007 677 1113 748 populi
1126 675 1166 732 Rc

155 765 234 820 meni
248 766 353 837 (neque
364 763 442 817 enim
453 757 709 834 praetereundum,
721 767 772 814 aut
783 757 1027 814 dissimulandum
1038 769 1096 828 cst,
1110 775 1166 834 quo

83 845 87 858 '
156 848 229 902 etin
242 846 334 918 primo
348 845 423 900 libro
437 840 551 927 attigi),
578 842 696 906 eosdem
717 841 825 898 habent
846 841 917 900 deos
941 851 971 897 et
984 843 1107 913 colens,
1135 861 1166 898 eu

156 928 448 997 aGruecisrictum,
475 935 591 1000 captum
616 935 704 1000 atquc
726 921 853 988 deletum
872 921 935 983 ¹esti
977 922 1148 997 Priamo,'
1141 944 1166 982 ιιι

86 1017 89 1026 “
157 1012 278 1086 quiunt,
304 1015 374 1065 sunt
386 1009 500 1065 reddita
513 1005 729 1075 Laomedontea
741 1015 865 1082 paterna
878 1009 1019 1086 periuria
1039 1007 1105 1086 Erg
1086 1027 1166 1065 vore

156 1112 222 1149 rum
236 1101 295 1163 est,
320 1091 399 1167 quod
409 1093 514 1166 Apollo
529 1099 616 1167 atque
629 1091 784 1188 Neptunus
799 1085 892 1168 eidem
904 1055 1104 1154 Laomedonti
1114 1110 1166 1146 mer

158 1177 284 1232 cenariis
298 1176 434 1250 operibus
447 1176 624 1231 servierunt.
646 1173 707 1240 lllis
722 1175 827 1256 quippe
839 1175 1011 1254 promisisse
1024 1174 1166 1234 mercedes

90 1261 91 1264 ’
158 1260 342 1333 falsumque'
334 1277 447 1314 iurasse
460 1255 638 1334 perhibetur
680 1251 797 1327 Miror,
815 1257 979 1330 Apollinem
1002 1259 1166 1314 nominatur

158 1343 382 1398 divinatorem
374 1361 405 1398 ιιι
428 1350 511 1398 tanto
531 1340 661 1417 opificio
656 1340 811 1404 laborasse
824 1340 1006 1394 nescientem
1020 1341 1102 1416 qued
1115 1341 1166 1397 Lao

157 1424 263 1480 medon
276 1424 375 1479 fuerat
388 1426 532 1499 promissa
542 1431 715 1500 negaturus.
759 1423 943 1496 Quanquam
946 1441 1002 1478 nec
1017 1424 1116 1498 ipsum
1129 1423 1166 1479 Ne

156 1517 280 1606 ptunum
304 1517 442 1580 patruum
467 1509 548 1579 eius,
574 1506 695 1564 fratrem
708 1504 803 1576 lovis,
829 1524 930 1582 regem
955 1508 1063 1575 muris,
1092 1506 1166 1562 de'cui

91 1595 101 1666 ζ
157 1593 294 1668 ignarum
319 1609 384 1646 esse
409 1591 586 1663 futurorum.
629 1590 703 1654 Nnrn
719 1588 797 1645 hunc
810 1586 957 1653 Homerus
972 1587 1008 1644 de
1024 1592 1118 1663 stirpe
1130 1590 1166 1646 Ae

123 1719 126 1734 ι
157 1693 246 1746 neae,
272 1692 290 1729 a
308 1676 392 1731 cuius
410 1676 536 1748 posteris
552 1667 671 1730 condite
684 1672 777 1734 Reum
791 1680 851 1742 cst,
879 1691 946 1728 cum
959 1681 1029 1726 aitte
1044 1673 1124 1728 rllnnl
1135 1689 1166 1728 ur

158 1759 222 1814 bem
235 1757 390 1813 conditam
394 1753 471 1813 idom
483 1767 586 1835 poeta
582 1758 687 1812 fuisse
683 1750 824 1826 dicatur,
850 1754 964 1810 inducit
976 1774 1119 1834 magnum
1130 1757 1166 1812 ele

118 1901 120 1906 ,
157 1841 227 1916 quid
240 1841 432 1901 divinantem:
463 1859 559 1916 quomv
576 1841 664 1896 etiam
688 1840 766 1895 nube
790 1840 913 1912 rapuit„
928 1847 963 1894 ut
982 1838 1075 1910 dicit,
1103 1835 1166 1895 noel

158 1923 268 1984 Achille
283 1923 483 1993 occideretur,
510 1931 629 1997 cuperet
642 1941 709 1988 cuns
720 1929 837 1990 vertere
850 1922 885 1978 ab
906 1923 983 1994 imo,
1010 1923 1092 2000 quod
1113 1917 1166 1998 apul

156 2005 313 2084 birgilium
327 2005 509 2066 confitetur:

241 2073 361 2144 Structo
374 2089 436 2143 suis
449 2088 583 2144 manibus
596 2088 732 2162 periurae
745 2088 863 2154 moenia
877 2083 977 2154 Troia.

157 2131 329 2228 Nescieutes
353 2173 446 2248 igitur
468 2173 546 2230 tanti
564 2171 620 2241 dii,
646 2171 800 2252 Neptunus
815 2182 846 2228 et
842 2172 979 2246 Apollo,
1003 2171 1166 2240 Leomedon-

158 2263 217 2309 tem
224 2245 286 2310 sibi
300 2263 477 2332 negaturum
490 2273 555 2310 esse
568 2254 748 2326 mercedem,
769 2264 934 2324 structores
946 2259 1099 2314 moenium
1111 2255 1166 2312 Tro·

158 2338 293 2393 ienorum
309 2338 418 2414 gratis,
442 2347 472 2394 et
495 2339 622 2416 ingratis
648 2339 787 2410 fuerunt,
813 2337 940 2398 Videant
952 2357 991 2396 ne
1013 2340 1166 2418 grauiussit

157 2422 232 2476 tales
244 2419 313 2475 deos
328 2419 462 2492 credere,
483 2439 569 2497 quom
583 2421 639 2478 diis
653 2423 760 2492 talibus
774 2423 915 2495 peierare.
958 2421 1025 2478 Hoc
1041 2425 1119 2479 onim
1130 2441 1166 2478 nu

90 2541 93 2546 ,
158 2505 220 2577 ipse
234 2501 380 2560 Homerus
405 2504 492 2562 facile
518 2493 658 2576 eredidit,
685 2507 735 2580 qui
748 2505 919 2580 Neptunum
943 2506 1064 2584 quidem
1083 2515 1166 2568 contu

159 2585 321 2658 Troianos,
334 2587 499 2663 Apollinem
511 2597 607 2644 autem
620 2607 671 2662 pro
684 2587 821 2647 Troianis
832 2598 1014 2666 pugnantem
1024 2590 1108 2660 facit,
1123 2608 1166 2644 eun

34 2735 60 2762 Ι,
158 2671 351 2744 illoperiurio
366 2672 464 2728 ambos
478 2673 577 2728 fabula
600 2679 699 2730 narret
721 2669 859 2728 offensos.
892 2669 936 2741 ‚Si
961 2673 1055 2750 igitur
1082 2672 1165 2728 sabuli

159 2752 296 2824 credunt,
322 2756 496 2811 erubescant
509 2757 579 2810 talia
606 2757 702 2811 colere
725 2756 862 2812 numius:
888 2756 914 2809 si
927 2755 1035 2826 fabulis
1050 2775 1112 2812 nun
1125 2774 1166 2812 cre

158 2836 242 2907 dunt,
257 2854 317 2892 non
333 2838 492 2904 obtendant
505 2836 635 2896 Troiana
648 2839 793 2912 periuria3
813 2847 865 2896 aut
877 2839 1023 2895 unirentur
1037 2838 1109 2895 deos
1122 2855 1165 2914 per

97 2945 101 2952 ⁴
157 2920 235 2974 iurib
255 2921 375 2992 punisse
387 2920 533 2993 Troiana,
558 2920 824 2978 amassellomona.
867 2919 950 2978 Vnde
978 2923 1058 2978 enim
1084 2925 1165 2980 coniu

157 3002 233 3057 ratio
248 3000 413 3059 Catilinae'
404 3024 436 3061 m
450 3013 533 3061 tanta
546 3014 664 3080 tamquo
678 3014 816 3080 corrupta
830 3005 950 3068 civitate
973 3003 1076 3074 habuit
1101 3007 1166 3061 etiae

159 3103 261 3140 eorum
252 3084 413 3170 grandem
423 3091 552 3162 copiam,
567 3106 640 3163 quos
654 3107 758 3148 manus
772 3099 860 3176 atque
873 3089 977 3185 lingua
989 3091 1122 3164 periurio
1136 3106 1166 3142 au

159 3149 303 3266 sanguine
318 3169 398 3224 cirili
411 3168 526 3256 alebatl
571 3172 649 3254 Quid
662 3174 741 3228 enim
753 3172 833 3228 aliud
846 3171 934 3230 toties
948 3181 1106 3227 senatores
1121 3187 1165 3226 cor

157 3254 238 3334 rupti
255 3252 285 3307 in
308 3250 440 3324 iudiciis,
467 3241 556 3311 toties
570 3258 714 3330 populus'
706 3275 738 3311 ιιι
752 3254 901 3332 suffragiis
915 3255 984 3310 vcl'
977 3274 1008 3310 ιιι
1022 3256 1166 3328 quibusqu

158 3337 269 3406 causis,
289 3351 363 3409 quae
377 3336 454 3408 apud
468 3357 534 3394 eum
549 3340 746 3396 concionibus
754 3341 932 3436 agebantur,
958 3339 1017 3392 nisi
1030 3340 1120 3396 etiam
1134 3354 1165 3409 pe

18 3405 26 3418 ’
78 3447 80 3456 x
157 3417 277 3474 ierando
291 3417 472 3492 peccabant?
516 3420 648 3496 Namque
672 3423 900 3497 corruptissimis
923 3422 1054 3477 moribus
1079 3421 1115 3477 nd
1130 3417 1166 3474 bo

129 3581 130 3584 ι
157 3518 220 3555 usos
247 3500 366 3558 iurandi
390 3505 561 3560 servabatur
587 3507 743 3579 antiquus,
771 3523 831 3563 non
845 3515 886 3561 ut
892 3523 908 3559 ιι
922 3505 1082 3561 sceleribus
1107 3510 1166 3558 metr

158 3584 312 3659 religionis
327 3584 565 3660 prohiberentur,
591 3588 642 3644 sed
667 3597 701 3646 ut
726 3589 863 3664 periuria
882 3605 998 3663 quoque
1020 3586 1166 3646 sceleribu

159 3668 283 3722 caeteris
297 3667 510 3729 adderentur.
