2400 4312
48 177 194 280 'aaa
361 189 949 279 nivravnsaunvavs'rrm
1012 211 1022 218 “

133 359 269 444 neamus,
295 355 347 427 has
361 372 618 446 interpretationes
631 365 691 428 non
700 363 810 428 ¹referri
822 371 859 428 ed
873 391 975 429 verum
988 363 1097 445 Deum,
1115 376 1200 431 'ti-2⁴

36 457 39 461 ’
132 474 214 527 ram,
229 455 459 528 incorpoream,
486 455 811 529 incommutabilemque
826 463 978 527 naturam,
1006 475 1094 532 aquo
1106 460 1158 514 vita
1188 463 1193 514 ζ

133 541 166 594 in
180 547 332 594 aeternum
346 537 429 592 beata
448 536 595 610 poscenda
609 547 666 607 est;
693 537 744 592 sed
757 557 855 603 earum
871 557 935 593 esse
948 540 1022 594 fines
1036 541 1070 596 i'n
1083 542 1171 598 rebus,

118 615 352 695 corporalibus,
390 620 614 692 temporalibus,
652 621 837 699 mutabilibus
867 629 959 695 atque
985 613 1178 678 mortalibus.¹

132 703 217 770 erod
230 703 365 772 Coelum,
392 703 502 774 inquit,
516 709 639 775 ¹patrem
659 700 815 758 Saturnus
832 712 975 758 castrasse
989 707 1034 761 ‘iu
1061 707 1156 762 fabulis

132 778 335 854 dicitur,'hoc
361 783 510 862 significat
533 802 623 856 penes
643 781 818 856 Saturnum,
845 805 907 841 non
932 805 1023 860 penes
1037 787 1156 858 Caelum,

132 886 232 923 semen
247 885 309 922 esse
324 866 463 922 divinum.
502 864 573 920 Hoc
585 874 756 938 propterea,
771 877 913 942 quantum
927 871 1058 946 intelligi
1071 870 1155 940 datur,

131 953 199 1025 quia
212 949 286 1006 nihil
299 951 332 1004 in
347 952 429 1005 coelo
445 943 480 1004 de
495 949 652 1004 seminibus
665 953 805 1005 nascitur.
849 950 908 1006 Sed
923 965 1006 1022 ecce,
1021 951 1155 1008 Saturnus

105 1048 107 1052 ·
131 1035 158 1087 si
171 1032 252 1088 Coeli
267 1041 311 1086 est
323 1031 399 1086 iilius
415 1030 491 1086 lovis
503 1039 549 1098 est
560 1029 648 1086 filius.
693 1030 814 1088 coelum
827 1035 906 1089 enim
921 1052 985 1088 esse
999 1033 1106 1104 lovem,
1119 1038 1157 1090 in·

130 1114 366 1185 numerabiliter,
394 1124 424 1169 et
436 1113 594 1190 diligenter
607 1113 760 1170 affirmant.
796 1113 840 1171 lta
853 1119 911 1172 ista
924 1125 999 1190 qua'e
1012 1136 1028 1172 a
1042 1121 1156 1174 veritate

58 1250 84 1262 ,Δ
130 1199 346 1267 uouueniunt,
371 1199 542 1270 plerumque
557 1205 586 1251 et
598 1197 679 1251 nullo
692 1199 875 1270 impellente,
903 1215 934 1253 se
956 1201 1022 1272 ipsa
1043 1202 1155 1256 'subver-

129 1289 206 1335 tuut.
248 1271 369 1358 Κρόνον
387 1281 560 1354 appellatum
584 1277 671 1350 dicit,
699 1281 774 1354 quod
789 1281 903 1356 Graeco
916 1282 1059 1342 vocabulo
1074 1285 1154 1360 signi·
1193 1299 1195 1328 z

130 1362 199 1418 ficut
223 1365 362 1437 temporis
388 1364 525 1436 spatium;
553 1363 687 1436 sineque
702 1381 817 1434 semen,
844 1365 956 1439 inquit,
985 1381 1046 1420 nou
1071 1375 1156 1440 potest
1190 1385 1192 1394 ·

131 1463 196 1500 esse
206 1447 208 1451 ’
218 1446 404 1501 foecundum.
447 1444 529 1500 Haec
543 1453 572 1499 et
584 1446 641 1500 alia
655 1444 690 1499 de
704 1444 832 1501 Saturno
847 1448 939 1502 multa
952 1437 1108 1519 dicuntur,
1132 1456 1155 1502 et
1182 1513 1184 1518 ,

131 1528 167 1584 ad
191 1547 291 1584 semen
314 1527 411 1584 omnia
430 1529 609 1602 referuntur.
653 1523 713 1582 Sed
727 1531 830 1584 saltem
844 1527 992 1598 Saturnus
1006 1531 1153 1586 seminibus

131 1613 361 1669 cumtantaista
374 1621 518 1686 potestate
545 1609 703 1666 sufficeret:
731 1611 800 1684 quid
813 1610 848 1666 ad
861 1609 934 1667 haee
948 1609 988 1667 dii
1003 1613 1055 1668 ulii
1067 1615 1153 1688 requi·
1184 1627 1191 1634 ··

108 1687 249 1766 ‘runtur,
274 1692 678 1764 maximebiberetLibera,
702 1689 813 1765 idest,
840 1687 959 1750 Cc'resi
986 1695 1031 1750 Dc
1060 1697 1152 1771 quibus
1186 1731 1192 1734 -

129 1769 248 1847 rursus,
275 1775 650 1852 quodadsomeu-attiuet,
676 1776 861 1847 maledicit,
888 1779 971 1854 quasi
986 1778 1021 1834 d'e
1035 1777 1151 1836 Saturno

120 1861 204 1917 'nihil
215 1863 333 1916 dixerit.

518 2005 640 2069 ear.
682 1953 814 2066 xx]

426 2101 471 2153 De
485 2103 574 2179 ceteris·¹
586 2101 693 2156 Cereris
703 2105 858 2157 Eleusinae.

189 2189 223 2246 In
237 2189 352 2247 Cereris
366 2200 465 2246 autem
478 2194 568 2247 sacris
582 2193 790 2267 praedicantur
815 2194 865 2249 illa
890 2192 1061 2267 Eleusinia,
1087 2211 1149 2270 quae

125 2273 201 2349 apud
228 2272 422 2346 Athenienses
448 2271 629 2330 nobilissima
655 2277 783 2338 fuerunt.
827 2276 873 2332 De
888 2278 991 2350 quibus
1007 2277 1148 2333 iste'nihil

124 2360 352 2430 interpretatur,
372 2359 436 2412 nisi
446 2358 524 2432 quod
537 2350 644 2413 attinet
658 2357 694 2412 ad
708 2359 902 2430 frumentum,
918 2360 997 2433 quod
1012 2361 1098 2417 Ceres
1110 2363 1148 2415 in·

123 2442 223 2509 venit,
251 2449 280 2494 et
293 2439 329 2494 ad
341 2438 562 2514 Proserpinam,
590 2457 676 2515 quarn
689 2443 821 2513 rapiente
836 2441 914 2497 Orco
940 2443 1079 2514 perdidit.
1117 2442 1149 2498 Et

122 2521 198 2577 hane
212 2524 304 2596 ipsam
317 2522 388 2578 dicit
402 2523 569 2602 significare
583 2522 812 2587 foecunditatem
825 2526 982 2580 seminum:
1007 2537 1148 2602 quaecum

123 2601 266 2660 defuisset
280 2605 403 2680 quodam
416 2603 561 2679 tempore,
578 2605 734 2680 eademque
746 2608 901 2663 sterilitate
911 2615 991 2662 terra
1002 2617 1147 2677 moereret,

94 2685 109 2744 J
123 2698 256 2744 exortam
268 2707 332 2744 csse
343 2690 524 2764 opinionem,
540 2687 617 2762 quod
627 2688 717 2743 filiam
731 2687 863 2758 Cereris,
876 2689 907 2744 id
917 2699 972 2758 est,
987 2687 1081 2764 ipsam
1093 2693 1156 2753 foe-s

113 2771 317 2843 munditatem,
341 2791 414 2846 quac
428 2789 445 2826 a
458 2767 654 2845 proserpendo
667 2769 846 2845 Proserpina
860 2771 941 2826 dicta
952 2767 1045 2842 esset,
1061 2774 1146 2830 Orcus

7 2895 13 2902 -
38 2881 43 2888 ’
121 2855 297 2925 abstulerat,
325 2863 354 2909 ct
378 2855 454 2928 apud
480 2855 593 2909 inferos
615 2854 797 2909 detinuerat:
825 2871 959 2928 quaeres
973 2865 1039 2912 eimr
1053 2857 1147 2912 inisset

92 2941 94 2944 ’
120 2939 200 2993 luctu
218 2939 333 3013 publico
355 2938 515 3007 celebrata,
544 2938 611 3009 quia
624 2949 727 2990 rursus
742 2935 841 2992 eadem
856 2937 1042 3014 foecunditas
1057 2939 1146 3007 rediit,

119 3019 295 3094 Proserpina
315 3014 429 3074 reddita
444 3028 576 3074 exortam
599 3035 664 3074 esse
679 3013 841 3088 laetitiam,
868 3028 899 3073 et
921 3037 960 3074 ex
980 3020 1036 3076 hoc
1057 3024 1146 3077 'solen-

119 3105 169 3158 nia
183 3105 353 3158 constituta.
380 3101 463 3158 Dicit
474 3101 579 3156 deinde
590 3103 683 3156 multa
695 3103 726 3156 in
736 3103 885 3176 mysteriis
900 3103 964 3158 eius
978 3105 1066 3173 madi,
1082 3121 1146 3178 quae

118 3185 177 3240 nisi
193 3185 230 3242 ad
243 3185 364 3262 frugum
375 3186 578 3240 inventionem
591 3202 652 3240 non
665 3187 840 3258 pertineant.

510 3323 757 3390 cuk'xxr.

199 3441 201 3446 ’
246 3429 291 3483 De
302 3429 471 3499 turpitudine
482 3445 631 3492 sacrorum,
651 3445 719 3499 quae
729 3429 830 3482 Libero
840 3431 1021 3484 celebrantur.

75 3587 76 3590 Ἴ
178 3520 239 3576 lam
252 3537 323 3578 vero
336 3519 435 3576 Liberi
448 3537 545 3590 saera,
560 3537 645 3594 quem
658 3519 776 3594 liquidis
791 3517 967 3591 seminibus,
982 3539 1017 3576 ac
1030 3531 1084 3592 per
1095 3519 1146 3574 boe

116 3609 176 3658 non'
190 3605 283 3659 solum
297 3603 458 3677 liquoribus
472 3602 635 3672 fruetuum,
662 3617 786 3676 quorum
808 3602 1019 3676 quodammodo
1041 3606 1145 3678 primu·

86 3723 88 3732 ,
114 3693 176 3738 tum
188 3688 290 3741 vinum
302 3695 400 3756 tenet,
426 3701 531 3741 rerum
544 3687 632 3739 etiam
644 3685 803 3739 seminibus
819 3687 987 3741 arrimolium
999 3687 1144 3759 praefece-

60 3837 64 3844 ἱ
113 3775 197 3838 ruint,
224 3767 259 3822 ad
273 3777 411 3842 quantam
425 3768 636 3840 turpitudinem
649 3769 853 3839 pervenerint,
878 3770 961 3844 piget
974 3769 1092 3842 quidem
1105 3767 1145 3822 di·

115 3867 197 3920 cere,
221 3859 343 3923 propter
365 3851 511 3905 ¹sermonis
537 3847 767 3926 longitudinem3
795 3850 846 3904 sed
863 3859 982 3926 propter
995 3851 1146 3926 superbam
