2340 4312
62 285 64 290 Ι
153 203 210 263 nn
237 182 458 272 crvvrrvc
484 202 562 260 onir
585 203 668 262 ara.
693 159 821 265 xvns
941 212 996 266 ma

374 349 440 410 er
464 351 496 410 v.
532 351 589 410 v1.

45 451 132 504 edrico
139 449 289 504 sacerdotio
299 459 327 501 ct
336 466 429 517 regno,
439 465 509 516 quae
519 465 578 500 eum
586 449 616 502 ia
625 459 764 504 aeternum
775 453 901 508 dicontur
910 421 996 508 stata·

45 528 273 590 cannamomum
286 529 317 572 ut
326 519 383 576 alia
393 517 594 586 intelligantur,
605 535 672 588 quae
681 522 827 588 spondetur
836 517 995 576 aeternitas.
1059 541 1062 548 ¹

45 626 87 666 tun
95 611 183 688 igitur
193 608 265 665 haec
276 617 358 664 tanta
368 608 603 670 tuncaltitudine
612 612 818 682 praenuntiata
829 597 900 682 sirit,
914 621 996 670 tanta

45 691 104 770 ata]
112 711 188 750 nunc
197 690 434 748 manifestatione
445 692 620 762 clarescant3
634 711 694 752 non
704 692 813 758 frustm
825 705 922 752 tamen
933 715 995 752 rno-

47 778 188 850 quispiam
202 783 316 848 potest,
333 793 367 830 ac
385 774 498 845 dicere}
525 776 674 841 Quomodo
697 776 871 836 confidimus
893 780 996 834 venire

47 875 85 928 a,
105 860 222 932 quaein
236 857 320 930 libris
332 859 391 912 illis
404 866 530 922 ventura
541 857 690 931 praedicta
702 870 784 930 sunt,-
796 860 889 918 sibae
902 863 997 936 ipsum

54 941 97 998 ibi
109 942 248 998 divinitus
262 939 372 996 dietum
385 950 446 1011 est,
471 939 582 998 Damam
601 952 657 998 too
674 952 705 1000 ct
718 943 817 1002 damus
830 947 937 1021 patria
951 945 999 1000 tui

45 1025 136 1082 tidem
150 1041 250 1092 eoram
263 1042 308 1081 mc
323 1024 355 1080 im
368 1033 532 1094 aeternum,
545 1021 679 1084 effectum
690 1022 797 1084 habere
810 1045 869 1085 nun
882 1022 996 1100 potuitt

45 1108 110 1164 niam
121 1108 270 1177 videmus,
293 1106 367 1164 illud
380 1105 576 1168 sacerdotium
587 1107 679 1164 fuisse
691 1119 851 1182 mutatum3
860 1151 867 1176 s
876 1119 906 1166 ct
917 1109 996 1184 quod

46 1192 121 1246 omui
132 1192 308 1265 promissum
321 1200 383 1262 est,
407 1209 464 1246 nee
484 1192 596 1264 sperari
609 1189 765 1265 aliquando
779 1193 995 1267 complendum:
1066 1235 1076 1248 ,

61 1273 128 1330 illud
151 1273 230 1348 quod
248 1275 276 1329 ei
294 1274 449 1348 reprobato
468 1282 635 1348 mutataque
654 1274 798 1347 succedit,
823 1275 877 1332 hoc
899 1279 996 1348 potius

45 1351 149 1414 dieatm
165 1365 325 1414 aeternum.
355 1356 421 1414 Hae
439 1359 489 1431 qui
502 1356 588 1427 dicit,
614 1355 743 1418 nondum
763 1360 920 1436 intelligit,
946 1370 997 1420 aut

45 1442 152 1512 recolit,
167 1441 256 1498 etiam
268 1441 365 1513 ipsum
374 1440 534 1498 secundum
543 1439 675 1520 ordinem
682 1440 781 1498 Aaron
793 1441 997 1513 sacerdotium,

45 1535 107 1580 uam
117 1523 248 1580 umbram
261 1523 354 1580 futuri
366 1523 481 1580 aeterni
493 1523 650 1580 sacerdotii
668 1526 873 1582 comtituturu:
899 1542 933 1579 ae
946 1544 998 1599 per

45 1607 147 1676 arundo
162 1608 190 1662 ci
203 1608 361 1663 aeternitas
373 1607 518 1680 promissa
530 1615 587 1676 est,
601 1623 661 1666 nou
674 1607 730 1680 ipsi
742 1605 860 1662 mabrae
873 1625 906 1664 ac
919 1607 996 1684 bgu-
1069 1597 1071 1606 ¹

50 1690 105 1750 'sed
119 1692 146 1746 ei
160 1688 238 1764 quod
251 1705 303 1761 per
315 1690 407 1763 ipsam
420 1687 642 1746 adumbrabatur
654 1687 909 1766 figurabaturque,
922 1683 998 1762 'pro-

45 1787 88 1828 um
100 1784 152 1830 est.
185 1771 246 1834 Sed
257 1791 294 1828 ue
307 1771 459 1846 putaretur
471 1773 534 1846 ipsa
550 1771 652 1828 imbra
671 1790 735 1828 csse
752 1790 906 1845 mansura,
932 1772 998 1838 ideo

45 1843 188 1912 nmbtatia
202 1857 264 1912 eius
279 1855 378 1912 debuit
389 1853 564 1929 prophetari.
611 1885 613 1890 .

45 1933 163 2017 Regnum
186 1955 302 2014 qnoque
323 1940 380 1996 isto
402 1937 488 1996 modo
509 1941 597 1996 etiam
609 1935 708 2000 Saulis
718 1940 826 2015 «ipsius,
850 1941 998 2014 quieertc

46 2021 145 2082 obatus-
153 2033 241 2096 atquc
254 2023 381 2082 reiectus
395 2031 450 2091 eat,
462 2021 554 2080 samri
565 2025 652 2100 regni
667 2032 729 2082 erat
742 2023 843 2080 umbra
856 2025 888 2080 in
901 2033 997 2078 aeter-

45 2107 218 2164 tomansnri.
255 2105 362 2162 Oleum
380 2106 484 2180 quippe
503 2104 575 2162 illud
591 2123 647 2180 quo
660 2118 767 2166 unctus
781 2116 843 2179 est,
869 2116 900 2162 et
913 2106 948 2162 ab
962 2126 997 2164 co

45 2201 117 2264 tuate
125 2188 260 2248 Christus
275 2198 320 2244 est
332 2187 445 2258 dietus,
463 2189 585 2264 mystice
598 2189 807 2263 accipiendum,
821 2200 851 2246 et
861 2209 999 2267 magnum

45 2283 182 2330 mentum
199 2271 424 2349 intelligendum
443 2281 501 2326 est:
528 2273 604 2345 qnod
621 2274 653 2328 in
665 2293 701 2330 co
716 2273 828 2334 tantum
840 2283 999 2332 veneratus

45 2375 88 2430 pse
100 2355 215 2426 David,
227 2364 272 2416 nt
284 2371 423 2428 percusso
436 2354 524 2410 eorde
537 2357 722 2428 pavitaverit,
741 2357 855 2431 quando
869 2359 900 2414 in
914 2367 999 2414 tenc·
1053 2411 1060 2416 .

45 2458 55 2496 a
71 2433 233 2496 occultatur
246 2448 349 2509 antro,
377 2455 432 2511 qno
448 2438 535 2494 etiam
548 2435 619 2492 Saul
633 2449 757 2516 urgente
770 2443 932 2504 intraverat
946 2460 998 2498 ne·

46 2532 103 2580 tate
118 2531 252 2592 namrae,
266 2523 404 2598 exiguam
415 2521 586 2594 particulam
597 2523 688 2576 vestis
703 2523 766 2576 cius
779 2533 941 2578 retrorsum
954 2526 998 2580 la·
1099 2583 1104 2596 ‚

45 2625 67 2662 cr
79 2604 218 2676 abscidit3
235 2614 267 2661 ut
279 2602 399 2660 haberet
412 2601 489 2660 unde
501 2609 687 2673 monstraret,
701 2603 840 2677 quomodo
855 2608 882 2660 ei
895 2601 1007 2681 peper?

49 2707 148 2770 2euru
167 2696 269 2770 posset
286 2686 435 2754 ecciderc3
460 2680 552 2760 ¹atquc
573 2686 615 2740 ita
634 2687 827 2759 suspicionem
848 2686 883 2742 de
901 2692 998 2747 animo

45 2807 49 2838 1
67 2791 129 2848 qua
147 2780 282 2842 sanatum
300 2769 517 2842 David-putans
535 2769 687 2824 inimicum
704 2787 788 2824 suum
811 2769 999 2829 vehementer

45 2856 206 2930 cqucbatur,
229 2854 368 2910 auferret.
394 2851 438 2910 Ne
451 2854 550 2927 itaque
563 2870 631 2908 reus
645 2861 722 2908 esset
735 2854 810 2909 tanti
823 2858 999 2911 sacramenti

45 2940 102 2994 cnle
115 2938 231 3006 violati,
250 2938 319 3012 quia
331 2937 379 2994 vel
391 2934 594 2994 indumentum
607 2937 669 2996 oiu's
684 2938 728 2991 sie
744 2937 923 3004 attrectavit,
947 2955 999 2992 ex·
1041 2959 1042 2962 ¹

45 3023 73 3078 it.
97 3020 144 3077 lta
163 3022 241 3078 euim
256 3022 396 3094 seriptum
416 3027 474 3075 est:
501 3017 542 3074 Et
554 3021 709 3095 pct'cuoait
724 3018 892 3078 coorDavid
908 3034 999 3096 super

45 3153 46 3160 ,
73 3107 144 3182 quio
157 3104 282 3161 obstulit
289 3101 446 3180 pinnulam
459 3101 619 3177 chlamydis
631 3104 704 3159 eiua.
731 3102 808 3160 Viris
822 3111 933 3172 autem,
948 3101 999 3176 qui
1044 3177 1045 3180 Ἴ

45 3190 210 3257 illectant,
237 3195 267 3242 et
278 3195 312 3242 ut
324 3183 442 3250 Saulem
453 3187 484 3250 in
499 3203 602 3260 manus
620 3204 686 3250 suas
702 3185 839 3246 traditum
850 3185 1000 3242 interime·
1031 3211 1045 3238 η

45 3271 199 3339 uadebant,
212 3267 276 3327 Noa
289 3267 370 3336 mibi,
386 3268 494 3341 inquit,
508 3270 664 3344 contingat
677 3289 696 3326 o
709 3268 845 3339 Domine,
859 3269 1000 3338 sifacero

45 3355 152 3412 verbum
164 3351 289 3408 Domino
303 3369 363 3406 ntea
377 3349 496 3408 Gbra'sto
507 3349 637 3420 Domini,
651 3353 768 3424 inferre
781 3363 1000 3408 meamummeom'

45 3458 57 3492 r
71 3455 135 3494 eum
141 3455 152 3509 ‚·
177 3437 249 3512 quio
264 3433 401 3508 ebroauc
415 3431 536 3490 Domini
554 3445 600 3492 cot
613 3431 670 3490 bie.
704 3433 782 3490 Huic
797 3427 867 3508 ergo
882 3433 1000 3488 umbrae

45 3522 62 3576 ri
76 3539 137 3576 rvon
152 3519 391 3593 proptcripsam,
406 3515 457 3570 sed
468 3527 589 3590 propter,
600 3517 671 3572 illud
684 3515 762 3591 quod
774 3516 1000 3592 praefigurabat,
1082 3550 1091 3556 -

45 3623 53 3658 ι
71 3599 223 3672 veneratio
242 3599 442 3666 exhibebatur.
470 3597 553 3656 Vnde
567 3610 596 3655 et
616 3599 778 3673 illudquod
790 3602 832 3658 ait
845 3598 927 3656 Sauli
942 3597 999 3654 Sa·

45 3726 63 3756 v,
88 3684 234 3754 Quoniam
245 3703 302 3742 nom
316 3684 447 3748 ceruoati
458 3679 628 3740 mendorum
641 3702 742 3750 meum,
761 3682 836 3758 quod
849 3681 1016 3740 mondavit

45 3768 198 3841 Domiaua3
211 3765 446 3844 quemadmodum
456 3784 533 3822 nunc
539 3775 711 3842 parauerat
722 3763 867 3822 Dominam
879 3783 1001 3840 rognum

45 3871 52 3906 ι
70 3868 159 3927 utque
177 3853 208 3907 m
228 3861 486 3925 oeternumsuper
503 3844 623 3918 Icree'l‚·
644 3859 675 3904 ct
692 3868 768 3906 nume
785 3857 1002 3927 regnamtuum
1067 3865 1069 3874 ‘
