2340 4320
112 202 172 255 ms
345 147 930 292 nturivnmn'svevsrmr

10 403 25 410 ,
104 344 252 422 ‘quaedam
266 347 330 401 ilios
345 331 600 413 fnisse'mentitos,
615 343 689 398 aliae
700 340 847 398 fideliores
858 343 962 397 literae
969 341 1136 402 ostendunt:

111 438 228 486 constat
241 437 339 484 tamen
353 435 383 481 ct
400 428 479 482 inter
494 428 568 482 aiios
587 427 764 498 scriptores,
789 442 915 502 regnum
926 425 1139 498 'Assyrioruma

108 511 192 570 Nino
206 529 277 588 rcge
290 509 383 565 fuisse
397 510 485 585 longe
499 510 614 581 iateque
627 499 803 582 porrectum.
817 505 892 562 'l'am
906 507 956 562 diu
969 516 1069 562 eutem
1080 527 1138 582 per-

110 595 268 662 severavit,
282 597 314 647 rit
327 591 491 648 Romanum
505 589 634 646 nondum
644 592 683 645 sit
696 592 758 646 eius
769 591 883 645 aetatis.
898 589 974 645 Nam
984 591 1065 646 sicut
1074 593 1139 647 scri-

25 745 28 752 ,
109 680 193 746 bunt,
208 695 258 750 qur
249 673 442 731 chronicam
452 673 607 734 historiam
615 673 764 745 persecuti
777 681 857 742 sunt,
870 673 951 727 mille
966 672 1106 729 ducentos
1116 684 1140 729 et

110 759 306 854 quadraginta
330 774 423 812 annos
442 756 477 812 ab
493 773 578 810 anno
599 757 693 827 primo
715 772 773 828 quo
787 753 883 810 Ninus
898 773 1029 832 regnare
1043 759 1140 830 coepit,

110 841 272 916 permansit
285 838 337 895 hot
350 857 487 916 regnum,
513 837 606 892 donec
618 837 830 893 transferretur
845 837 882 892 nd
894 836 1007 894 Medos
1036 835 1141 894 inferre

37 931 47 944 “’
98 921 208 980 ¹autem
220 923 296 978 belia
310 921 456 990 finitimis,
480 929 509 975 et
523 920 614 974 inde
606 939 637 976 ιιι
651 929 768 988 caetera
780 918 953 994 procedere,
979 939 1015 976 ae
1028 924 1141 994 populos

91 1008 167 1062 -sibi
182 1023 242 1060 non
256 1005 394 1060 molestos
409 1006 471 1060 soia
494 1002 761 1078 regnicupiditate
785 1012 940 1058 conterere
959 1011 992 1057 ct
1014 1003 1141 1074 subdere,

111 1084 180 1163 q'uid
194 1085 272 1164 aliud
287 1085 497 1163 quamgrande
512 1083 700 1160 latrocinium
712 1081 1002 1174 nonrinendumscat'i

507 1235 630 1294 CA-L‘
657 1235 758 1302 vlt.

111 1334 155 1386 An
170 1349 255 1401 regna
271 1342 380 1384 terrena
390 1332 463 1384 inter
475 1333 616 1402 profectas
629 1347 690 1384 rues
705 1341 787 1401 atque
794 1333 924 1412 descetus
935 1334 1051 1385 dearum
1061 1334 1119 1386 oei'
1109 1350 1143 1385 ιι-

405 1410 501 1452 ceretro
511 1404 553 1452 cel
563 1402 722 1454 descrantur
732 1401 845 1454 auxilio

177 1506 211 1565 Si
223 1509 304 1572 nulio
319 1505 439 1562 deorum
452 1507 596 1563 adiutorio
611 1516 670 1562 tam
684 1525 822 1584 rrrognum
834 1505 890 1568 hoe
903 1526 1034 1585 regnum
1045 1519 1075 1564 et
1083 1527 1142 1582 pro·

112 1593 206 1648 lixum
219 1591 286 1662 tuit,
313 1608 403 1665 quare
416 1588 471 1644 diis
486 1589 625 1646 Romanis
640 1590 776 1646 tribuitur
790 1585 954 1647 Ronranum
968 1609 1095 1668 regnum
1107 1594 1143 1646 lo-

52 1715 54 1718 v
113 1677 155 1729 eis
170 1674 296 1748 amplum
310 1668 543 1747 temporibusque
560 1671 746 1728 diuturnum?
761 1676 958 1752 Quaecunque
973 1676 1054 1728 enim
1067 1691 1144 1730 eausa

114 1766 160 1813 est
172 1757 234 1826 iila,
249 1757 350 1810 eadem
365 1765 409 1810 cst
421 1756 507 1814 etiam
525 1757 588 1810 ista.
615 1753 650 1810 Si
662 1765 759 1812 autem
774 1765 806 1812 ct
815 1741 886 1811 iliud
901 1755 1024 1811 deorum
1037 1756 1143 1812 adiuto-

113 1842 158 1896 rio
172 1838 358 1894 tribuendum
381 1855 444 1892 esso
467 1836 659 1908 contendunt,
683 1857 790 1913 quaero
816 1835 955 1914 quorum?
981 1838 1051 1896 Non
1074 1841 1143 1895 enim

114 1924 189 1978 aliae
203 1929 318 2017 gentes,
334 1937 405 1994 quas
419 1919 515 1974 Ninus
529 1919 639 1974 domuit
653 1930 682 1976 et
695 1921 820 1999 subegit,
847 1922 919 1977 aiios
932 1925 1003 1977 tune
1018 1923 1144 1977 colebant

115 2005 193 2060 dens
220 2003 313 2058 Aut'
290 2020 316 2064 ει
329 2002 460 2074 proprios
474 1997 638 2057 babuerunt
650 2003 775 2079 Assyrii,
790 2004 872 2081 quasi
884 2005 1042 2081 peritiores
1056 2005 1143 2060 fabros

115 2087 231 2159 imperii
223 2082 434 2141 'construendi
447 2094 532 2158 atquc
547 2085 699 2158 servandi,
727 2085 937 2162 numquidnam
949 2089 1059 2142 mortui
1073 2096 1143 2156 sunt,

115 2165 230 2242 quando
245 2175 275 2220 et
287 2166 343 2239 ipsi
355 2166 506 2238 imperium
520 2166 721 2240 perdiderunt,
735 2179 786 2224 aut
797 2168 929 2224 mercede
940 2187 1001 2225 non
1016 2170 1073 2224 sibi
1084 2168 1144 2224 rod-

115 2249 187 2320 dita,
214 2249 261 2303 vel
274 2249 332 2304 alia
345 2249 487 2321 promissa
500 2251 627 2322 maiore,
652 2251 688 2307 ad
708 2250 808 2308 Medos
827 2253 955 2307 transire
974 2253 1144 2322 nraiuerunt,

31 2331 32 2334 ’
115 2342 202 2406 atque
214 2325 283 2386 indo
297 2348 397 2386 rursus
411 2331 448 2387 ad
461 2331 581 2404 Persas,
609 2331 686 2408 Cyro
700 2335 845 2390 invitante
858 2343 888 2389 et
900 2333 1011 2408 aliquid
1025 2353 1144 2390 commo-

116 2414 180 2470 dius
194 2409 369 2488 pollicente?
397 2416 477 2480 Quae
492 2434 565 2492 gens
580 2434 639 2473 non
651 2417 784 2494 angustis
800 2416 931 2473 Orientis
945 2416 1066 2492 finibus,
1081 2424 1146 2490 post

115 2496 276 2565 Alexandri
290 2495 457 2553 Macedonis
471 2517 596 2574 regnum
611 2517 748 2576 inagnum
763 2501 855 2569 loeis,
872 2497 1146 2556 scd'.brevissimurn

115 2589 256 2653 tompore,
269 2580 301 2634 in
316 2597 368 2636 suo
381 2599 475 2658 regno
489 2580 581 2637 adhuc
595 2585 685 2656 usque
697 2581 844 2657 perdurat.
864 2580 928 2637 Hoe
941 2583 967 2637 si
981 2583 1023 2637 ita
1038 2592 1092 2652 est,
1103 2589 1146 2637 aut

60 2693 82 2710 ι·
115 2661 250 2719 infideles
264 2661 305 2718 dii
318 2671 397 2732 sunt,
423 2664 473 2737 qui
487 2681 553 2720 suos
568 2663 720 2733 deserunt,
747 2673 777 2720 et
800 2663 838 2720 ad
859 2662 957 2732 hostes
982 2673 1146 2734 transeunt;

115 2744 193 2820 quod
209 2761 262 2802 nee
276 2743 361 2801 homo
374 2745 445 2800 feeit
457 2744 607 2817 Cantibus,
622 2745 738 2822 quando
751 2749 845 2804 victor
858 2756 888 2802 et
900 2757 1087 2824 expugnator
1100 2747 1146 2803 ed·

113 2828 300 2883 versissimac
327 2827 465 2895 civitatis,
494 2827 626 2900 Ronram,
654 2831 700 2884 eui
726 2830 847 2901 vicerat,
861 2831 966 2896 'sensit
991 2828 1144 2908 ingratam,

114 2926 200 2983 quam
213 2917 310 2962 tamen
324 2919 424 2981 postea
436 2909 541 2966 obiitus
556 2913 692 2983 iniuriae,
705 2930 815 2969 memor
828 2913 932 2986 patria,
952 2931 969 2968 a
985 2912 1080 2968 Gallis
1094 2915 1145 2968 ite-

113 3008 178 3046 rum
192 2989 340 3045 liberarit:
356 3000 405 3046 arrt
418 3009 477 3047 non
492 2994 532 3049 ita
545 2994 635 3050 fortes
649 3003 727 3065 sunt,
742 3005 774 3051 ut
786 2995 855 3051 deos
870 3013 933 3052 csse
947 2995 1041 3050 fortes
1056 2995 1145 3065 decet,

33 3103 35 3120 ι
115 3074 163 3148 qui
178 3081 300 3147 possunt
312 3070 446 3130 humanis
459 3077 506 3130 vei
518 3078 649 3132 consiliis
663 3080 708 3134 vei
722 3078 833 3134 viribus
845 3079 935 3134 vinci.
963 3079 1034 3134 ¹hut
1046 3080 1072 3133 si
1085 3096 1147 3134 cum

113 3157 191 3211 inter
205 3172 236 3211 se
249 3154 439 3237 belligerant,
466 3175 525 3212 non
540 3157 581 3213 dii
594 3160 629 3214 ab
643 3159 821 3230 hominibus,
846 3161 896 3216 sed
910 3160 951 3215 dii
962 3161 998 3215 ab
1012 3162 1080 3216 aliis
1094 3159 1159 3216 ‹liir'

114 3239 190 3294 forte
203 3239 372 3307 vincuntur,
390 3239 439 3312 qui
453 3248 522 3294 sunt
533 3259 710 3317 quarumque
718 3244 833 3316 proprii
848 3245 1013 3313 civitatum
1041 3242 1148 3299 habent

58 3379 64 3384 ,
115 3339 186 3398 ergo
201 3330 230 3376 et
244 3321 300 3393 ipsi
313 3317 390 3375 inter
404 3339 434 3375 se
449 3322 633 3396 inimicitias,
653 3343 724 3399 quas
737 3344 820 3399 pro
799 3344 855 3380 sua
869 3327 990 3402 quisquc
1002 3336 1087 3399 parte
1101 3345 1146 3381 su-

114 3405 249 3478 scipiunt.
269 3401 342 3458 Non
369 3404 465 3478 itaquo
492 3403 641 3464 ‹icossuos
667 3407 765 3464 debuit
790 3410 886 3464 coiere
912 3408 1016 3464 civitas
1044 3410 1146 3486 stragis,

114 3505 199 3561 quam
213 3487 286 3542 aiios
299 3504 317 3542 a
330 3486 432 3560 quibus
447 3487 653 3545 adiuvarentur
667 3491 721 3545 sui.
753 3489 902 3548 Postremo
925 3507 1041 3564 quoquo
1064 3491 1147 3546 modo

114 3587 145 3623 so
158 3567 261 3625 habeat
274 3568 416 3624 deorum
408 3579 462 3624 rste
477 3573 522 3626 vei
536 3573 686 3643 transitus,
708 3574 755 3629 vei
769 3573 855 3651 iuga,
878 3575 925 3629 vei
938 3573 1089 3649 migratio,
1104 3575 1147 3630 rei

113 3651 251 3727 inpugna
261 3651 396 3722 deiectio,
409 3651 536 3708 nondum
547 3655 604 3708 iilis
592 3647 901 3731 “tenqroribusatqnc
893 3675 923 3712 nr
935 3657 993 3709 iilis
1005 3666 1147 3713 terrerum

114 3733 243 3806 partibus
257 3732 364 3790 Christi
380 3754 485 3801 nomen
500 3736 596 3792 iuerat
608 3738 821 3814 praedicatum,
847 3736 961 3813 quando
987 3739 1038 3794 illa
1057 3757 1149 3816 regna

113 3833 165 3890 per
177 3815 230 3893 ing
233 3825 313 3872 entes
329 3818 445 3874 bellicas
459 3819 555 3877 eladcs
573 3822 678 3878 amissa
699 3833 785 3899 atque
807 3823 946 3878 translata
965 3832 1043 3878 sunt.
1076 3823 1149 3878 Nam
