<?xml version="1.0" encoding="UTF-8"?>
<!DOCTYPE html PUBLIC "-//W3C//DTD XHTML 1.0 Transitional//EN"
    "http://www.w3.org/TR/xhtml1/DTD/xhtml1-transitional.dtd">
<html xmlns="http://www.w3.org/1999/xhtml" xml:lang="en" lang="en">
 <head>
  <title>
</title>
<meta http-equiv="Content-Type" content="text/html;charset=utf-8" />
  <meta name='ocr-system' content='tesseract 3.04.00' />
  <meta name='ocr-capabilities' content='ocr_page ocr_carea ocr_par ocr_line ocrx_word'/>
</head>
<body>
  <div class='ocr_page' id='page_1' title='image "./saureliiaugusti00augugoog/saureliiaugusti00augugoog_0590.png"; bbox 0 0 2310 4306; ppageno 0'>
   <div class='ocr_carea' id='block_1_1' title="bbox 124 173 923 263">
    <p class='ocr_par' dir='ltr' id='par_1_1' title="bbox 124 161 923 272">
     <span class='ocr_line' id='line_1_1' title="bbox 124 173 923 263; baseline -0.008 -1"><span class='ocrx_word' id='word_1_1' title='bbox 124 209 180 263; x_wconf 85' lang='lat' dir='ltr'>no</span> <span class='ocrx_word' id='word_1_2' title='bbox 250 173 257 178; x_wconf 71' lang='grc'><strong>’</strong></span> <span class='ocrx_word' id='word_1_3' title='bbox 323 200 445 262; x_wconf 44' lang='lat' dir='ltr'>‘nnn</span> <span class='ocrx_word' id='word_1_4' title='bbox 468 201 653 261; x_wconf 70' lang='lat' dir='ltr'>manen</span> <span class='ocrx_word' id='word_1_5' title='bbox 678 191 923 260; x_wconf 76' lang='lat' dir='ltr'>avcusrrm</span> 
     </span>
    </p>
   </div>
   <div class='ocr_carea' id='block_1_2' title="bbox 40 351 1142 1246">
    <p class='ocr_par' dir='ltr' id='par_1_2' title="bbox 40 351 1142 1246">
     <span class='ocr_line' id='line_1_2' title="bbox 122 351 1142 428; baseline -0.008 -17"><span class='ocrx_word' id='word_1_6' title='bbox 122 355 157 412; x_wconf 94' lang='lat' dir='ltr'>ad</span> <span class='ocrx_word' id='word_1_7' title='bbox 171 361 293 419; x_wconf 88' lang='lat' dir='ltr'>mortem</span> <span class='ocrx_word' id='word_1_8' title='bbox 309 351 376 409; x_wconf 87' lang='lat' dir='ltr'>lesu</span> <span class='ocrx_word' id='word_1_9' title='bbox 390 351 488 423; x_wconf 82' lang='lat' dir='ltr'>Nave,</span> <span class='ocrx_word' id='word_1_10' title='bbox 505 359 564 427; x_wconf 87' lang='lat' dir='ltr'>&#39;per</span> <span class='ocrx_word' id='word_1_11' title='bbox 581 371 665 427; x_wconf 87' lang='lat' dir='ltr'>quem</span> <span class='ocrx_word' id='word_1_12' title='bbox 683 354 808 428; x_wconf 87' lang='lat' dir='ltr'>populus</span> <span class='ocrx_word' id='word_1_13' title='bbox 829 351 905 406; x_wconf 90' lang='lat' dir='ltr'>idem</span> <span class='ocrx_word' id='word_1_14' title='bbox 922 359 1009 405; x_wconf 87' lang='lat' dir='ltr'>terram</span> <span class='ocrx_word' id='word_1_15' title='bbox 1022 354 1087 422; x_wconf 69' lang='lat' dir='ltr'>repro-l</span> <span class='ocrx_word' id='word_1_16' title='bbox 1137 351 1142 388; x_wconf 73' lang='lat'>²</span> 
     </span>
     <span class='ocr_line' id='line_1_3' title="bbox 121 431 1083 510; baseline -0.006 -18"><span class='ocrx_word' id='word_1_17' title='bbox 121 438 271 492; x_wconf 73' lang='lat' dir='ltr'>missionis</span> <span class='ocrx_word' id='word_1_18' title='bbox 284 437 406 510; x_wconf 92' lang='lat' dir='ltr'>accepit,</span> <span class='ocrx_word' id='word_1_19' title='bbox 420 453 502 492; x_wconf 88' lang='lat' dir='ltr'>sacra</span> <span class='ocrx_word' id='word_1_20' title='bbox 515 438 731 492; x_wconf 40' lang='lat' dir='ltr'>suntwinstituta</span> <span class='ocrx_word' id='word_1_21' title='bbox 744 436 801 490; x_wconf 91' lang='lat' dir='ltr'>diis</span> <span class='ocrx_word' id='word_1_22' title='bbox 815 431 1083 508; x_wconf 75' lang='lat' dir='ltr'>salsisaregibusdae</span> 
     </span>
     <span class='ocr_line' id='line_1_4' title="bbox 122 512 1133 594; baseline -0.007 -20"><span class='ocrx_word' id='word_1_23' title='bbox 122 521 201 589; x_wconf 88' lang='lat' dir='ltr'>ciac,</span> <span class='ocrx_word' id='word_1_24' title='bbox 227 535 299 594; x_wconf 88' lang='lat' dir='ltr'>quae</span> <span class='ocrx_word' id='word_1_25' title='bbox 311 519 479 573; x_wconf 80' lang='lat' dir='ltr'>memoriam</span> <span class='ocrx_word' id='word_1_26' title='bbox 497 517 617 589; x_wconf 82' lang='lat' dir='ltr'>diluvii,</span> <span class='ocrx_word' id='word_1_27' title='bbox 644 528 673 574; x_wconf 90' lang='lat' dir='ltr'>et</span> <span class='ocrx_word' id='word_1_28' title='bbox 686 519 720 572; x_wconf 91' lang='lat' dir='ltr'>ab</span> <span class='ocrx_word' id='word_1_29' title='bbox 735 535 770 572; x_wconf 91' lang='lat' dir='ltr'>eo</span> <span class='ocrx_word' id='word_1_30' title='bbox 791 516 966 571; x_wconf 80' lang='lat' dir='ltr'>liberationis</span> <span class='ocrx_word' id='word_1_31' title='bbox 981 512 1089 580; x_wconf 67' lang='lat' dir='ltr'>henricus-,⁸³</span> <span class='ocrx_word' id='word_1_32' title='bbox 1118 513 1133 552; x_wconf 59' lang='grc' dir='ltr'>ί</span> 
     </span>
     <span class='ocr_line' id='line_1_5' title="bbox 121 593 1131 675; baseline -0.01 -18"><span class='ocrx_word' id='word_1_33' title='bbox 121 603 260 675; x_wconf 85' lang='lat' dir='ltr'>vitaeque</span> <span class='ocrx_word' id='word_1_34' title='bbox 283 609 354 654; x_wconf 91' lang='lat' dir='ltr'>tunc</span> <span class='ocrx_word' id='word_1_35' title='bbox 376 616 566 672; x_wconf 85' lang='lat' dir='ltr'>aerumnosae</span> <span class='ocrx_word' id='word_1_36' title='bbox 587 593 672 655; x_wconf 90' lang='lat' dir='ltr'>modo</span> <span class='ocrx_word' id='word_1_37' title='bbox 692 599 728 654; x_wconf 90' lang='lat' dir='ltr'>ad</span> <span class='ocrx_word' id='word_1_38' title='bbox 747 601 824 669; x_wconf 84' lang='lat' dir='ltr'>alta,</span> <span class='ocrx_word' id='word_1_39' title='bbox 851 598 933 653; x_wconf 93' lang='lat' dir='ltr'>modo</span> <span class='ocrx_word' id='word_1_40' title='bbox 945 593 1090 668; x_wconf 68' lang='lat' dir='ltr'>adplamni‘</span> <span class='ocrx_word' id='word_1_41' title='bbox 1111 607 1131 629; x_wconf 60' lang='lat'>²*</span> 
     </span>
     <span class='ocr_line' id='line_1_6' title="bbox 71 661 1142 762; baseline -0.007 -23"><span class='ocrx_word' id='word_1_42' title='bbox 71 745 77 752; x_wconf 26' lang='lat'>⁸</span> <span class='ocrx_word' id='word_1_43' title='bbox 122 684 283 762; x_wconf 88' lang='lat' dir='ltr'>grantium,</span> <span class='ocrx_word' id='word_1_44' title='bbox 298 682 425 737; x_wconf 85' lang='lat' dir='ltr'>sollenni</span> <span class='ocrx_word' id='word_1_45' title='bbox 440 681 607 739; x_wconf 79' lang='lat' dir='ltr'>celebritate</span> <span class='ocrx_word' id='word_1_46' title='bbox 620 687 805 738; x_wconf 82' lang='lat' dir='ltr'>revocarunt.</span> <span class='ocrx_word' id='word_1_47' title='bbox 828 679 902 737; x_wconf 88' lang='lat' dir='ltr'>Nam</span> <span class='ocrx_word' id='word_1_48' title='bbox 914 689 943 734; x_wconf 88' lang='lat' dir='ltr'>et</span> <span class='ocrx_word' id='word_1_49' title='bbox 956 670 1068 752; x_wconf 69' lang='lat' dir='ltr'>luperco</span> <span class='ocrx_word' id='word_1_50' title='bbox 1089 707 1090 710; x_wconf 33' lang='lat'>¹</span> <span class='ocrx_word' id='word_1_51' title='bbox 1113 661 1142 756; x_wconf 26' lang='lat' dir='ltr'>&#39;ni</span> 
     </span>
     <span class='ocr_line' id='line_1_7' title="bbox 122 763 1140 840; baseline -0.008 -18"><span class='ocrx_word' id='word_1_52' title='bbox 122 784 175 840; x_wconf 88' lang='lat' dir='ltr'>per</span> <span class='ocrx_word' id='word_1_53' title='bbox 190 782 302 820; x_wconf 84' lang='lat' dir='ltr'>sacram</span> <span class='ocrx_word' id='word_1_54' title='bbox 315 765 393 820; x_wconf 86' lang='lat' dir='ltr'>viam</span> <span class='ocrx_word' id='word_1_55' title='bbox 405 763 579 822; x_wconf 73' lang='lat' dir='ltr'>adscensum</span> <span class='ocrx_word' id='word_1_56' title='bbox 595 775 683 838; x_wconf 88' lang='lat' dir='ltr'>atque</span> <span class='ocrx_word' id='word_1_57' title='bbox 704 763 878 822; x_wconf 73' lang='lat' dir='ltr'>descensum</span> <span class='ocrx_word' id='word_1_58' title='bbox 896 763 938 817; x_wconf 88' lang='lat' dir='ltr'>sic</span> <span class='ocrx_word' id='word_1_59' title='bbox 956 763 1034 833; x_wconf 87' lang='lat' dir='ltr'>interp</span> <span class='ocrx_word' id='word_1_60' title='bbox 1050 762 1093 805; x_wconf 56' lang='grc' dir='ltr'>ων(</span> <span class='ocrx_word' id='word_1_61' title='bbox 1122 770 1140 793; x_wconf 52' lang='lat'>&#39;³</span> 
     </span>
     <span class='ocr_line' id='line_1_8' title="bbox 123 831 1142 930; baseline -0.008 -27"><span class='ocrx_word' id='word_1_62' title='bbox 123 858 184 918; x_wconf 88' lang='lat' dir='ltr'>tur,</span> <span class='ocrx_word' id='word_1_63' title='bbox 198 856 233 902; x_wconf 92' lang='lat' dir='ltr'>ut</span> <span class='ocrx_word' id='word_1_64' title='bbox 245 845 280 901; x_wconf 90' lang='lat' dir='ltr'>ab</span> <span class='ocrx_word' id='word_1_65' title='bbox 294 847 336 901; x_wconf 89' lang='lat' dir='ltr'>cis</span> <span class='ocrx_word' id='word_1_66' title='bbox 349 845 513 924; x_wconf 72' lang='lat' dir='ltr'>significari</span> <span class='ocrx_word' id='word_1_67' title='bbox 526 846 626 903; x_wconf 88' lang='lat' dir='ltr'>dicant</span> <span class='ocrx_word' id='word_1_68' title='bbox 639 845 788 916; x_wconf 90' lang='lat' dir='ltr'>homines,</span> <span class='ocrx_word' id='word_1_69' title='bbox 812 847 862 930; x_wconf 69' lang='lat' dir='ltr'>(pui</span> <span class='ocrx_word' id='word_1_70' title='bbox 874 853 986 919; x_wconf 85' lang='lat' dir='ltr'>propter</span> <span class='ocrx_word' id='word_1_71' title='bbox 997 839 1087 916; x_wconf 77' lang='lat' dir='ltr'>aquat&#39;</span> <span class='ocrx_word' id='word_1_72' title='bbox 1112 831 1142 881; x_wconf 77' lang='lat'>&#39;¹¹</span> 
     </span>
     <span class='ocr_line' id='line_1_9' title="bbox 40 923 1073 1001; baseline -0.008 -16"><span class='ocrx_word' id='word_1_73' title='bbox 40 931 45 934; x_wconf 81' lang='grc'><strong>’</strong></span> <span class='ocrx_word' id='word_1_74' title='bbox 65 967 69 975; x_wconf 88' lang='grc'>-</span> <span class='ocrx_word' id='word_1_75' title='bbox 125 928 324 997; x_wconf 88' lang='lat' dir='ltr'>undationem,</span> <span class='ocrx_word' id='word_1_76' title='bbox 339 944 451 982; x_wconf 88' lang='lat' dir='ltr'>summa</span> <span class='ocrx_word' id='word_1_77' title='bbox 463 929 605 983; x_wconf 89' lang='lat' dir='ltr'>montium</span> <span class='ocrx_word' id='word_1_78' title='bbox 618 929 798 1001; x_wconf 84' lang='lat' dir='ltr'>petiverunt,</span> <span class='ocrx_word' id='word_1_79' title='bbox 814 936 844 980; x_wconf 91' lang='lat' dir='ltr'>ct</span> <span class='ocrx_word' id='word_1_80' title='bbox 857 943 956 982; x_wconf 88' lang='lat' dir='ltr'>rursus</span> <span class='ocrx_word' id='word_1_81' title='bbox 969 923 1049 979; x_wconf 78' lang='lat' dir='ltr'>eaden</span> <span class='ocrx_word' id='word_1_82' title='bbox 1068 952 1073 967; x_wconf 80' lang='lat'>.</span> 
     </span>
     <span class='ocr_line' id='line_1_10' title="bbox 125 1007 1133 1081; baseline -0.008 -15"><span class='ocrx_word' id='word_1_83' title='bbox 125 1011 213 1066; x_wconf 90' lang='lat' dir='ltr'>dente</span> <span class='ocrx_word' id='word_1_84' title='bbox 226 1008 262 1064; x_wconf 90' lang='lat' dir='ltr'>ad</span> <span class='ocrx_word' id='word_1_85' title='bbox 275 1011 332 1064; x_wconf 89' lang='lat' dir='ltr'>ima</span> <span class='ocrx_word' id='word_1_86' title='bbox 345 1007 505 1064; x_wconf 89' lang='lat' dir='ltr'>redierunt.</span> <span class='ocrx_word' id='word_1_87' title='bbox 525 1007 582 1064; x_wconf 85' lang='lat' dir='ltr'>His</span> <span class='ocrx_word' id='word_1_88' title='bbox 597 1010 773 1080; x_wconf 82' lang='lat' dir='ltr'>temporibus</span> <span class='ocrx_word' id='word_1_89' title='bbox 784 1008 978 1081; x_wconf 80' lang='lat' dir='ltr'>Dionysium,</span> <span class='ocrx_word' id='word_1_90' title='bbox 1000 1007 1041 1078; x_wconf 82' lang='lat' dir='ltr'>qui</span> <span class='ocrx_word' id='word_1_91' title='bbox 1125 1026 1133 1041; x_wconf 28' lang='grc' dir='ltr'><strong><em>ἢ</em></strong></span> 
     </span>
     <span class='ocr_line' id='line_1_11' title="bbox 49 1081 1142 1164; baseline -0.01 -15"><span class='ocrx_word' id='word_1_92' title='bbox 49 1121 51 1130; x_wconf 49' lang='lat'>¹</span> <span class='ocrx_word' id='word_1_93' title='bbox 124 1091 212 1148; x_wconf 85' lang='lat' dir='ltr'>Liber</span> <span class='ocrx_word' id='word_1_94' title='bbox 230 1089 424 1163; x_wconf 76' lang='lat' dir='ltr'>patordictus</span> <span class='ocrx_word' id='word_1_95' title='bbox 449 1099 509 1160; x_wconf 86' lang='lat' dir='ltr'>est,</span> <span class='ocrx_word' id='word_1_96' title='bbox 535 1100 565 1145; x_wconf 92' lang='lat' dir='ltr'>ct</span> <span class='ocrx_word' id='word_1_97' title='bbox 586 1099 653 1164; x_wconf 89' lang='lat' dir='ltr'>post</span> <span class='ocrx_word' id='word_1_98' title='bbox 676 1100 800 1145; x_wconf 89' lang='lat' dir='ltr'>mortem</span> <span class='ocrx_word' id='word_1_99' title='bbox 826 1090 897 1144; x_wconf 91' lang='lat' dir='ltr'>deus</span> <span class='ocrx_word' id='word_1_100' title='bbox 918 1081 1031 1155; x_wconf 77' lang='lat' dir='ltr'>habitus,</span> <span class='ocrx_word' id='word_1_101' title='bbox 1049 1086 1083 1140; x_wconf 86' lang='lat' dir='ltr'>ri</span> <span class='ocrx_word' id='word_1_102' title='bbox 1133 1081 1142 1121; x_wconf 78' lang='lat' dir='ltr'>J</span> 
     </span>
     <span class='ocr_line' id='line_1_12' title="bbox 97 1163 1127 1246; baseline -0.008 -17"><span class='ocrx_word' id='word_1_103' title='bbox 97 1217 100 1220; x_wconf 84' lang='lat'>.</span> <span class='ocrx_word' id='word_1_104' title='bbox 125 1173 224 1229; x_wconf 82' lang='lat' dir='ltr'>lerunt</span> <span class='ocrx_word' id='word_1_105' title='bbox 247 1171 409 1228; x_wconf 80' lang='lat' dir='ltr'>ostendisse</span> <span class='ocrx_word' id='word_1_106' title='bbox 433 1171 465 1228; x_wconf 92' lang='lat' dir='ltr'>in</span> <span class='ocrx_word' id='word_1_107' title='bbox 482 1172 581 1228; x_wconf 81' lang='lat' dir='ltr'>Attica</span> <span class='ocrx_word' id='word_1_108' title='bbox 599 1180 678 1228; x_wconf 86' lang='lat' dir='ltr'>terra</span> <span class='ocrx_word' id='word_1_109' title='bbox 696 1169 806 1246; x_wconf 79' lang='lat' dir='ltr'>hospiti</span> <span class='ocrx_word' id='word_1_110' title='bbox 830 1189 894 1236; x_wconf 88' lang='lat' dir='ltr'>suo.</span> <span class='ocrx_word' id='word_1_111' title='bbox 930 1169 1009 1225; x_wconf 92' lang='lat' dir='ltr'>Tunc</span> <span class='ocrx_word' id='word_1_112' title='bbox 1024 1163 1089 1240; x_wconf 71' lang='lat' dir='ltr'>lpo‘</span> <span class='ocrx_word' id='word_1_113' title='bbox 1123 1200 1127 1205; x_wconf 71' lang='grc'><em>»</em></span> 
     </span>
    </p>
   </div>
   <div class='ocr_carea' id='block_1_3' title="bbox 43 1320 1142 3882">
    <p class='ocr_par' dir='ltr' id='par_1_3' title="bbox 43 1320 1142 1572">
     <span class='ocr_line' id='line_1_13' title="bbox 43 1320 1142 1412; baseline -0.006 -20"><span class='ocrx_word' id='word_1_114' title='bbox 43 1398 56 1410; x_wconf 32' lang='lat' dir='ltr'><em>l</em></span> <span class='ocrx_word' id='word_1_115' title='bbox 126 1329 404 1412; x_wconf 77' lang='lat' dir='ltr'>putabantalllietas</span> <span class='ocrx_word' id='word_1_116' title='bbox 418 1353 483 1390; x_wconf 91' lang='lat' dir='ltr'>esse</span> <span class='ocrx_word' id='word_1_117' title='bbox 499 1337 654 1392; x_wconf 84' lang='lat' dir='ltr'>sterilitate</span> <span class='ocrx_word' id='word_1_118' title='bbox 669 1329 809 1392; x_wconf 75' lang='lat' dir='ltr'>Graeciae</span> <span class='ocrx_word' id='word_1_119' title='bbox 826 1336 981 1412; x_wconf 78' lang='lat' dir='ltr'>regiones,</span> <span class='ocrx_word' id='word_1_120' title='bbox 1005 1333 1058 1406; x_wconf 81' lang='lat' dir='ltr'>quis</span> <span class='ocrx_word' id='word_1_121' title='bbox 1091 1335 1098 1399; x_wconf 40' lang='lat' dir='ltr'>g</span> <span class='ocrx_word' id='word_1_122' title='bbox 1135 1320 1142 1396; x_wconf 68' lang='lat' dir='ltr'>i</span> 
     </span>
     <span class='ocr_line' id='line_1_14' title="bbox 53 1411 1127 1493; baseline -0.006 -19"><span class='ocrx_word' id='word_1_123' title='bbox 53 1425 54 1428; x_wconf 75' lang='grc'>’</span> <span class='ocrx_word' id='word_1_124' title='bbox 127 1418 313 1474; x_wconf 81' lang='lat' dir='ltr'>defenderint</span> <span class='ocrx_word' id='word_1_125' title='bbox 324 1418 463 1491; x_wconf 90' lang='lat' dir='ltr'>templum</span> <span class='ocrx_word' id='word_1_126' title='bbox 476 1420 549 1489; x_wconf 89' lang='lat' dir='ltr'>eius,</span> <span class='ocrx_word' id='word_1_127' title='bbox 572 1411 649 1493; x_wconf 88' lang='lat' dir='ltr'>quod</span> <span class='ocrx_word' id='word_1_128' title='bbox 665 1435 719 1473; x_wconf 84' lang='lat' dir='ltr'>rex</span> <span class='ocrx_word' id='word_1_129' title='bbox 732 1417 867 1487; x_wconf 87' lang='lat' dir='ltr'>Danaus,</span> <span class='ocrx_word' id='word_1_130' title='bbox 889 1435 957 1472; x_wconf 91' lang='lat' dir='ltr'>eum</span> <span class='ocrx_word' id='word_1_131' title='bbox 971 1414 1066 1472; x_wconf 82' lang='lat' dir='ltr'>eosdem</span> <span class='ocrx_word' id='word_1_132' title='bbox 1125 1434 1127 1439; x_wconf 69' lang='grc'><em>’</em></span> 
     </span>
     <span class='ocr_line' id='line_1_15' title="bbox 127 1499 1142 1572; baseline -0.005 -17"><span class='ocrx_word' id='word_1_133' title='bbox 127 1519 173 1556; x_wconf 86' lang='lat' dir='ltr'>ras</span> <span class='ocrx_word' id='word_1_134' title='bbox 187 1501 263 1556; x_wconf 91' lang='lat' dir='ltr'>bello</span> <span class='ocrx_word' id='word_1_135' title='bbox 277 1501 443 1569; x_wconf 86' lang='lat' dir='ltr'>invasisset,</span> <span class='ocrx_word' id='word_1_136' title='bbox 457 1500 597 1556; x_wconf 87' lang='lat' dir='ltr'>incendit.</span> <span class='ocrx_word' id='word_1_137' title='bbox 628 1499 697 1572; x_wconf 25' lang='lat' dir='ltr'>Hos·</span> <span class='ocrx_word' id='word_1_138' title='bbox 706 1509 802 1555; x_wconf 89' lang='lat' dir='ltr'>autem</span> <span class='ocrx_word' id='word_1_139' title='bbox 813 1499 897 1554; x_wconf 91' lang='lat' dir='ltr'>ludos</span> <span class='ocrx_word' id='word_1_140' title='bbox 912 1509 945 1554; x_wconf 91' lang='lat' dir='ltr'>ut</span> <span class='ocrx_word' id='word_1_141' title='bbox 960 1500 1063 1554; x_wconf 87' lang='lat' dir='ltr'>institue</span> <span class='ocrx_word' id='word_1_142' title='bbox 1091 1502 1102 1535; x_wconf 55' lang='grc' dir='ltr'>ν’</span> <span class='ocrx_word' id='word_1_143' title='bbox 1127 1505 1142 1544; x_wconf 72' lang='lat'>⁵</span> 
     </span>
    </p>

    <p class='ocr_par' dir='ltr' id='par_1_4' title="bbox 126 1577 1142 1904">
     <span class='ocr_line' id='line_1_16' title="bbox 126 1577 1100 1650; baseline -0.008 -12"><span class='ocrx_word' id='word_1_144' title='bbox 126 1585 245 1639; x_wconf 88' lang='lat' dir='ltr'>oraculo</span> <span class='ocrx_word' id='word_1_145' title='bbox 260 1591 330 1638; x_wconf 89' lang='lat' dir='ltr'>sunt</span> <span class='ocrx_word' id='word_1_146' title='bbox 342 1583 406 1636; x_wconf 90' lang='lat' dir='ltr'>eiua</span> <span class='ocrx_word' id='word_1_147' title='bbox 420 1581 571 1638; x_wconf 81' lang='lat' dir='ltr'>admoniti.</span> <span class='ocrx_word' id='word_1_148' title='bbox 599 1579 632 1637; x_wconf 92' lang='lat' dir='ltr'>ln</span> <span class='ocrx_word' id='word_1_149' title='bbox 645 1583 742 1639; x_wconf 77' lang='lat' dir='ltr'>Attica</span> <span class='ocrx_word' id='word_1_150' title='bbox 755 1599 826 1639; x_wconf 76' lang='lat' dir='ltr'>,vero</span> <span class='ocrx_word' id='word_1_151' title='bbox 840 1577 897 1636; x_wconf 82' lang='lat' dir='ltr'>rex</span> <span class='ocrx_word' id='word_1_152' title='bbox 909 1578 1085 1636; x_wconf 80' lang='lat' dir='ltr'>Erichthonius</span> <span class='ocrx_word' id='word_1_153' title='bbox 1099 1647 1100 1650; x_wconf 7' lang='grc' dir='ltr'><strong>Ἴ</strong></span> 
     </span>
     <span class='ocr_line' id='line_1_17' title="bbox 127 1663 1139 1739; baseline -0.008 -17"><span class='ocrx_word' id='word_1_154' title='bbox 127 1667 211 1722; x_wconf 91' lang='lat' dir='ltr'>ludos</span> <span class='ocrx_word' id='word_1_155' title='bbox 225 1667 334 1739; x_wconf 86' lang='lat' dir='ltr'>primas</span> <span class='ocrx_word' id='word_1_156' title='bbox 347 1665 491 1720; x_wconf 90' lang='lat' dir='ltr'>instituit:</span> <span class='ocrx_word' id='word_1_157' title='bbox 510 1683 566 1720; x_wconf 89' lang='lat' dir='ltr'>nec</span> <span class='ocrx_word' id='word_1_158' title='bbox 579 1667 607 1721; x_wconf 88' lang='lat' dir='ltr'>ei</span> <span class='ocrx_word' id='word_1_159' title='bbox 617 1674 746 1733; x_wconf 89' lang='lat' dir='ltr'>tantum,</span> <span class='ocrx_word' id='word_1_160' title='bbox 760 1663 812 1718; x_wconf 85' lang='lat' dir='ltr'>scd</span> <span class='ocrx_word' id='word_1_161' title='bbox 825 1665 915 1719; x_wconf 89' lang='lat' dir='ltr'>etiam</span> <span class='ocrx_word' id='word_1_162' title='bbox 927 1663 1073 1728; x_wconf 76' lang='lat' dir='ltr'>Minervae,</span> <span class='ocrx_word' id='word_1_163' title='bbox 1090 1666 1098 1703; x_wconf 66' lang='lat' dir='ltr'>t</span> <span class='ocrx_word' id='word_1_164' title='bbox 1131 1692 1139 1701; x_wconf 46' lang='grc' dir='ltr'><em>ν</em></span> 
     </span>
     <span class='ocr_line' id='line_1_18' title="bbox 127 1743 1132 1823; baseline -0.008 -19"><span class='ocrx_word' id='word_1_165' title='bbox 127 1750 287 1823; x_wconf 87' lang='lat' dir='ltr'>praemium</span> <span class='ocrx_word' id='word_1_166' title='bbox 299 1747 463 1803; x_wconf 85' lang='lat' dir='ltr'>victoribus</span> <span class='ocrx_word' id='word_1_167' title='bbox 473 1747 568 1802; x_wconf 89' lang='lat' dir='ltr'>oleum</span> <span class='ocrx_word' id='word_1_168' title='bbox 578 1747 751 1820; x_wconf 89' lang='lat' dir='ltr'>ponebatur,</span> <span class='ocrx_word' id='word_1_169' title='bbox 764 1746 841 1820; x_wconf 88' lang='lat' dir='ltr'>quod</span> <span class='ocrx_word' id='word_1_170' title='bbox 856 1747 920 1820; x_wconf 83' lang='lat' dir='ltr'>eius</span> <span class='ocrx_word' id='word_1_171' title='bbox 934 1743 1070 1801; x_wconf 80' lang='lat' dir='ltr'>fructusin</span> <span class='ocrx_word' id='word_1_172' title='bbox 1085 1776 1088 1783; x_wconf 89' lang='lat'>·</span> <span class='ocrx_word' id='word_1_173' title='bbox 1131 1764 1132 1771; x_wconf 50' lang='lat'>¹</span> 
     </span>
     <span class='ocr_line' id='line_1_19' title="bbox 126 1822 1142 1904; baseline -0.008 -18"><span class='ocrx_word' id='word_1_174' title='bbox 126 1833 231 1886; x_wconf 86' lang='lat' dir='ltr'>tricem</span> <span class='ocrx_word' id='word_1_175' title='bbox 245 1829 423 1896; x_wconf 80' lang='lat' dir='ltr'>Minervam,</span> <span class='ocrx_word' id='word_1_176' title='bbox 448 1830 526 1884; x_wconf 86' lang='lat' dir='ltr'>sieut</span> <span class='ocrx_word' id='word_1_177' title='bbox 542 1831 605 1886; x_wconf 83' lang='lat' dir='ltr'>vini</span> <span class='ocrx_word' id='word_1_178' title='bbox 619 1829 752 1904; x_wconf 85' lang='lat' dir='ltr'>Liberum</span> <span class='ocrx_word' id='word_1_179' title='bbox 768 1828 899 1884; x_wconf 71' lang='lat' dir='ltr'>madunt.</span> <span class='ocrx_word' id='word_1_180' title='bbox 934 1826 991 1883; x_wconf 89' lang='lat' dir='ltr'>Per</span> <span class='ocrx_word' id='word_1_181' title='bbox 1004 1843 1091 1882; x_wconf 50' lang='lat' dir='ltr'>cossas¹</span> <span class='ocrx_word' id='word_1_182' title='bbox 1135 1879 1142 1890; x_wconf 79' lang='grc'><em>,</em></span> 
     </span>
    </p>

    <p class='ocr_par' dir='ltr' id='par_1_5' title="bbox 63 1909 1108 1990">
     <span class='ocr_line' id='line_1_20' title="bbox 63 1909 1108 1990; baseline -0.007 -22"><span class='ocrx_word' id='word_1_183' title='bbox 63 1955 65 1958; x_wconf 88' lang='grc'>-</span> <span class='ocrx_word' id='word_1_184' title='bbox 128 1930 146 1968; x_wconf 90' lang='lat' dir='ltr'>a</span> <span class='ocrx_word' id='word_1_185' title='bbox 159 1931 231 1990; x_wconf 86' lang='lat' dir='ltr'>rege</span> <span class='ocrx_word' id='word_1_186' title='bbox 243 1910 365 1968; x_wconf 87' lang='lat' dir='ltr'>Xantho</span> <span class='ocrx_word' id='word_1_187' title='bbox 379 1909 575 1980; x_wconf 84' lang='lat' dir='ltr'>Cretensium,</span> <span class='ocrx_word' id='word_1_188' title='bbox 589 1915 673 1967; x_wconf 86' lang='lat' dir='ltr'>cuius</span> <span class='ocrx_word' id='word_1_189' title='bbox 683 1910 762 1986; x_wconf 84' lang='lat' dir='ltr'>apud</span> <span class='ocrx_word' id='word_1_190' title='bbox 772 1913 850 1965; x_wconf 84' lang='lat' dir='ltr'>alios</span> <span class='ocrx_word' id='word_1_191' title='bbox 865 1909 947 1966; x_wconf 90' lang='lat' dir='ltr'>aliud</span> <span class='ocrx_word' id='word_1_192' title='bbox 961 1927 1053 1966; x_wconf 89' lang='lat' dir='ltr'>nomen</span> <span class='ocrx_word' id='word_1_193' title='bbox 1064 1909 1108 1961; x_wconf 72' lang='lat' dir='ltr'>ins</span> 
     </span>
    </p>

    <p class='ocr_par' dir='ltr' id='par_1_6' title="bbox 129 1986 1141 2153">
     <span class='ocr_line' id='line_1_21' title="bbox 130 1986 1111 2070; baseline -0.003 -20"><span class='ocrx_word' id='word_1_194' title='bbox 130 1997 238 2068; x_wconf 79' lang='lat' dir='ltr'>nunus,</span> <span class='ocrx_word' id='word_1_195' title='bbox 250 2004 334 2068; x_wconf 85' lang='lat' dir='ltr'>rapta</span> <span class='ocrx_word' id='word_1_196' title='bbox 347 1991 513 2067; x_wconf 87' lang='lat' dir='ltr'>perhibetur</span> <span class='ocrx_word' id='word_1_197' title='bbox 524 1993 655 2068; x_wconf 85' lang='lat' dir='ltr'>Europe,</span> <span class='ocrx_word' id='word_1_198' title='bbox 679 2003 709 2050; x_wconf 90' lang='lat' dir='ltr'>ct</span> <span class='ocrx_word' id='word_1_199' title='bbox 721 1993 789 2048; x_wconf 91' lang='lat' dir='ltr'>inde</span> <span class='ocrx_word' id='word_1_200' title='bbox 802 1994 898 2070; x_wconf 86' lang='lat' dir='ltr'>geniti</span> <span class='ocrx_word' id='word_1_201' title='bbox 913 1986 1086 2048; x_wconf 83' lang='lat' dir='ltr'>Rhadamanti</span> <span class='ocrx_word' id='word_1_202' title='bbox 1107 2016 1111 2047; x_wconf 67' lang='grc' dir='ltr'>ε</span> 
     </span>
     <span class='ocr_line' id='line_1_22' title="bbox 129 2069 1141 2153; baseline -0.01 -17"><span class='ocrx_word' id='word_1_203' title='bbox 129 2076 296 2152; x_wconf 83' lang='lat' dir='ltr'>Sarpedon,</span> <span class='ocrx_word' id='word_1_204' title='bbox 320 2085 350 2131; x_wconf 91' lang='lat' dir='ltr'>et</span> <span class='ocrx_word' id='word_1_205' title='bbox 361 2075 475 2145; x_wconf 90' lang='lat' dir='ltr'>Minos,</span> <span class='ocrx_word' id='word_1_206' title='bbox 500 2069 572 2148; x_wconf 88' lang='lat' dir='ltr'>quos</span> <span class='ocrx_word' id='word_1_207' title='bbox 585 2079 678 2153; x_wconf 89' lang='lat' dir='ltr'>magis</span> <span class='ocrx_word' id='word_1_208' title='bbox 692 2071 731 2130; x_wconf 65' lang='lat' dir='ltr'>ex&#39;</span> <span class='ocrx_word' id='word_1_209' title='bbox 744 2075 844 2132; x_wconf 87' lang='lat' dir='ltr'>eadem</span> <span class='ocrx_word' id='word_1_210' title='bbox 858 2077 983 2131; x_wconf 84' lang='lat' dir='ltr'>muliere</span> <span class='ocrx_word' id='word_1_211' title='bbox 996 2074 1061 2131; x_wconf 89' lang='lat' dir='ltr'>filios</span> <span class='ocrx_word' id='word_1_212' title='bbox 1070 2070 1097 2125; x_wconf 44' lang='lat' dir='ltr'>l*</span> <span class='ocrx_word' id='word_1_213' title='bbox 1136 2109 1141 2119; x_wconf 67' lang='grc'><strong>«</strong></span> 
     </span>
    </p>

    <p class='ocr_par' dir='ltr' id='par_1_7' title="bbox 129 2147 1109 2234">
     <span class='ocr_line' id='line_1_23' title="bbox 129 2147 1102 2234; baseline 0 -20"><span class='ocrx_word' id='word_1_214' title='bbox 129 2179 194 2216; x_wconf 89' lang='lat' dir='ltr'>esse</span> <span class='ocrx_word' id='word_1_215' title='bbox 206 2160 358 2234; x_wconf 80' lang='lat' dir='ltr'>vulgatum</span> <span class='ocrx_word' id='word_1_216' title='bbox 372 2169 426 2213; x_wconf 88' lang='lat' dir='ltr'>est.</span> <span class='ocrx_word' id='word_1_217' title='bbox 451 2147 516 2214; x_wconf 37' lang='lat' dir='ltr'>1de</span> <span class='ocrx_word' id='word_1_218' title='bbox 535 2160 637 2213; x_wconf 89' lang='lat' dir='ltr'>talium</span> <span class='ocrx_word' id='word_1_219' title='bbox 656 2158 776 2213; x_wconf 85' lang='lat' dir='ltr'>deorum</span> <span class='ocrx_word' id='word_1_220' title='bbox 794 2160 924 2214; x_wconf 89' lang='lat' dir='ltr'>cultores</span> <span class='ocrx_word' id='word_1_221' title='bbox 944 2155 1014 2213; x_wconf 89' lang='lat' dir='ltr'>iilud</span> <span class='ocrx_word' id='word_1_222' title='bbox 1030 2151 1084 2230; x_wconf 83' lang='lat' dir='ltr'>quod</span> <span class='ocrx_word' id='word_1_223' title='bbox 1101 2192 1102 2195; x_wconf 63' lang='lat'><em>=</em></span> 
     </span>
    </p>

    <p class='ocr_par' dir='ltr' id='par_1_8' title="bbox 128 2238 1139 2396">
     <span class='ocr_line' id='line_1_24' title="bbox 128 2238 1108 2317; baseline -0.004 -21"><span class='ocrx_word' id='word_1_224' title='bbox 128 2259 200 2317; x_wconf 88' lang='lat' dir='ltr'>rege</span> <span class='ocrx_word' id='word_1_225' title='bbox 214 2238 398 2296; x_wconf 88' lang='lat' dir='ltr'>Cretensium</span> <span class='ocrx_word' id='word_1_226' title='bbox 411 2239 554 2310; x_wconf 88' lang='lat' dir='ltr'>diximus,</span> <span class='ocrx_word' id='word_1_227' title='bbox 577 2239 733 2296; x_wconf 88' lang='lat' dir='ltr'>historicae</span> <span class='ocrx_word' id='word_1_228' title='bbox 745 2241 880 2311; x_wconf 82' lang='lat' dir='ltr'>veritati3</span> <span class='ocrx_word' id='word_1_229' title='bbox 908 2239 965 2296; x_wconf 91' lang='lat' dir='ltr'>hoe</span> <span class='ocrx_word' id='word_1_230' title='bbox 978 2249 1061 2295; x_wconf 85' lang='lat' dir='ltr'>eutem</span> <span class='ocrx_word' id='word_1_231' title='bbox 1076 2258 1088 2283; x_wconf 63' lang='grc' dir='ltr'>ι’</span> <span class='ocrx_word' id='word_1_232' title='bbox 1105 2284 1108 2299; x_wconf 70' lang='lat'>.</span> 
     </span>
     <span class='ocr_line' id='line_1_25' title="bbox 130 2319 1139 2396; baseline -0.005 -18"><span class='ocrx_word' id='word_1_233' title='bbox 130 2322 165 2378; x_wconf 92' lang='lat' dir='ltr'>de</span> <span class='ocrx_word' id='word_1_234' title='bbox 178 2321 247 2378; x_wconf 85' lang='lat' dir='ltr'>love</span> <span class='ocrx_word' id='word_1_235' title='bbox 259 2326 363 2394; x_wconf 76' lang='lat' dir='ltr'>politae</span> <span class='ocrx_word' id='word_1_236' title='bbox 376 2331 514 2392; x_wconf 90' lang='lat' dir='ltr'>cantant,</span> <span class='ocrx_word' id='word_1_237' title='bbox 539 2322 654 2378; x_wconf 88' lang='lat' dir='ltr'>theatra</span> <span class='ocrx_word' id='word_1_238' title='bbox 667 2331 863 2395; x_wconf 87' lang='lat' dir='ltr'>concrepant,</span> <span class='ocrx_word' id='word_1_239' title='bbox 889 2324 991 2396; x_wconf 88' lang='lat' dir='ltr'>populi</span> <span class='ocrx_word' id='word_1_240' title='bbox 1004 2319 1070 2377; x_wconf 84' lang='lat' dir='ltr'>celeb</span> <span class='ocrx_word' id='word_1_241' title='bbox 1089 2321 1099 2357; x_wconf 58' lang='grc' dir='ltr'>θ’</span> <span class='ocrx_word' id='word_1_242' title='bbox 1136 2356 1139 2363; x_wconf 59' lang='grc'>.</span> 
     </span>
    </p>

    <p class='ocr_par' dir='ltr' id='par_1_9' title="bbox 73 2399 1141 2726">
     <span class='ocr_line' id='line_1_26' title="bbox 73 2399 1075 2482; baseline -0.005 -22"><span class='ocrx_word' id='word_1_243' title='bbox 73 2433 95 2466; x_wconf 53' lang='grc' dir='ltr'>,κ</span> <span class='ocrx_word' id='word_1_244' title='bbox 129 2406 253 2460; x_wconf 84' lang='lat' dir='ltr'>vanitati</span> <span class='ocrx_word' id='word_1_245' title='bbox 267 2403 408 2476; x_wconf 85' lang='lat' dir='ltr'>deputent</span> <span class='ocrx_word' id='word_1_246' title='bbox 420 2404 608 2476; x_wconf 64' lang='lat' dir='ltr'>fabularum,</span> <span class='ocrx_word' id='word_1_247' title='bbox 624 2413 657 2461; x_wconf 90' lang='lat' dir='ltr'>ut</span> <span class='ocrx_word' id='word_1_248' title='bbox 671 2413 747 2460; x_wconf 88' lang='lat' dir='ltr'>essct</span> <span class='ocrx_word' id='word_1_249' title='bbox 759 2404 839 2461; x_wconf 92' lang='lat' dir='ltr'>unde</span> <span class='ocrx_word' id='word_1_250' title='bbox 853 2404 914 2460; x_wconf 88' lang='lat' dir='ltr'>ludi</span> <span class='ocrx_word' id='word_1_251' title='bbox 928 2399 1030 2482; x_wconf 74' lang='lat' dir='ltr'>herent</span> <span class='ocrx_word' id='word_1_252' title='bbox 1040 2403 1075 2476; x_wconf 87' lang='lat' dir='ltr'>pls</span> 
     </span>
     <span class='ocr_line' id='line_1_27' title="bbox 129 2483 1138 2556; baseline -0.003 -13"><span class='ocrx_word' id='word_1_253' title='bbox 129 2486 173 2543; x_wconf 92' lang='lat' dir='ltr'>dis</span> <span class='ocrx_word' id='word_1_254' title='bbox 187 2484 354 2542; x_wconf 88' lang='lat' dir='ltr'>numinibus</span> <span class='ocrx_word' id='word_1_255' title='bbox 368 2487 455 2542; x_wconf 88' lang='lat' dir='ltr'>etiam</span> <span class='ocrx_word' id='word_1_256' title='bbox 473 2485 555 2542; x_wconf 79' lang='lat' dir='ltr'>salsis</span> <span class='ocrx_word' id='word_1_257' title='bbox 574 2504 675 2543; x_wconf 89' lang='lat' dir='ltr'>corum</span> <span class='ocrx_word' id='word_1_258' title='bbox 695 2487 877 2543; x_wconf 88' lang='lat' dir='ltr'>criminibus.</span> <span class='ocrx_word' id='word_1_259' title='bbox 910 2486 968 2542; x_wconf 90' lang='lat' dir='ltr'>His</span> <span class='ocrx_word' id='word_1_260' title='bbox 986 2497 1064 2556; x_wconf 88' lang='lat' dir='ltr'>temp</span> <span class='ocrx_word' id='word_1_261' title='bbox 1080 2483 1085 2494; x_wconf 83' lang='lat'>‘</span> <span class='ocrx_word' id='word_1_262' title='bbox 1104 2484 1107 2489; x_wconf 70' lang='grc'>’</span> <span class='ocrx_word' id='word_1_263' title='bbox 1137 2489 1138 2494; x_wconf 76' lang='grc'>’</span> 
     </span>
     <span class='ocr_line' id='line_1_28' title="bbox 129 2567 1141 2644; baseline -0.003 -19"><span class='ocrx_word' id='word_1_264' title='bbox 129 2568 272 2642; x_wconf 83' lang='lat' dir='ltr'>Hercules</span> <span class='ocrx_word' id='word_1_265' title='bbox 286 2570 318 2624; x_wconf 91' lang='lat' dir='ltr'>in</span> <span class='ocrx_word' id='word_1_266' title='bbox 332 2567 433 2644; x_wconf 84' lang='lat' dir='ltr'>Tyria</span> <span class='ocrx_word' id='word_1_267' title='bbox 443 2571 538 2628; x_wconf 85' lang='lat' dir='ltr'>clarus</span> <span class='ocrx_word' id='word_1_268' title='bbox 557 2567 729 2625; x_wconf 86' lang='lat' dir='ltr'>habebatur:</span> <span class='ocrx_word' id='word_1_269' title='bbox 756 2569 809 2624; x_wconf 88' lang='lat' dir='ltr'>sed</span> <span class='ocrx_word' id='word_1_270' title='bbox 826 2571 967 2626; x_wconf 86' lang='lat' dir='ltr'>nimirum</span> <span class='ocrx_word' id='word_1_271' title='bbox 985 2570 1064 2634; x_wconf 83' lang='lat' dir='ltr'>elius,</span> <span class='ocrx_word' id='word_1_272' title='bbox 1138 2607 1141 2632; x_wconf 74' lang='lat'>,</span> 
     </span>
     <span class='ocr_line' id='line_1_29' title="bbox 128 2650 1141 2726; baseline -0.003 -20"><span class='ocrx_word' id='word_1_273' title='bbox 128 2653 178 2708; x_wconf 90' lang='lat' dir='ltr'>ille</span> <span class='ocrx_word' id='word_1_274' title='bbox 191 2651 227 2707; x_wconf 84' lang='lat' dir='ltr'>de</span> <span class='ocrx_word' id='word_1_275' title='bbox 241 2669 297 2726; x_wconf 90' lang='lat' dir='ltr'>quo</span> <span class='ocrx_word' id='word_1_276' title='bbox 311 2669 398 2726; x_wconf 88' lang='lat' dir='ltr'>supra</span> <span class='ocrx_word' id='word_1_277' title='bbox 410 2652 501 2708; x_wconf 90' lang='lat' dir='ltr'>locuti</span> <span class='ocrx_word' id='word_1_278' title='bbox 514 2669 619 2706; x_wconf 75' lang='lat' dir='ltr'>sunaus.</span> <span class='ocrx_word' id='word_1_279' title='bbox 656 2650 824 2708; x_wconf 72' lang='lat' dir='ltr'>secretiore</span> <span class='ocrx_word' id='word_1_280' title='bbox 843 2653 951 2726; x_wconf 84' lang='lat' dir='ltr'>quippe</span> <span class='ocrx_word' id='word_1_281' title='bbox 963 2650 1072 2707; x_wconf 85' lang='lat' dir='ltr'>historia</span> <span class='ocrx_word' id='word_1_282' title='bbox 1085 2668 1096 2693; x_wconf 64' lang='lat' dir='ltr'>u</span> <span class='ocrx_word' id='word_1_283' title='bbox 1140 2682 1141 2687; x_wconf 23' lang='grc' dir='ltr'><strong>κ</strong></span> 
     </span>
    </p>

    <p class='ocr_par' dir='ltr' id='par_1_10' title="bbox 128 2732 1095 2808">
     <span class='ocr_line' id='line_1_30' title="bbox 128 2732 1095 2808; baseline 0 -19"><span class='ocrx_word' id='word_1_284' title='bbox 128 2752 176 2790; x_wconf 90' lang='lat' dir='ltr'>res</span> <span class='ocrx_word' id='word_1_285' title='bbox 197 2732 290 2792; x_wconf 79' lang='lat' dir='ltr'>luisse</span> <span class='ocrx_word' id='word_1_286' title='bbox 312 2735 449 2804; x_wconf 79' lang='lat' dir='ltr'>dicuntur</span> <span class='ocrx_word' id='word_1_287' title='bbox 462 2741 492 2789; x_wconf 88' lang='lat' dir='ltr'>et</span> <span class='ocrx_word' id='word_1_288' title='bbox 505 2733 603 2790; x_wconf 85' lang='lat' dir='ltr'>Liberi</span> <span class='ocrx_word' id='word_1_289' title='bbox 624 2743 722 2808; x_wconf 88' lang='lat' dir='ltr'>patres</span> <span class='ocrx_word' id='word_1_290' title='bbox 744 2744 773 2790; x_wconf 92' lang='lat' dir='ltr'>et</span> <span class='ocrx_word' id='word_1_291' title='bbox 789 2733 947 2791; x_wconf 88' lang='lat' dir='ltr'>Hercules.</span> <span class='ocrx_word' id='word_1_292' title='bbox 982 2733 1059 2790; x_wconf 87' lang='lat' dir='ltr'>lluue</span> <span class='ocrx_word' id='word_1_293' title='bbox 1079 2750 1095 2775; x_wconf 26' lang='lat' dir='ltr'>x*</span> 
     </span>
    </p>

    <p class='ocr_par' dir='ltr' id='par_1_11' title="bbox 127 2805 1142 3058">
     <span class='ocr_line' id='line_1_31' title="bbox 128 2805 1096 2895; baseline -0.004 -21"><span class='ocrx_word' id='word_1_294' title='bbox 128 2815 296 2888; x_wconf 89' lang='lat' dir='ltr'>Herculem,</span> <span class='ocrx_word' id='word_1_295' title='bbox 311 2817 394 2894; x_wconf 81' lang='lat' dir='ltr'>euius</span> <span class='ocrx_word' id='word_1_296' title='bbox 407 2818 543 2895; x_wconf 88' lang='lat' dir='ltr'>ingentia</span> <span class='ocrx_word' id='word_1_297' title='bbox 555 2815 708 2872; x_wconf 88' lang='lat' dir='ltr'>duodecim</span> <span class='ocrx_word' id='word_1_298' title='bbox 721 2805 983 2894; x_wconf 80' lang='lat' dir='ltr'>iacta-numerant,</span> <span class='ocrx_word' id='word_1_299' title='bbox 997 2818 1096 2884; x_wconf 74' lang='lat' dir='ltr'>interp</span> 
     </span>
     <span class='ocr_line' id='line_1_32' title="bbox 128 2898 1142 2975; baseline -0.01 -17"><span class='ocrx_word' id='word_1_300' title='bbox 128 2901 234 2960; x_wconf 87' lang='lat' dir='ltr'>Antaei</span> <span class='ocrx_word' id='word_1_301' title='bbox 245 2900 309 2956; x_wconf 78' lang='lat' dir='ltr'>Afri</span> <span class='ocrx_word' id='word_1_302' title='bbox 322 2917 427 2956; x_wconf 89' lang='lat' dir='ltr'>necem</span> <span class='ocrx_word' id='word_1_303' title='bbox 438 2918 499 2954; x_wconf 93' lang='lat' dir='ltr'>non</span> <span class='ocrx_word' id='word_1_304' title='bbox 515 2909 757 2971; x_wconf 88' lang='lat' dir='ltr'>commemorant,</span> <span class='ocrx_word' id='word_1_305' title='bbox 786 2899 864 2975; x_wconf 88' lang='lat' dir='ltr'>quod</span> <span class='ocrx_word' id='word_1_306' title='bbox 879 2917 914 2955; x_wconf 86' lang='lat' dir='ltr'>ea</span> <span class='ocrx_word' id='word_1_307' title='bbox 927 2919 976 2958; x_wconf 90' lang='lat' dir='ltr'>res</span> <span class='ocrx_word' id='word_1_308' title='bbox 989 2899 1023 2956; x_wconf 93' lang='lat' dir='ltr'>ad</span> <span class='ocrx_word' id='word_1_309' title='bbox 1034 2898 1079 2952; x_wconf 87' lang='lat' dir='ltr'>alte</span> <span class='ocrx_word' id='word_1_310' title='bbox 1105 2963 1110 2970; x_wconf 91' lang='lat'>.</span> <span class='ocrx_word' id='word_1_311' title='bbox 1141 2898 1142 2907; x_wconf 76' lang='grc'>’</span> 
     </span>
     <span class='ocr_line' id='line_1_33' title="bbox 127 2975 1139 3058; baseline -0.007 -15"><span class='ocrx_word' id='word_1_312' title='bbox 127 2983 285 3043; x_wconf 88' lang='lat' dir='ltr'>Herculem</span> <span class='ocrx_word' id='word_1_313' title='bbox 300 2984 443 3057; x_wconf 88' lang='lat' dir='ltr'>pertinet,</span> <span class='ocrx_word' id='word_1_314' title='bbox 470 2984 501 3038; x_wconf 92' lang='lat' dir='ltr'>in</span> <span class='ocrx_word' id='word_1_315' title='bbox 515 2981 592 3038; x_wconf 87' lang='lat' dir='ltr'>Oeta</span> <span class='ocrx_word' id='word_1_316' title='bbox 604 2991 703 3040; x_wconf 89' lang='lat' dir='ltr'>monte</span> <span class='ocrx_word' id='word_1_317' title='bbox 715 3001 733 3038; x_wconf 88' lang='lat' dir='ltr'>a</span> <span class='ocrx_word' id='word_1_318' title='bbox 746 3001 779 3038; x_wconf 92' lang='lat' dir='ltr'>se</span> <span class='ocrx_word' id='word_1_319' title='bbox 791 2985 856 3058; x_wconf 90' lang='lat' dir='ltr'>ipso</span> <span class='ocrx_word' id='word_1_320' title='bbox 868 2985 1022 3040; x_wconf 86' lang='lat' dir='ltr'>incensum</span> <span class='ocrx_word' id='word_1_321' title='bbox 1031 2975 1091 3055; x_wconf 81' lang='lat' dir='ltr'>prod</span> <span class='ocrx_word' id='word_1_322' title='bbox 1138 3002 1139 3009; x_wconf 53' lang='lat'>¹</span> 
     </span>
    </p>

    <p class='ocr_par' dir='ltr' id='par_1_12' title="bbox 84 3065 1114 3146">
     <span class='ocr_line' id='line_1_34' title="bbox 84 3065 1114 3146; baseline -0.005 -23"><span class='ocrx_word' id='word_1_323' title='bbox 84 3071 85 3074; x_wconf 72' lang='grc'>’</span> <span class='ocrx_word' id='word_1_324' title='bbox 128 3069 188 3136; x_wconf 81' lang='lat' dir='ltr'>suis</span> <span class='ocrx_word' id='word_1_325' title='bbox 200 3068 306 3137; x_wconf 90' lang='lat' dir='ltr'>literis,</span> <span class='ocrx_word' id='word_1_326' title='bbox 320 3084 385 3121; x_wconf 91' lang='lat' dir='ltr'>cum</span> <span class='ocrx_word' id='word_1_327' title='bbox 398 3083 432 3121; x_wconf 90' lang='lat' dir='ltr'>ea</span> <span class='ocrx_word' id='word_1_328' title='bbox 445 3067 564 3135; x_wconf 86' lang='lat' dir='ltr'>virtute,</span> <span class='ocrx_word' id='word_1_329' title='bbox 578 3083 634 3146; x_wconf 85' lang='lat' dir='ltr'>qua</span> <span class='ocrx_word' id='word_1_330' title='bbox 646 3075 778 3122; x_wconf 88' lang='lat' dir='ltr'>monstra</span> <span class='ocrx_word' id='word_1_331' title='bbox 788 3066 959 3144; x_wconf 82' lang='lat' dir='ltr'>subegerat,</span> <span class='ocrx_word' id='word_1_332' title='bbox 973 3065 1082 3122; x_wconf 83' lang='lat' dir='ltr'>morbum</span> <span class='ocrx_word' id='word_1_333' title='bbox 1089 3065 1114 3110; x_wconf 60' lang='grc' dir='ltr'>θ’</span> 
     </span>
    </p>

    <p class='ocr_par' dir='ltr' id='par_1_13' title="bbox 127 3131 1142 3308">
     <span class='ocr_line' id='line_1_35' title="bbox 127 3131 1112 3226; baseline -0.007 -19"><span class='ocrx_word' id='word_1_334' title='bbox 127 3169 207 3221; x_wconf 85' lang='lat' dir='ltr'>rnen,</span> <span class='ocrx_word' id='word_1_335' title='bbox 232 3166 290 3223; x_wconf 87' lang='lat' dir='ltr'>quo</span> <span class='ocrx_word' id='word_1_336' title='bbox 311 3149 487 3226; x_wconf 84' lang='lat' dir='ltr'>languebat,</span> <span class='ocrx_word' id='word_1_337' title='bbox 509 3147 747 3205; x_wconf 71' lang='lat' dir='ltr'>substinere&#39;non</span> <span class='ocrx_word' id='word_1_338' title='bbox 762 3143 869 3223; x_wconf 78' lang='lat' dir='ltr'>posset.</span> <span class='ocrx_word' id='word_1_339' title='bbox 906 3149 961 3206; x_wconf 93' lang='lat' dir='ltr'>Illo</span> <span class='ocrx_word' id='word_1_340' title='bbox 974 3131 1112 3221; x_wconf 72' lang='lat' dir='ltr'>respond</span> 
     </span>
     <span class='ocr_line' id='line_1_36' title="bbox 128 3221 1142 3308; baseline -0.003 -20"><span class='ocrx_word' id='word_1_341' title='bbox 128 3250 197 3302; x_wconf 87' lang='lat' dir='ltr'>rex,</span> <span class='ocrx_word' id='word_1_342' title='bbox 209 3235 257 3288; x_wconf 83' lang='lat' dir='ltr'>v&#39;el</span> <span class='ocrx_word' id='word_1_343' title='bbox 270 3234 364 3306; x_wconf 88' lang='lat' dir='ltr'>potius</span> <span class='ocrx_word' id='word_1_344' title='bbox 378 3242 521 3308; x_wconf 84' lang='lat' dir='ltr'>tyrannus</span> <span class='ocrx_word' id='word_1_345' title='bbox 534 3232 647 3288; x_wconf 83' lang='lat' dir='ltr'>Busiris</span> <span class='ocrx_word' id='word_1_346' title='bbox 661 3234 720 3288; x_wconf 92' lang='lat' dir='ltr'>suis</span> <span class='ocrx_word' id='word_1_347' title='bbox 734 3232 789 3288; x_wconf 90' lang='lat' dir='ltr'>diis</span> <span class='ocrx_word' id='word_1_348' title='bbox 804 3250 874 3288; x_wconf 90' lang='lat' dir='ltr'>suos</span> <span class='ocrx_word' id='word_1_349' title='bbox 887 3231 1014 3308; x_wconf 89' lang='lat' dir='ltr'>hospites</span> <span class='ocrx_word' id='word_1_350' title='bbox 1027 3221 1112 3285; x_wconf 78' lang='lat' dir='ltr'>imnolt·</span> <span class='ocrx_word' id='word_1_351' title='bbox 1140 3279 1142 3286; x_wconf 83' lang='lat'>.</span> 
     </span>
    </p>

    <p class='ocr_par' dir='ltr' id='par_1_14' title="bbox 130 3301 1113 3390">
     <span class='ocr_line' id='line_1_37' title="bbox 130 3301 1113 3390; baseline -0.004 -18"><span class='ocrx_word' id='word_1_352' title='bbox 130 3313 188 3388; x_wconf 90' lang='lat' dir='ltr'>bat,</span> <span class='ocrx_word' id='word_1_353' title='bbox 202 3333 289 3390; x_wconf 85' lang='lat' dir='ltr'>quem</span> <span class='ocrx_word' id='word_1_354' title='bbox 301 3315 395 3372; x_wconf 83' lang='lat' dir='ltr'>filium</span> <span class='ocrx_word' id='word_1_355' title='bbox 407 3314 562 3390; x_wconf 91' lang='lat' dir='ltr'>perhibent</span> <span class='ocrx_word' id='word_1_356' title='bbox 574 3316 664 3371; x_wconf 89' lang='lat' dir='ltr'>fuisse</span> <span class='ocrx_word' id='word_1_357' title='bbox 677 3314 816 3390; x_wconf 86' lang='lat' dir='ltr'>Neptuni,</span> <span class='ocrx_word' id='word_1_358' title='bbox 832 3333 870 3373; x_wconf 87' lang='lat' dir='ltr'>ex</span> <span class='ocrx_word' id='word_1_359' title='bbox 883 3327 977 3373; x_wconf 87' lang='lat' dir='ltr'>matre</span> <span class='ocrx_word' id='word_1_360' title='bbox 987 3314 1071 3388; x_wconf 80' lang='lat' dir='ltr'>Libya,</span> <span class='ocrx_word' id='word_1_361' title='bbox 1080 3301 1113 3361; x_wconf 77' lang='lat' dir='ltr'>tlt</span> 
     </span>
    </p>

    <p class='ocr_par' dir='ltr' id='par_1_15' title="bbox 64 3392 1112 3474">
     <span class='ocr_line' id='line_1_38' title="bbox 64 3392 1112 3474; baseline -0.003 -21"><span class='ocrx_word' id='word_1_362' title='bbox 64 3415 65 3420; x_wconf 54' lang='lat'>¹</span> <span class='ocrx_word' id='word_1_363' title='bbox 106 3401 110 3406; x_wconf 86' lang='lat'><em>&#39;</em></span> <span class='ocrx_word' id='word_1_364' title='bbox 129 3395 251 3472; x_wconf 86' lang='lat' dir='ltr'>Epaphi.</span> <span class='ocrx_word' id='word_1_365' title='bbox 281 3397 391 3454; x_wconf 86' lang='lat' dir='ltr'>Verum</span> <span class='ocrx_word' id='word_1_366' title='bbox 409 3418 468 3455; x_wconf 95' lang='lat' dir='ltr'>non</span> <span class='ocrx_word' id='word_1_367' title='bbox 488 3399 623 3455; x_wconf 88' lang='lat' dir='ltr'>credatur</span> <span class='ocrx_word' id='word_1_368' title='bbox 639 3398 694 3455; x_wconf 90' lang='lat' dir='ltr'>hoc</span> <span class='ocrx_word' id='word_1_369' title='bbox 707 3409 839 3473; x_wconf 89' lang='lat' dir='ltr'>stuprum</span> <span class='ocrx_word' id='word_1_370' title='bbox 852 3410 1032 3474; x_wconf 85' lang='lat' dir='ltr'>perpetrasse</span> <span class='ocrx_word' id='word_1_371' title='bbox 1042 3392 1112 3464; x_wconf 70' lang='lat' dir='ltr'>thll</span> 
     </span>
    </p>

    <p class='ocr_par' dir='ltr' id='par_1_16' title="bbox 128 3471 1113 3557">
     <span class='ocr_line' id='line_1_39' title="bbox 128 3471 1113 3557; baseline 0.006 -22"><span class='ocrx_word' id='word_1_372' title='bbox 128 3498 195 3550; x_wconf 89' lang='lat' dir='ltr'>nns,</span> <span class='ocrx_word' id='word_1_373' title='bbox 208 3499 246 3536; x_wconf 88' lang='lat' dir='ltr'>ne</span> <span class='ocrx_word' id='word_1_374' title='bbox 260 3480 301 3536; x_wconf 92' lang='lat' dir='ltr'>dii</span> <span class='ocrx_word' id='word_1_375' title='bbox 314 3491 501 3538; x_wconf 88' lang='lat' dir='ltr'>accusentur:</span> <span class='ocrx_word' id='word_1_376' title='bbox 516 3482 566 3537; x_wconf 88' lang='lat' dir='ltr'>scd</span> <span class='ocrx_word' id='word_1_377' title='bbox 578 3483 672 3557; x_wconf 73' lang='lat' dir='ltr'>poetis</span> <span class='ocrx_word' id='word_1_378' title='bbox 687 3492 717 3537; x_wconf 93' lang='lat' dir='ltr'>et</span> <span class='ocrx_word' id='word_1_379' title='bbox 728 3481 851 3538; x_wconf 86' lang='lat' dir='ltr'>theatris</span> <span class='ocrx_word' id='word_1_380' title='bbox 865 3485 923 3540; x_wconf 90' lang='lat' dir='ltr'>ista</span> <span class='ocrx_word' id='word_1_381' title='bbox 936 3471 1113 3541; x_wconf 63' lang='lat' dir='ltr'>trihaeresii</span> 
     </span>
    </p>

    <p class='ocr_par' dir='ltr' id='par_1_17' title="bbox 52 3556 1112 3642">
     <span class='ocr_line' id='line_1_40' title="bbox 128 3556 1112 3642; baseline -0.011 -22.86"><span class='ocrx_word' id='word_1_382' title='bbox 128 3563 168 3617; x_wconf 89' lang='lat' dir='ltr'>sit</span> <span class='ocrx_word' id='word_1_383' title='bbox 181 3562 259 3618; x_wconf 91' lang='lat' dir='ltr'>unde</span> <span class='ocrx_word' id='word_1_384' title='bbox 272 3556 432 3636; x_wconf 73' lang='lat' dir='ltr'>placentur.</span> <span class='ocrx_word' id='word_1_385' title='bbox 452 3573 453 3576; x_wconf 75' lang='grc'>’</span> <span class='ocrx_word' id='word_1_386' title='bbox 466 3563 651 3625; x_wconf 85' lang='lat' dir='ltr'>Erichthonii</span> <span class='ocrx_word' id='word_1_387' title='bbox 663 3567 742 3642; x_wconf 87' lang='lat' dir='ltr'>regis</span> <span class='ocrx_word' id='word_1_388' title='bbox 756 3563 997 3636; x_wconf 85' lang='lat' dir='ltr'>Atheniensium,</span> <span class='ocrx_word' id='word_1_389' title='bbox 1009 3562 1073 3619; x_wconf 86' lang='lat' dir='ltr'>cuins</span> <span class='ocrx_word' id='word_1_390' title='bbox 1082 3566 1112 3642; x_wconf 67' lang='lat' dir='ltr'>rt·</span> 
     </span>
    </p>

    <p class='ocr_par' dir='ltr' id='par_1_18' title="bbox 128 3630 1112 3726">
     <span class='ocr_line' id='line_1_41' title="bbox 128 3630 1112 3722; baseline 0.003 -24"><span class='ocrx_word' id='word_1_391' title='bbox 128 3645 256 3700; x_wconf 88' lang='lat' dir='ltr'>vissimis</span> <span class='ocrx_word' id='word_1_392' title='bbox 269 3647 355 3702; x_wconf 88' lang='lat' dir='ltr'>annis</span> <span class='ocrx_word' id='word_1_393' title='bbox 366 3647 450 3704; x_wconf 89' lang='lat' dir='ltr'>lesus</span> <span class='ocrx_word' id='word_1_394' title='bbox 463 3647 545 3704; x_wconf 91' lang='lat' dir='ltr'>Nave</span> <span class='ocrx_word' id='word_1_395' title='bbox 564 3657 699 3703; x_wconf 77' lang='lat' dir='ltr'>mortuus¹</span> <span class='ocrx_word' id='word_1_396' title='bbox 716 3651 880 3722; x_wconf 84' lang='lat' dir='ltr'>reperitur,</span> <span class='ocrx_word' id='word_1_397' title='bbox 902 3648 1042 3706; x_wconf 85' lang='lat' dir='ltr'>Vulcanus</span> <span class='ocrx_word' id='word_1_398' title='bbox 1051 3630 1112 3695; x_wconf 64' lang='lat' dir='ltr'>ab</span> 
     </span>
    </p>

    <p class='ocr_par' dir='ltr' id='par_1_19' title="bbox 127 3722 1134 3882">
     <span class='ocr_line' id='line_1_42' title="bbox 127 3722 1111 3804; baseline 0.011 -24"><span class='ocrx_word' id='word_1_399' title='bbox 127 3743 220 3782; x_wconf 86' lang='lat' dir='ltr'>nerra</span> <span class='ocrx_word' id='word_1_400' title='bbox 232 3738 369 3800; x_wconf 89' lang='lat' dir='ltr'>parentes</span> <span class='ocrx_word' id='word_1_401' title='bbox 382 3725 633 3787; x_wconf 69' lang='lat' dir='ltr'>fuisse&#39;dieuntur.</span> <span class='ocrx_word' id='word_1_402' title='bbox 668 3729 728 3786; x_wconf 81' lang='lat' dir='ltr'>Sed</span> <span class='ocrx_word' id='word_1_403' title='bbox 741 3734 884 3804; x_wconf 89' lang='lat' dir='ltr'>quoniam</span> <span class='ocrx_word' id='word_1_404' title='bbox 897 3731 1047 3789; x_wconf 81' lang='lat' dir='ltr'>Minervam</span> <span class='ocrx_word' id='word_1_405' title='bbox 1055 3722 1111 3791; x_wconf 69' lang='lat' dir='ltr'>,pgr-</span> 
     </span>
     <span class='ocr_line' id='line_1_43' title="bbox 130 3789 1134 3882; baseline 0.009 -21"><span class='ocrx_word' id='word_1_406' title='bbox 130 3823 197 3862; x_wconf 82' lang='lat' dir='ltr'>nens</span> <span class='ocrx_word' id='word_1_407' title='bbox 210 3811 371 3882; x_wconf 77' lang='lat' dir='ltr'>volunt,‚in</span> <span class='ocrx_word' id='word_1_408' title='bbox 386 3814 535 3872; x_wconf 86' lang='lat' dir='ltr'>amborum</span> <span class='ocrx_word' id='word_1_409' title='bbox 549 3815 739 3872; x_wconf 86' lang='lat' dir='ltr'>contentione</span> <span class='ocrx_word' id='word_1_410' title='bbox 752 3813 919 3873; x_wconf 88' lang='lat' dir='ltr'>Vulcanum</span> <span class='ocrx_word' id='word_1_411' title='bbox 932 3818 1079 3871; x_wconf 74' lang='lat' dir='ltr'>eommodffl</span> <span class='ocrx_word' id='word_1_412' title='bbox 1088 3789 1111 3850; x_wconf 69' lang='lat' dir='ltr'>‘f&#39;</span> <span class='ocrx_word' id='word_1_413' title='bbox 1132 3841 1134 3846; x_wconf 34' lang='lat' dir='ltr'>v</span> 
     </span>
    </p>
   </div>
   <div class='ocr_carea' id='block_1_4' title="bbox 0 0 1165 4306">
    <p class='ocr_par' dir='ltr' id='par_1_20' title="bbox 0 0 1165 4306">
     <span class='ocr_line' id='line_1_44' title="bbox 0 0 1165 4306; baseline 0 0"><span class='ocrx_word' id='word_1_414' title='bbox 0 0 1165 4306; x_wconf 95' lang='lat' dir='ltr'> </span> 
     </span>
    </p>
   </div>
  </div>
 </body>
</html>
