2400 4312
237 211 300 280 on
322 211 539 274 ernanus
563 173 641 272 nur
668 212 748 272 ιιι,
771 213 831 272 ιιι.
997 221 1057 298 ιιι

401 381 522 440 CAP.
564 379 677 440 xlx.

35 478 105 543 Quod
112 478 263 547 appellatio
271 478 426 540 daernooum
435 478 491 529 iarn
501 495 549 531 nec
559 479 633 546 oprcd
641 482 756 532 cultores
766 475 855 532 eorum
866 489 1020 534 assumatur·
1029 482 1058 536 in

327 547 553 617 signficationem
562 548 678 600 alicuius
688 549 758 602 loni.

88 653 147 710 Sed
162 673 200 709 ne
214 654 250 708 de
261 654 357 709 verbis
373 654 461 710 ctiam
473 671 526 709 nos
538 653 651 709 c'crtare
662 655 822 727 uideamur,
837 658 973 731 quoniam
984 675 1058 712 non·

34 739 119 795 nulli
110 747 253 807 istarum,
278 745 311 791 ut
328 737 370 792 ita
389 737 532 807 dixerim,
560 736 870 810 daemonicolarum,'
862 757 893 794 ιιι
911 739 1015 814 quibus
1030 749 1059 794 et

34 821 119 878 babeo
133 827 196 891 est
225 817 342 890 cosdem
359 818 515 894 perhibent
531 817 566 876 ab
587 822 652 876 alus
666 821 787 898 angelos
808 821 882 892 dici,
908 840 981 897 quos
1003 824 1059 897 ipsi
1155 895 1156 898 Ἴ

33 905 177 960 daemones
192 909 400 976 nuncupantss
409 905 468 958 iam
481 901 554 960 milri
568 897 603 958 de
616 905 701 960 bonis
714 905 834 982 Angelis
850 906 959 980 aliquid
972 905 1057 962 video

33 985 242 1056 disserendltm,
262 1004 332 1061 quos
346 988 397 1044 isti
410 1001 474 1042 csse
490 1001 550 1043 non
563 998 688 1064 negant,
708 987 758 1042 sed
772 1007 821 1044 cos
835 989 927 1044 bonos
942 987 1056 1044 ‹loonio-

33 1089 82 1125 nos
95 1088 194 1126 vocare
210 1088 297 1145 quam
309 1073 431 1148 angelos
444 1071 566 1126 malunt.
610 1069 697 1126 Nos
686 1082 801 1144 autem,
814 1073 890 1128 sicut
903 1071 1057 1145 Scriptura

33 1155 167 1228 loquitur,
196 1153 355 1211 seeundum
378 1171 465 1228 quam
480 1153 639 1211 Christiani
662 1171 774 1227 sumus,
801 1157 922 1234 angelos
943 1156 1057 1230 quidem
1081 1201 1087 1214 ,

32 1239 127 1309 partim
151 1231 261 1306 bonos,
288 1238 395 1310 partim
417 1239 524 1309 malos,
549 1251 697 1312 nunquam
710 1237 883 1294 verobonos
902 1238 1055 1295 daemones

32 1323 163 1397 legimns:
191 1314 243 1374 sed
256 1320 421 1394 ubicunque
435 1321 551 1376 illarum
570 1322 733 1377 litterarum
744 1320 799 1378 hoc
813 1340 918 1380 nomen
931 1325 1058 1397 positum

32 1404 217 1478 reperitur,
215 1404 278 1458 sive
296 1402 467 1472 daemones,
494 1405 557 1460 sive
576 1403 729 1459 daemonia
749 1401 898 1476 dicantur,
924 1423 984 1461 non
999 1408 1057 1461 nisi

32 1489 144 1564 maligni
166 1473 373 1563 significantur
394 1486 522 1567 spiritus
565 1485 604 1542 Et
615 1465 697 1543 hanc
714 1486 851 1562 loqucndi
869 1488 1056 1544 consuetudi-

32 1590 88 1626 nem
103 1573 135 1624 in
149 1579 266 1624 tantum
279 1567 376 1642 populi
389 1585 596 1644 usquequaque
607 1571 701 1624 secuti
711 1580 795 1641 sunt,
809 1580 954 1626 uteorum
970 1573 1056 1626 etiarn
1115 1607 1116 1610 =

32 1656 72 1728 qai
94 1653 205 1729 pagani
228 1653 427 1725 appellantur,
455 1662 485 1706 ct
504 1645 572 1708 d‘eos
583 1655 692 1708 multos
707 1671 739 1707 ac
753 1643 908 1710 daemones
923 1654 1056 1709 colendos

31 1755 86 1791 esse
101 1729 314 1805 contendunt,
330 1737 427 1790 nullus
441 1733 507 1789 lere
517 1737 556 1791 sit
569 1745 628 1791 tam
646 1735 795 1790 litteratus
815 1745 845 1790 ct
863 1735 981 1807 doetus,
1008 1740 1056 1812 qui

31 1820 149 1874 audeat
140 1837 174 1873 ιιι
192 1818 278 1873 laude
297 1819 345 1874 rel
364 1833 449 1873 scr-vo
468 1835 519 1873 suo
538 1818 651 1890 dicere,
678 1817 856 1876 Daenionem
873 1816 979 1875 habes:
1005 1819 1055 1874 sed

31 1903 143 1957 utilibet
154 1899 209 1956 hoc
224 1899 320 1956 dicere
333 1902 474 1972 voluerit,
501 1920 561 1957 non
581 1919 613 1956 se
630 1903 716 1958 aliter
734 1905 842 1978 accipi,
869 1919 953 1976 quarn
966 1904 1055 1958 male·
1091 1957 1108 1970 ,

31 1985 119 2042 dicere
133 1986 279 2054 voluisse,
307 1983 437 2038 dubitare
451 2002 511 2040 non
524 1987 625 2059 possit.
669 1987 751 2052 Quae
775 1988 870 2064 igitur
893 2002 945 2041 nos
970 2003 1057 2042 causa

30 2071 184 2144 compellit,
210 2077 242 2123 ut
255 2075 321 2141 post
334 2064 525 2123 offensionem
538 2071 652 2125 aurium
671 2080 730 2124 tam
748 2073 923 2138 multarum,
950 2078 983 2124 ut
1000 2073 1057 2124 iam

30 2171 96 2226 pene
116 2154 179 2207 sint
193 2149 350 2221 omnium,
369 2168 442 2224 quae
460 2148 514 2205 hoc
535 2147 656 2216 verbam
675 2170 734 2208 non
754 2154 813 2207 nisi
826 2155 857 2207 in
872 2153 1056 2227 malampar-
1081 2147 1091 2164 ‘

31 2236 199 2292 tsmaudire
214 2243 449 2303 consueverunt,
476 2229 551 2308 quod
576 2235 701 2291 diximus
729 2253 870 2312 cogamur
898 2253 1056 2310 exponere,

35 2337 92 2373 cau
102 2319 249 2393 possimus
263 2319 435 2394 angelorum
448 2319 566 2372 nomine
580 2315 720 2388 adhibito,
734 2319 854 2374 eandem
866 2315 1057 2379 offensionem

37 2403 229 2473 quaenominc
243 2400 416 2456 daemontun
429 2399 493 2456 lieri
506 2410 637 2474 poterat,
664 2397 793 2457 evitaret
1065 2395 1066 2400 '

413 2559 536 2624 clr'.
578 2559 680 2624 XX.'

130 2659 176 2718 De
186 2661 322 2734 qualitate
332 2657 475 2725 scientiae,
495 2681 564 2732 quae
574 2661 712 2716 doemones
722 2663 848 2733 superbos
857 2667 942 2737 facit.
1026 2645 1031 2650 .

84 2775 257 2848 Quanquam
271 2773 358 2827 etiam
377 2772 440 2844 ipsa
460 2771 543 2848 origo
561 2767 647 2826 huius
668 2772 811 2848 nominis,
838 2790 864 2827 ιι
855 2773 1015 2832 ''divinos
1005 2794 1053 2832 ιιι-

30 2865 154 2914 tueamur
166 2855 272 2926 libros,
285 2853 397 2929 aliquid
410 2849 495 2908 allert
509 2854 676 2929 cognitione
690 2851 903 2931 dignissimum.
939 2857 1053 2933 Δαίμο-

30 2961 64 3008 teg
77 2942 158 2996 enim
171 2937 328 3007 dicuntur,
343 2955 479 3012 quoniam
491 2935 663 2992 vocabulum
674 2936 819 2994 Graecum
832 2950 893 3012 est
908 2937 943 2998 ob
957 2943 1053 2996 scien-

30 3025 91 3079 tiam
102 3023 259 3079 nominati.
301 3019 453 3094 Apostolus
477 3027 574 3074 autem
598 3017 711 3093 Spiritu
735 3031 835 3076 saneto
859 3025 973 3080 locutus
997 3025 1053 3080 ait:

30 3104 156 3164 scientia
170 3104 276 3200 inflat,
293 3105 409 3163 coritas
422 3119 491 3158 vero
505 3099 659 3172 aedificat.
704 3103 788 3190 Quod
800 3115 880 3161 recte
894 3108 980 3161 aliter
993 3125 1054 3162 non

30 3190 218 3266 mtclligitur,
246 3187 306 3242 nisi
320 3187 473 3241 scientiam
486 3194 555 3240 tunc
569 3184 723 3259 prodesse,
750 3185 815 3244 cum
834 3191 940 3248 caritas
961 3191 1052 3261 inest3

30 3273 84 3328 tine
95 3270 154 3328 hae
167 3278 263 3326 autem
278 3265 398 3338 inssare,
416 3263 451 3324 id
464 3277 525 3338 cst,
548 3269 581 3324 in
594 3264 779 3342 superbiam
770 3273 959 3328 inanissimae
972 3272 1055 3346 quasi

30 3355 210 3412 ventositatis
226 3353 378 3410 extollere.
422 3349 476 3406 Est
496 3368 569 3428 ergo
591 3353 623 3408 in
641 3352 828 3410 daemonibus
848 3355 970 3410 scientia
990 3355 1054 3409 sine

30 3441 159 3506 raritate,
186 3446 216 3491 ct
228 3434 293 3490 idco
306 3444 367 3490 tam
380 3431 490 3505 inllati,
511 3433 541 3488 id
555 3444 614 3506 est,
642 3445 701 3492 tam
714 3437 830 3510 superbi
845 3446 931 3507 sunt,
954 3448 989 3493 ut
1000 3435 1054 3494 ho·

30 3539 109 3578 rores
123 3519 242 3578 divinos
264 3527 293 3574 et
312 3517 465 3592 religionis
483 3519 671 3589 servitutem,
697 3538 785 3594 quam
796 3537 866 3574 vcro
879 3518 943 3576 Deo
957 3520 1056 3576 deberi

30 3607 135 3675 sciunt,
162 3603 220 3666 sibi
233 3600 398 3677 sategerint
410 3597 554 3670 exhiberi,
580 3610 611 3656 et
624 3612 765 3676 quantum
776 3610 914 3675 possunt,
936 3612 966 3658 ct
979 3602 1056 3679 apud

30 3705 92 3760 quos
104 3694 248 3762 possunt,
274 3681 368 3739 adhuc
381 3691 481 3758 agunt.
525 3671 634 3742 Contra
651 3683 816 3757 superbiam
833 3701 919 3759 porro
939 3686 1054 3742 daemo-

30 3788 105 3842 num,
134 3787 193 3846 qua
207 3785 261 3842 pro
274 3765 389 3821 meritis
408 3765 607 3838 possidebatur
620 3784 715 3844 genus
730 3765 904 3838 humanum,
930 3769 988 3827 Dei
999 3767 1055 3826 hu·-

30 3854 129 3910 atim
141 3870 217 3928 quae
230 3851 263 3906 in
276 3849 372 3904 forma
385 3849 462 3908 servi
478 3851 622 3924 apparuit,
636 3859 775 3925 quantam
789 3852 930 3912 virtutem
938 3851 1065 3924 babeat,

733 3934 792 4003 S‘l
