2362 4312
169 113 177 144 l
243 139 254 150 ι

81 211 82 216 ¹
136 211 194 316 ,aa
383 197 998 314 orvravnumr'nvcvsr'rm3

155 401 280 484 pitolino
292 393 589 473 praesideret,'adhuc
602 377 665 470 ipsa
677 396 709 451 in
723 396 790 450 loco
803 395 928 474 ignobili
941 396 1079 451 latitaret,
1101 397 1162 463 Q.-

155 499 254 542 tamcn
268 486 294 539 si
308 475 437 538 omnium
451 479 573 534 (leorum
584 488 678 534 mater
692 487 753 550 est,
767 498 828 534 nou
842 481 938 535 solum
951 488 1053 551 secuta
1066 489 1110 534 cst
1121 476 1162 535 Ε

155 589 231 626 mam
245 565 386 642 quosdam
399 563 475 618 lilios
491 581 578 634 suos,
604 580 708 618 verum
721 572 750 617 et
764 564 838 618 alios
851 565 1012 637 praecessit
1037 564 1122 618 etiam

157 667 288 709 orituros.
331 647 424 704 Miror
437 663 507 721 saue
518 644 532 716 ζ
541 648 568 701 si
581 647 643 720 ipsa
656 637 769 718 peperit
783 645 1039 721 Cynocephalum,
1054 647 1104 720 qui
1117 648 1162 700 Ι(

129 739 131 745 “
156 743 308 814 gepostca
330 732 414 786 rcnit
427 728 619 808 eergypto.
663 727 767 785 Vtrum
791 731 879 786 etiam
902 723 955 785 dea
969 707 1070 786 Fibra
1086 747 1122 784 ex
1148 729 1162 780 r·

80 869 82 884 s
156 829 225 876 nata
240 819 293 888 sit,
312 805 624 885 viderit'Ac‘sculapius‘
638 827 783 886 pronepos
798 814 871 884 eiu.
916 811 976 869 Sed
990 811 1162 885 undecunq

100 965 102 970 ,
156 911 225 960 nata
238 901 292 969 sit,
306 917 368 954 non
380 894 513 973 (opinor)
529 895 678 952 audebant
692 913 754 950 cam
766 896 928 973 ignobilem
940 896 1038 952 dicere
1050 895 1091 951 dii
1102 915 1141 970 pe
1155 912 1162 946 J

56 1026 59 1035 .
157 985 237 1063 grini
261 977 346 1037 dcam
372 982 465 1036 civem
479 978 649 1039 Romanam.
693 978 754 1035 Sub
767 977 823 1035 hoc
833 979 1015 1036 totdeortrm
1027 975 1157 1053 praciffl

103 1061 106 1068 ¹
157 1085 230 1142 quos
244 1081 399 1121 numerare
413 1065 478 1138 quis
493 1059 608 1138 potasti
627 1053 783 1139 indigenas
799 1071 828 1118 et
840 1059 1040 1140 alienigenas,
1056 1066 1162 1129 ccclii:⁴

156 1159 330 1220 terrestres,
344 1143 492 1218 infernos,
507 1148 647 1217 marinos,
658 1147 808 1217 fontanos,
823 1145 973 1218 fluviales,
988 1156 1027 1218 ct,
1039 1149 1081 1203 'ut
1094 1147 1162 1202 Var

157 1235 239 1304 dicit,
255 1241 351 1288 certos
366 1239 453 1306 atquc·
467 1232 614 1300 incertos,
629 1231 660 1284 in
675 1230 867 1304 omnibusque
881 1231 1040 1308 generibus
1055 1229 1162 1286 deoru]

153 1307 235 1372 ¹sicut
248 1318 279 1370 in
293 1314 481 1384 animalibus,
496 1331 590 1368 marca
606 1321 635 1367 ct
648 1308 797 1368 feminasi
829 1312 890 1370 Sub
903 1312 959 1370 hoc
974 1333 1045 1392 ergo
1058 1323 1107 1370 tot
1119 1313 1160 1368 de

94 1449 95 1454 ,
157 1419 223 1457 rum
236 1387 381 1474 pracsidio
396 1398 558 1452 constituta
573 1394 681 1476 Roma,
707 1407 768 1452 nun
782 1405 842 1454 tam
854 1399 1014 1476 magnicat
1031 1393 1161 1453 horrend

159 1484 303 1553 cladibus,
319 1482 430 1556 *quales
446 1497 482 1534 ex
495 1480 594 1535 multis
608 1492 716 1554 paucas
730 1483 977 1552 commemorabo,
992 1483 1104 1558 agitari
1117 1479 1162 1537 affl,

21 1635 26 1644 .
94 1558 115 1580 ⁸
157 1563 375 1646 giqucdcbuit,
412 1563 507 1620 Nimis
522 1564 600 1618 euim
613 1563 806 1619 multosdeos
820 1565 925 1642 grandi
939 1564 1020 1620 fumo
1035 1574 1162 1636 suo,taa

83 1667 86 1675 ’
159 1669 245 1726 quam
259 1652 344 1726 signo
361 1647 427 1704 dato
443 1646 478 1703 ad
492 1648 649 1702 tuitionem
663 1658 911 1725 congregaveram
937 1649 1044 1722 quibus
1072 1650 1162 1722 templa

158 1736 278 1805 altaria,
305 1731 467 1802 sacrificia,
494 1729 662 1786 sacerdotes
687 1731 871 1787 instituendo
886 1741 985 1806 atque·
1010 1729 1162 1806 praebendo

159 1837 303 1874 summum
315 1834 419 1872 rerum
433 1813 546 1885 Deum,
572 1815 624 1870 seui
637 1815 690 1868 uni
703 1811 775 1868 haec
788 1817 846 1871 rite
855 1889 856 1892 Ἴ
866 1823 950 1892 gesta
974 1813 1128 1886 debentur,
1141 1813 1162 1869 cl

115 1951 117 1954 .
158 1900 300 1958 senderet.
323 1898 362 1953 Et
376 1899 492 1953 felicior
506 1896 623 1969 quidem
634 1913 700 1952 cum
710 1898 898 1969 paucioribus
912 1900 1001 1953 vixit:
1016 1897 1162 1972 sedflquam

157 1986 251 2041 maior
264 1983 342 2038 iacta
356 1990 415 2051 cst,
442 1981 519 2034 sicut
545 1980 629 2035 navis
650 1987 775 2051 nautas,
800 1990 882 2036 tanto
896 1984 995 2054 plures
1010 1960 1161 2037 adhibendi

157 2068 285 2140 putavit:
313 2063 416 2134 credo,
436 2062 592 2136 desperans
607 2064 760 2138 pauciores
774 2065 854 2134 illos,
873 2066 926 2120 sub
944 2065 1050 2138 quibus
1064 2066 1097 2120 in
1111 2083 1162 2119 con

58 2202 61 2206 .
158 2151 311 2223 paratione
325 2149 433 2222 peioris
447 2147 526 2202 vitae
540 2147 645 2201 melius
658 2147 790 2219 vixerat,
818 2166 879 2203 non
893 2146 1028 2203 sufficere
1042 2147 1078 2203 ad
1093 2149 1162 2222 opitu

33 2471 39 2552 s
97 2557 98 2560 Ἴ
157 2485 203 2562 git
216 2477 333 2540 oc'cidii

157 2233 278 2306 landum
293 2229 454 2310 granditati
468 2248 547 2284 suae.
591 2227 688 2285 Primo
704 2229 781 2285 enim
794 2231 847 2286 sub
862 2232 932 2305 ipsis
947 2231 1079 2308 regibus,
1103 2249 1162 2286 exce

158 2324 208 2389 pto
223 2315 318 2378 Numa
334 2312 492 2387 Pompilio,
518 2312 554 2367 dc
569 2332 627 2388 quo
641 2314 700 2368 iam
713 2332 800 2387 supra
812 2315 928 2369 locutus
946 2333 1027 2386 sum,
1048 2324 1162 2389 quantur

101 2409 102 2418 ¹
158 2401 267 2455 malum
279 2396 454 2454 discordiosi
468 2398 637 2453 certaminis
650 2397 725 2469 luit,
750 2397 829 2472 quod
841 2397 963 2454 fratrem
976 2396 1097 2456 Romuli
1122 2401 1162 2454 coi

534 2555 654 2622 Cdl‘.
697 2552 818 2620 Xlll.
912 2576 915 2582 ·

239 2645 296 2710 Quo
306 2637 378 2711 iare,
397 2655 448 2716 qao
453 2641 565 2719 foedere
575 2643 692 2696 Rotnani
702 2643 869 2696 obtinuerint
874 2634 967 2712 prime
977 2623 1113 2713 coniugia.-
1129 2643 1135 2650 “

222 2734 375 2802 Quomodo
401 2755 456 2791 nec
480 2734 570 2807 Iuno,
584 2744 671 2809 'quae
697 2752 763 2788 cum
776 2732 845 2789 Iove
858 2753 911 2790 suo
926 2735 985 2790 iam
998 2723 1117 2792 fovebat
1129 2733 1162 2790 Ro

58 2833 61 2836 '
158 2837 261 2876 manos
276 2838 375 2874 rerum
389 2817 537 2889 dominos,
563 2827 740 2896 gentemque
754 2825 909 2893 togatam,
927 2835 983 2874 nec
997 2817 1111 2880 Venus,
1127 2821 1162 2892 ips

158 2898 303 2959 Aeneidos
318 2901 388 2957 suos'
402 2903 498 2974 potuit
511 2901 668 2971 adiuvare,
695 2909 729 2955 ut
741 2899 819 2955 bono
834 2909 863 2955 et
880 2919 973 2977 aequo
986 2921 1070 2958 more
1085 2904 1162 2958 conia

159 2988 208 3063 gia
221 2993 415 3054 mererentur,
431 2983 586 3058 cladesque
600 2992 682 3038 tanta
695 2984 784 3038 irruit
792 2981 879 3040 huius
891 2986 1026 3059 inopiae,
1041 2985 1075 3042 ut
1088 3005 1122 3040 ea
1135 2985 1162 3040 do

72 3081 74 3088 ’
104 3067 115 3082 ”
157 3071 186 3124 'lo
201 3076 355 3141 raperent,
380 3085 507 3141 moxque
522 3068 767 3139 compellerentur
778 3085 911 3144 pugnare
926 3088 993 3124 cum
1007 3071 1135 3142 soceris3
1154 3088 1161 3123 ι

84 3193 99 3226 7
158 3153 283 3208 miserae
296 3151 421 3206 feminac
436 3143 566 3212 nondum
580 3168 618 3204 cx
639 3150 748 3206 iniuria
774 3153 886 3207 maritis
913 3154 1105 3224 conciliatae,
1130 3155 1162 3207 iar

158 3245 312 3310 parentum
325 3234 469 3310 sanguine
484 3227 679 3298 dotarentur?
706 3233 744 3289 At
758 3234 836 3289 enim
849 3237 986 3291 vicerunt
1000 3236 1031 3291 in
1046 3234 1101 3292 hac
1116 3254 1162 3290 cor

158 3318 290 3376 ssictione
304 3314 429 3373 Romani
441 3318 555 3372 vicinos
570 3313 660 3373 suosi
694 3317 819 3384 Quantis
834 3327 864 3373 ct
877 3337 963 3393 quam
975 3321 1077 3374 multis
1092 3320 1162 3375 utrir

128 3420 215 3477 vquc
241 3401 412 3458 vrrlneribus
439 3416 474 3455 ac
500 3399 652 3456 funeribus
681 3409 741 3456 tam
768 3403 1001 3477 propinquorum
1035 3412 1065 3457 et
1096 3401 1162 3458 coni

158 3487 241 3556 nium
266 3487 340 3543 istac
363 3485 505 3541 victoriae
527 3478 745 3540 constiterunt?
789 3483 912 3560 Propter
926 3503 1019 3541 unum
1032 3483 1162 3548 Caesare]

159 3585 295 3625 socerum
309 3578 338 3624 ct
349 3588 441 3624 unum
454 3586 597 3647 generum
610 3565 673 3623 eius
686 3566 872 3642 Pompeium,
898 3569 956 3625 iam
983 3578 1100 3624 mortua
1114 3567 1162 3625 Car

159 3653 233 3706 saris
247 3653 308 3708 filia
322 3671 415 3708 uxore
427 3651 575 3726 Pompeii,
595 3660 704 3726 quanto
718 3663 747 3706 et
760 3669 847 3726 quam
860 3654 938 3709 iusto
954 3651 1064 3709 doloris
1077 3653 1162 3709 lustin

158 3744 208 3789 ctu
222 3733 359 3792 Lucanus
374 3738 531 3791 exclamat:
1042 3723 1048 3738 ¹

178 3817 180 3828 ⁴
242 3817 323 3874 Bella
335 3837 387 3891 per
399 3817 550 3875 Emathios
560 3819 625 3894 plus
640 3835 726 3893 qnam
739 3819 837 3876 civilia
851 3837 979 3892 campos,

242 3901 350 3978 lusquc
364 3901 464 3960 datum
477 3904 581 3960 sceleri
600 3903 739 3960 canimus.
