2340 4320
232 209 292 270 uu
315 159 532 270 civrrnru
551 177 634 272 ¹nm
655 213 736 270 mn.
758 214 792 270 v.
968 223 1025 278 no

15 381 31 420 ιι
42 363 96 420 illa
109 362 285 438 respublica
298 381 360 420 non
372 361 474 420 babuit
487 355 650 440 quanquam
669 362 779 423 virtute
797 383 962 443 magnum,
977 371 1029 429 sed
1130 398 1134 408 =

15 465 33 502 a
45 449 197 503 memoria
210 447 305 503 fuisse
319 449 386 522 illos
400 447 471 504 duos
484 450 601 525 ingenti
613 450 734 518 virtute,
749 448 874 514 diversis
887 452 1026 509 moribus.

15 577 17 586 ,
35 530 177 586 laudibus
196 539 298 587 autem
315 529 450 588 Caesaris
469 533 581 605 posuit,
607 531 683 607 quod
702 532 759 596 sibi
777 551 917 609 magnum
935 535 1026 606 impc-

15 631 69 682 nm,
84 614 266 683 exercitum,
279 614 390 670 bellum
402 632 510 670 novum
524 614 688 689 exoptabat,
701 615 752 671 ubi
760 617 855 672 virtus
866 618 1027 674 enitescere
1079 669 1081 674 .

15 706 94 752 osset.
122 695 171 752 lta
184 697 275 752 tiebat
288 699 321 754 in
334 697 412 754 votis
425 699 556 771 viromnu
570 699 677 756 virtute
690 717 877 776 magnorum,
898 709 931 754 ut
944 702 1025 756 exci-

15 789 65 838 tret
82 781 116 836 in
132 779 246 836 bellum
264 782 388 838 miseras
405 785 527 858 gentes,
554 790 584 837 et
599 779 715 858 flagello
733 785 861 859 agitaret
876 782 1027 842 Bellonam
1129 793 1131 798 “

15 865 164 938 mgniueo,
178 874 212 919 ut
225 872 308 922 esset
321 864 372 920 ubi
384 865 478 920 virtus
492 883 593 920 eorum
606 867 789 922 enitesceret.
814 864 881 923 Hoc
893 868 945 922 illa
957 885 1025 940 pro-
1068 933 1070 938 ι

15 946 176 1006 ectolaudis
194 947 326 1004 aviditas
347 954 377 1003 ct
394 949 507 1024 gloriae
525 947 628 1022 cupido
646 945 784 1006 faciebat
808 949 914 1006 Amore
927 951 1026 1024 itaque

15 1029 130 1100 primitus
140 1030 297 1100 libertatis,
309 1039 376 1104 post
388 1031 477 1088 etiam
487 1029 706 1104 dominationis,
719 1042 749 1090 et
761 1033 918 1107 eupiditate
930 1033 1025 1090 laudis

15 1113 166 1188 etgloriac,
189 1115 284 1170 multa
294 1127 403 1191 magna
414 1113 559 1170 feceruut.
584 1113 691 1172 Reddit
704 1118 746 1172 eis
759 1118 911 1193 utriusque
924 1119 968 1174 rei
982 1125 1025 1174 te·

15 1189 162 1252 ltimouium
176 1198 266 1254 etiam
278 1205 364 1272 poeto
376 1197 504 1274 insignis
518 1216 630 1270 corum,
643 1199 712 1256 inde
725 1201 831 1275 quippe
843 1202 913 1256 uit?
1044 1195 1045 1198 ¹

76 1277 212 1338 Necnon
227 1279 423 1354 Tarquinium
437 1282 562 1341 eiectum
573 1280 727 1340 Porsenna
737 1283 855 1342 iubebat

74 1362 228 1437 Accipere,
242 1364 417 1440 ingentique
429 1365 531 1421 urbem
544 1364 695 1422 obsidione
708 1367 870 1441 premebat:
938 1433 940 1448 .

75 1445 230 1504 Aeneadae
243 1449 276 1503 in
289 1447 400 1506 ferrum
410 1466 463 1522 pro
477 1449 612 1505 libertate
624 1451 756 1506 ruebant.
835 1477 837 1484 ·

15 1525 81 1584 lunc
96 1532 197 1604 itaque
215 1549 356 1608 maguum
374 1531 433 1588 illis
452 1531 510 1588 fuit
528 1540 578 1590 aut
590 1531 709 1589 fortiter
723 1535 829 1605 amori,
856 1544 906 1591 aut
918 1536 1026 1593 liberos

15 1612 103 1669 rivere.
125 1612 189 1670 Sed
201 1615 270 1670 cuni
283 1623 363 1670 esset
376 1613 479 1689 adepta
492 1616 624 1688 libertas,
641 1625 724 1674 touta
737 1616 840 1690 cupido
855 1619 967 1694 gloriae
980 1621 1026 1676 in·

15 1707 128 1768 cesserat,
140 1706 177 1754 ut
188 1717 292 1772 parum
306 1706 383 1754 esset
395 1700 458 1755 sola
470 1699 600 1770 libertas,
618 1693 677 1754 nisi
690 1709 720 1755 et
733 1699 890 1772 dominatio
904 1711 1027 1775 quaere·

14 1788 87 1850 retur,
98 1782 167 1838 dum
179 1799 236 1858 pro
247 1800 355 1860 magno
369 1778 524 1842 haberetur
537 1781 613 1859 quod
625 1783 706 1842 velut
718 1783 857 1857 loquente
869 1781 937 1842 Iove
950 1784 1027 1842 idem

15 1872 81 1920 neta
92 1864 176 1922 dicit.

242 1981 285 1993 -
297 1950 377 2016 Quin
389 1969 492 2026 aspera
503 1949 587 2024 luno,

80 2033 159 2100 Quae
171 2051 253 2090 mare
265 2052 357 2105 nunc,
370 2043 520 2109 terrasque
534 2044 624 2107 metu,
638 2036 807 2109 coelumque
820 2036 937 2114 fatigat,

81 2114 208 2173 Consilia
221 2118 253 2173 in
266 2118 370 2173 melius
384 2116 504 2190 referet,
516 2129 685 2195 mecumque
698 2118 810 2176 fovebit

82 2197 226 2258 &manos
239 2213 339 2258 rerum
351 2199 482 2258 dominos
494 2211 668 2280 gentemque
680 2197 820 2279 togatam.
904 2223 906 2230 ·

84 2280 130 2338 Sic
138 2281 289 2358 placitum,
302 2285 519 2346 venietlurtris
531 2286 695 2342 labentibus
708 2294 799 2356 aetas,

88 2363 153 2422 cm
163 2367 266 2428 domus
278 2367 417 2434 Assaraci
428 2365 567 2444 Phthiam,
576 2371 725 2444 clarasque
738 2367 877 2444 Mycenas

91 2444 206 2508 servitio
219 2459 344 2526 premet,
357 2471 392 2508 ao
404 2453 492 2509 vietis
506 2451 702 2510 dominabitur
713 2449 811 2530 Argis.

20 2529 87 2594 Qu„
98 2533 207 2606 quidem
216 2533 371 2612 Virgilius,
383 2533 483 2593 lovem
495 2534 638 2592 inducens
651 2545 789 2610 tanquam
801 2535 900 2592 futura
911 2535 1026 2611 praedi-

16 2621 121 2688 centem,
140 2619 204 2692 ipse
217 2619 278 2674 iam
290 2619 368 2674 fucta
380 2619 540 2690 recolebat,
563 2619 759 2691 cernebatque
770 2622 949 2692 praesentia:
974 2639 1025 2675 ve·

15 2715 66 2752 rum
75 2710 226 2775 propterea
239 2703 465 2760 commemorare
477 2703 529 2757 illa
540 2702 630 2772 volui,
651 2708 685 2757 ut
698 2699 883 2764 ostenderem
896 2701 1026 2761 domina·

15 2780 106 2836 tionem
115 2794 181 2858 post
193 2785 363 2846 libertatem
372 2787 414 2842 sic
427 2783 563 2842 habuisse
576 2781 739 2854 Romanos,
762 2785 838 2842 utin
851 2803 952 2842 eorum
963 2803 1024 2840 ma-

15 2867 68 2938 guis
77 2866 210 2925 laudibus
222 2877 392 2943 poneretur.
404 2867 483 2925 Hinc
496 2877 542 2924 cst
554 2877 585 2924 et
596 2867 668 2926 illud
681 2865 810 2924 eiusdem
820 2877 935 2942 poetae,
949 2867 1026 2943 quod

15 2964 65 3004 tun
77 2951 200 3008 aliarum
218 2954 353 3030 gentium
371 2953 482 3009 artibus
506 2968 555 3008 eas
579 2952 657 3026 ipsus
678 2953 811 3026 proprlas
829 2950 1026 3031 Romanorum

15 3041 74 3088 mes
86 3035 234 3112 regnandi
248 3044 334 3112 atquc
346 3035 509 3112 imperandi
527 3043 557 3092 et
569 3035 723 3112 subigendi
740 3053 775 3092 ac
793 3035 955 3094 debellandi
972 3054 1024 3108 po·
1086 3105 1090 3112 1
1127 3099 1128 3106 ¹

15 3115 76 3184 tulos
89 3128 295 3191 anteponeret,
309 3121 364 3177 ait:

78 3199 237 3260 Excudent
249 3204 300 3258 alii
313 3203 455 3279 spirantia
465 3203 581 3260 mollius
594 3220 675 3260 uero:

79 3283 173 3341 Credo
188 3285 332 3360 equidem,
343 3287 429 3344 viros
443 3286 550 3354 ducent
562 3286 598 3342 de
607 3305 754 3344 marmore
766 3289 878 3344 vultus:

79 3367 215 3426 Orabunt
227 3386 330 3428 causus
343 3371 462 3441 melius3
477 3371 608 3445 coelique
620 3379 731 3428 meatus

79 3450 258 3508 Describent
268 3453 362 3523 radio,
376 3462 407 3510 et
418 3455 570 3530 surgentia
583 3453 679 3510 sidera
693 3453 804 3510 dicent:

79 3533 126 3590 Tu
138 3552 245 3611 regere
257 3537 380 3610 irnperio
393 3538 524 3612 populos,
536 3534 677 3608 Romane,
689 3543 844 3592 memento.

78 3617 145 3674 Hae
159 3619 214 3674 tibi
228 3623 416 3698 druntartes,
429 3621 549 3696 pacique
561 3617 710 3694 imponere
723 3632 845 3686 morem3

78 3701 205 3758 Parcere
221 3703 371 3773 subiectis,
389 3711 419 3756 et
432 3702 576 3760 debellare
590 3702 737 3776 stuperbo.

15 3782 58 3840 las
71 3795 152 3842 anes
166 3785 210 3842 illi
227 3786 448 3860 tanto-peritius
466 3785 657 3854 exercebant,
683 3789 791 3858 quanto
812 3782 906 3839 minus
925 3800 956 3836 se
976 3801 1028 3839 vo-

15 3870 153 3942 uptatibus
167 3866 294 3940 dabant,
321 3878 349 3928 et
363 3870 545 3928 enervationi
555 3867 648 3926 animi
661 3875 690 3922 et
704 3866 834 3938 corporis
846 3867 877 3924 iu
892 3867 1027 3942 coucupi-
