2362 4314
194 169 845 274 ιιιιιιιιιιιιιιιιι.ιιιιιι.
977 224 1036 282 ιιι
1121 167 1125 174 ’

77 357 206 446 uberem
214 359 355 420 finctum:
368 361 456 419 oliam
467 363 628 435 tricenum,
641 365 728 422 aliam
740 384 936 447 sexagenum,
950 375 1036 432 aliam

59 458 174 518 enum3
200 454 234 502 ut
256 447 353 502 sancti
373 464 427 520 pro
448 464 568 502 suorum
590 446 758 506 diversitate
774 454 959 528 meritorum,
985 461 1035 516 alii

59 546 130 586 snos
144 525 276 585 homines
289 528 431 600 liberent,
457 530 508 585 alii
528 547 711 608 sexagenos,
735 535 788 590 alii
801 546 955 596 centenos:
980 540 1034 598 hoc
1060 557 1061 564 ¹

59 613 92 668 ie
106 611 212 668 iudicii
223 612 352 670 futurum
364 613 506 688 suspicari
519 615 632 684 solent,
646 603 783 692 non'post
795 619 941 677 iudiciuin.
971 625 1033 691 Qua

59 697 140 752 ione
161 693 278 770 quidam
298 713 363 752 cum
380 694 646 768 videretbomines
670 699 871 774 impunitatem
890 705 946 760 sibi
968 725 1033 780 pcr-

58 779 171 844 issime
188 779 377 853 pollicentes,
404 797 438 836 eo
458 778 534 855 quod
551 799 651 840 omnes
666 781 820 840 istomodo
835 786 1033 846 adliberatio-

58 911 59 914 ,
73 862 232 938 pertinere
245 879 331 936 posse
343 859 518 938 videantur,
541 863 758 940 elegantissime
769 871 956 944 respondisse
967 891 1033 946 per-

59 953 136 1017 tur,
150 945 226 1001 bene
240 946 336 1018 potius
350 963 415 1002 esse
428 944 601 1016 vivendum,
613 957 647 1003 ut
660 948 739 1005 iuter
753 968 801 1007 eos
815 954 938 1027 quisque
952 943 1034 1030 repe-

58 1045 110 1102 ur,
136 1029 188 1104 qui
198 1046 251 1104 pro
264 1031 330 1084 aliis
342 1029 535 1086 intercessuri
547 1037 618 1085 sunt
628 1030 801 1107 liberandis3
828 1055 866 1092 ne
878 1046 938 1092 tam
948 1041 1036 1114 pauci

66 1151 79 1184 ,
104 1121 140 1170 ut
153 1113 211 1168 cito
224 1111 261 1169 ad
274 1131 428 1172 numersun
440 1128 524 1170 suum
535 1113 584 1168 vel
595 1114 756 1187 tricenum,
781 1120 829 1174 vel
842 1131 1035 1198 sexagenum,

59 1205 219 1274 centenum
230 1213 407 1272 unoquoque
421 1187 745 1271 eorum⁸perveoiente5
766 1202 852 1258 multi
865 1215 1037 1263 remaneant

63 1281 130 1338 erui
143 1281 202 1336 iam
215 1278 251 1334 de
262 1281 365 1355 poenis
378 1280 496 1336 illorum
508 1280 721 1337 intercessione
734 1300 793 1340 non
805 1288 936 1360 possint,
962 1298 991 1345 et
1004 1291 1038 1346 in

58 1360 228 1430 inveniatur
241 1364 373 1439 quisquis
387 1361 444 1420 sibi
463 1381 544 1439 spem
561 1361 780 1424 fructusalieni
800 1372 964 1428 temeritate
986 1393 1040 1442 va·-

57 1446 124 1522 pima
137 1447 300 1524 pollicetur.
331 1445 482 1506 Haecine
505 1447 690 1520 respondisse
712 1449 771 1506 illis
794 1447 959 1526 suffecerit,
986 1459 1036 1531 qni

57 1543 154 1594 tarum
171 1532 338 1602 literarum,
369 1547 442 1607 quas
462 1545 631 1588 commones
650 1529 804 1605 habemus,
832 1539 1035 1598 auctoritatem

57 1629 68 1670 ι
83 1623 240 1692 spernunt,
265 1615 318 1672 sed
333 1619 383 1670 ebs
396 1615 473 1672 male
485 1612 694 1691 intelligendo,
720 1634 780 1674 non
804 1617 881 1693 quod
902 1621 970 1677 illae
983 1623 1035 1677 la·

57 1708 148 1770 intur,
171 1696 224 1754 sed
235 1695 291 1755 hoc
303 1699 400 1773 potius
412 1707 519 1774 putant
528 1699 662 1758 tumtum
675 1717 739 1756 esse
760 1702 837 1777 quod
852 1703 910 1777 ipsi
922 1706 1035 1766 volunt

57 1783 177 1859 citaque
190 1783 385 1858 responsione
397 1781 511 1842 reddita
527 1781 651 1854 librum,
677 1784 753 1860 sicut
763 1786 959 1860 promisimus,
972 1797 1033 1846 ter·
1096 1795 1102 1802 '

57 1879 154 1924 samm.
447 1877 452 1888 ¹

57 2009 1031 2060 ammonemus-mmmmm

232 2071 233 2088 l

150 2159 296 2234 urana
325 2157 591 2277 vicesimus
617 2157 882 2274 sucvnnvs

179 2321 199 2366 9
224 2381 239 2398 Ν
380 2325 450 2387 ΟΛ
469 2327 493 2385 Ρ
511 2326 538 2384 V
559 2327 586 2387 Τ
639 2329 661 2388 1.

223 2425 268 2480 De
282 2423 434 2480 conditione
452 2426 610 2496 atrgelorum
623 2437 652 2480 et
664 2426 807 2482 bominum.

56 2543 97 2591 rut
108 2535 139 2592 in
151 2535 283 2609 proximo
295 2533 370 2606 libro
383 2533 530 2609 superiore
549 2523 750 2606 promisimus,
771 2533 829 2588 iste
841 2531 928 2592 buius
941 2539 1032 2594 totius

56 2618 108 2674 sris
127 2620 246 2676 ultimus
266 2617 494 2691 disputationem
506 2615 542 2694 de
555 2612 691 2670 Civitatis
703 2611 762 2672 Dei
770 2624 895 2673 aeterna
907 2618 1032 2678 beatitu-

56 2719 71 2758 e
90 2703 260 2760 tontinebit.
299 2702 382 2768 Quae
402 2718 463 2758 non
484 2708 601 2775 propter
619 2699 724 2754 aetatis
742 2717 795 2774 per
812 2701 905 2770 multa
918 2706 1033 2760 saecula
1086 2737 1091 2752 ι

56 2785 231 2864 gitudinem‚
243 2794 342 2843 tamen
356 2783 586 2861 quandocunque
599 2779 768 2853 finiendum,
781 2785 964 2852 aeternitatis
977 2803 1030 2842 no-

56 2887 69 2928 u
91 2871 219 2945 accepit:
245 2868 297 2928 sed
317 2865 556 2944 quemadmodum
570 2855 721 2938 'scriptum
741 2874 787 2921 est
808 2868 840 2926 in
858 2867 1030 2944 Evangelio,

56 2955 101 3030 pri
113 2957 176 3010 eius
186 2949 247 3010 bon
261 2954 321 3010 erit
333 2951 420 3026 finis.
459 2947 522 3006 Nec
537 2951 580 3006 ita
592 2956 626 3003 ut
638 2949 704 3004 aliis
718 2950 871 3007 moriendo
887 2951 1030 3008 deceden-

56 3055 96 3108 ss,
123 3039 189 3094 aliis
202 3033 425 3094 succedentibus
439 3032 579 3100 oriendo,
606 3032 719 3106 speeies
731 3034 762 3090 in
777 3052 812 3089 ea
828 3036 1030 3110 perpetuitatis

56 3129 156 3193 orest,
177 3121 255 3176 siout
267 3121 299 3175 in
312 3119 414 3176 arbore
428 3136 503 3195 quae
514 3115 637 3192 perenni
648 3111 751 3180 ¹fronde
759 3119 907 3189 vestitur,
931 3119 1031 3176 eadem

56 3214 119 3261 etur
137 3203 271 3262 viriditas
289 3219 478 3276 permanere,
505 3195 574 3260 dum
585 3197 748 3256 labentibus
762 3209 792 3256 et
804 3199 972 3258 radentibus
986 3201 1031 3260 fo-
1064 3229 1067 3244 ·

58 3325 69 3360 ‚
93 3286 216 3362 subinde
232 3288 289 3343 alia
302 3303 377 3361 quae
390 3294 574 3356 nascuntur,
598 3281 703 3340 faciem
717 3293 892 3340 conservant
905 3286 1032 3358 opacita-

56 3391 57 3426 ι
84 3369 137 3428 scd
150 3389 250 3428 omnes
264 3371 296 3424 in
310 3386 345 3424 ea
359 3369 437 3425 cives
450 3368 628 3426 immortales
643 3375 746 3438 erunt,
761 3364 988 3442 adipiscentibus
1002 3377 1032 3426 et

56 3453 183 3526 niuibus,
206 3451 282 3530 quod
300 3470 450 3527 uunquam
463 3452 558 3508 sancti
570 3449 676 3526 Angeli
688 3448 887 3525 perdiderunt.
930 3451 1032 3508 Faciet

56 3537 149 3595 ÷Deus
163 3525 461 3612 omnipotentissimus
476 3536 538 3590 eius
552 3531 693 3589 conditor‘.
715 3531 856 3590 Promisit
868 3536 963 3606 euim,
976 3554 1032 3591 nec

56 3623 120 3678 utiri
140 3629 254 3696 potest3
280 3627 311 3674 et
330 3618 435 3693 quibus
456 3616 542 3673 fidem
561 3614 631 3670 hinc
650 3633 765 3691 quoque
786 3616 913 3688 faceret,
940 3620 1032 3676 multa

60 3745 70 3776 ‚
85 3715 115 3760 et
127 3723 187 3760 non
199 3703 359 3778 promissa,
373 3711 403 3757 et
415 3703 556 3777 promissa
570 3699 628 3754 iam
639 3697 719 3754 iecit.
885 3769 888 3774 Ι

64 3787 130 3863 lpse
144 3796 189 3844 est
202 3787 298 3856 enim,
323 3786 373 3858 qui
385 3785 416 3840 in
428 3783 573 3860 principio
586 3779 716 3837 condidit
733 3781 890 3856 mundum,
915 3786 1034 3860 plenum

56 3873 87 3926 ris
106 3864 416 3932 omnibusvisibilibus
436 3876 524 3944 atque
542 3863 775 3942 intelligibilibus
796 3866 900 3942 rebus,
925 3869 958 3928 iu
974 3888 1032 3947 quo

56 3949 89 4012 Π,
511 3995 512 4000 ,
689 3947 712 4004 Α
726 3966 743 4004 a
