2362 4312
260 189 320 288 on
349 227 859 316 CIVITAl'EDElLIB.111.
992 273 993 279 ι
1039 243 1077 298 u

455 380 575 438 css.
618 381 686 439 xl

48 455 49 458 ¹
73 459 103 518 Ae
117 464 252 518 simulacro
273 461 391 526 Cumque
411 460 579 542 Apollinis,
586 463 661 514 cuiue
673 461 760 534 fletus
780 465 899 517 creditus
921 475 960 518 est
979 469 1077 521 cladem
1131 477 1132 480 ’

170 535 351 594 Graecorum,
371 530 667 616 quibusopitularinoa
682 543 807 603 poterat,
826 534 955 588 indicere.

111 641 211 716 Neque
238 640 319 696 enim
343 633 578 714 ahuudeApollo
592 639 820 713 succensum,
847 661 914 702 cum
937 642 1076 700 adversus

50 723 173 782 Achaeos
205 740 370 800 regemque
398 722 599 779 Aristonicum
629 725 803 795 bellaretur,
842 725 998 800 quatriduo
1024 725 1076 782 fle-

49 811 122 864 risse
135 809 296 874 nunciatus
310 813 371 861 est:
380 823 457 884 quo
480 806 614 884 prodigio
640 805 809 883 haruspices
834 811 942 881 territi,
969 829 1035 866 cum
1048 808 1078 878 id

48 892 252 946 simulacrum
243 909 278 946 ιιι
290 906 373 946 mare
396 891 581 962 putavissent
606 909 671 946 esse
696 891 926 964 proiioiendumq
953 875 1078 949 Cumani

49 990 135 1030 senes
158 976 409 1042 intercesserunt,
436 981 524 1047 atque
546 976 712 1030 retulerunt
725 976 782 1030 tale
795 975 961 1052 prodigium
974 985 1004 1032 et
1014 976 1076 1032 An-

48 1056 138 1112 tiochi
160 1067 187 1112 et
203 1057 308 1112 Persis
321 1056 422 1112 bello
413 1074 446 1110 ιιι
460 1054 561 1113 eodem
586 1058 755 1132 apparuisse
782 1057 938 1136 figmento:
964 1061 1076 1134 etquis

48 1140 180 1198 Romanis
194 1141 329 1196 feliciter
341 1140 543 1236 provenisset,
559 1158 596 1197 ex
610 1143 867 1197 senatusconsulto
882 1142 975 1200 eidem
986 1143 1075 1216 Apol·
1128 1169 1132 1174 ·

48 1227 93 1280 ini
107 1243 161 1281 suo
177 1223 259 1280 dona
274 1241 342 1278 esse
354 1224 445 1278 missa
458 1225 558 1278 testati
581 1232 660 1280 sunt.
703 1221 790 1280 Tune
815 1224 897 1281 velut
920 1219 1075 1300 peritiores

48 1309 126 1364 teciti
138 1306 318 1382 haruspices
331 1304 566 1395 responderunt,
580 1308 730 1362 simulacri
740 1308 884 1381 Apollinis
895 1307 995 1366 iletum
1009 1308 1075 1364 ideo

48 1409 213 1487 prosperum
239 1409 309 1446 esse
338 1387 494 1460 Romanis,
521 1376 660 1463 quoniam
678 1388 808 1446 Cumana
834 1389 950 1456 colonia
963 1391 1077 1448 Graeca

48 1485 131 1544 esset,
157 1474 392 1547 suisquetcrris
406 1471 609 1530 undoaccitus
624 1481 720 1543 esset,
744 1472 833 1530 idest
841 1475 920 1548 ,ipsi
934 1474 1085 1546 Graeciae*

48 1560 150 1613 luctum
164 1565 198 1612 et
219 1555 333 1618 cladem
347 1545 513 1628 Apollinem
538 1555 723 1634 significasse
748 1559 918 1631 plorantem.
961 1557 1076 1614 Deinde

48 1659 111 1695 mox
121 1659 226 1717 regem
236 1639 443 1695 Aristonicum
455 1639 565 1696 victum
579 1650 608 1695 et
619 1647 736 1710 captum
750 1657 825 1709 esse,
840 1642 1006 1708 nuntiatum
1020 1649 1075 1711 est,

48 1742 123 1797 quem
135 1725 222 1781 vinci
237 1723 344 1797 utique
357 1721 460 1795 Apollo
475 1724 591 1780 nolebat
606 1731 635 1778 et
648 1720 778 1793 dolebat,
802 1730 831 1777 et
844 1720 899 1792 hoo
913 1724 960 1777 sui
972 1722 1075 1797 lapidis

48 1809 126 1863 ctiam
138 1807 287 1881 lacrymis
301 1803 457 1860 indicabat.
500 1805 582 1868 Vnde
597 1823 658 1862 non
671 1823 882 1880 usquequaque
900 1806 1076 1883 incongrue,

48 1892 171 1964 quanrris
185 1889 351 1959 fabulosis,
365 1897 463 1948 tamen
475 1891 609 1946 veritatis
624 1888 779 1959 similibus,
793 1893 890 1944 mores
904 1887 1078 1948 daemonum

48 1973 253 2030 describuntur
268 1971 446 2028 carminibus
458 1981 620 2047 poetarum.
663 1971 739 2028 Nam
751 1971 900 2029 Camillam
914 1969 1076 2026 Dianudo-
1117 1960 1122 1971 ’

48 2059 94 2112 luit
107 2056 187 2129 apud
201 2055 375 2132 Virgilium,
401 2063 430 2110 et
442 2053 605 2112 Pallantem
625 2057 802 2112 moriturum
814 2053 959 2118 Hercules
985 2052 1076 2111 flevit.

48 2139 118 2195 ilinc
129 2141 274 2195 fortassis
288 2147 318 2194 ct
330 2137 426 2194 Numa
438 2137 600 2212 Pompilius
612 2157 685 2212 pace
698 2138 865 2211 abundans,
882 2137 943 2216 sed
956 2157 1013 2214 quo
1025 2137 1076 2192 do-

48 2233 129 2280 nante
144 2225 306 2292 nesciens,
321 2240 376 2278 nec
389 2223 559 2296 requirens3
579 2241 646 2278 cum
659 2223 803 2300 cogitaret
814 2224 942 2294 otiosus,
956 2222 1076 2298 quibus-

48 2326 108 2362 nam
119 2306 179 2361 diis
194 2305 339 2374 tuendam
351 2301 513 2380 Romanam
527 2307 651 2362 salutem
661 2305 855 2383 regnumque„
870 2307 1076 2376 eommitteret,

48 2409 95 2446 nee
107 2409 218 2447 rerum
241 2397 332 2463 atque
347 2390 576 2462 omnipotentem
589 2407 733 2444 summum
745 2387 843 2445 Deum
856 2407 960 2446 curare
975 2391 1076 2464 opina-

48 2484 124 2530 retur
136 2475 198 2529 ista
211 2481 349 2541 terrena,
377 2481 464 2546 atque
489 2473 634 2527 recoleret
647 2465 793 2528 Troianos
820 2472 905 2543 deos,
923 2490 1005 2546 ¹quos
1019 2472 1076 2528 Ae-

48 2575 116 2612 neas.
137 2555 323 2625 advexerat,
349 2572 445 2629 neque
458 2553 636 2627 Troianum,
650 2552 756 2629 ‘neque
769 2553 945 2612 Laviniense
966 2556 1077 2630 abipso

48 2640 138 2696 Aenea
152 2638 313 2695 conditum
326 2657 452 2716 regnum
464 2637 514 2693 diu
528 2656 703 2696 conservare
716 2641 867 2711 potuisse,
891 2639 964 2695 alios
977 2639 1086 2712 provi--

49 2721 152 2780 dendos
167 2722 370 2790 existimavit,
396 2737 468 2796 quos
483 2723 540 2777 illis
554 2722 700 2796 prioribus
715 2714 793 2801 (sive
808 2723 858 2797 qui
874 2741 940 2777 cum
952 2719 1078 2778 Romulo

51 2807 101 2862 ἰιιιι
112 2805 241 2863 Romam
254 2805 451 2874 transierant,
477 2806 540 2871 sive
554 2804 729 2879 quandoque
741 2805 814 2861 Alba
831 2823 935 2874 eversa
960 2805 1079 2862 fucrant

54 2887 233 2967 transituri),
259 2887 310 2942 vel
323 2895 461 2962 tanquam
473 2889 609 2966 fugitivis
624 2886 759 2944 custodes
765 2887 937 2968 adhiberet,
951 2891 999 2947 vel
1011 2897 1077 2944 tan·
1112 2951 1113 2954 Ἰ

56 2987 129 3044 quam
139 2969 286 3032 invalidis
301 2967 458 3028 adiutores.

434 3120 552 3178 CAP
595 3118 689 3179 Xll.

55 3216 162 3281 Quantos
174 3218 231 3272 sibi
251 3218 314 3302 deos
324 3213 438 3270 Romani
453 3197 565 3288 praeter
575 3217 792 3272 constitutionem
802 3217 905 3273 Numae
924 3214 1078 3280 adiecerint,

293 3303 404 3354 quorum
414 3304 455 3338 eos
465 3288 641 3340 aurocrositoe
651 3288 739 3341 nibil
728 3290 836 3342 creverit.

101 3378 166 3436 Nec
180 3376 231 3432 his
247 3376 344 3430 sacris
358 3375 551 3434 tamenlloma
564 3376 685 3456 dignata
698 3387 743 3434 est
756 3397 820 3435 csse
834 3385 987 3446 contenta,
1005 3392 1078 3449 quae

51 3463 210 3518 tammulta
226 3455 463 3532 1ssscPompmus
490 3463 696 3517 constituerat:
727 3482 792 3518 nam
818 3464 909 3537 ipsius
936 3476 1080 3514 summum.

50 3547 181 3622 tensplum
209 3539 352 3599 nondum
376 3539 494 3598 habebat
517 3542 605 3600 Iovis.
648 3541 712 3600 Rex
727 3547 832 3620 quippe
845 3542 1025 3616 Tarquinius
1040 3543 1081 3597 ibi

52 3625 225 3704 Caprtolrum
239 3624 412 3679 fabricavit.
451 3621 640 3702 Aesculapius
655 3634 753 3682 autem
766 3629 799 3683 ab
813 3623 961 3700 Epidauro
990 3624 1081 3705 abivit
1120 3641 1128 3656 ⁸

56 3708 181 3782 Romam,
212 3716 251 3762 ut
280 3705 474 3778 peritissimus
501 3709 631 3766 medicus
657 3710 689 3765 in
712 3708 1082 3765 urbenobilissimaartem

57 3794 204 3866 gloriosius
222 3796 395 3844 exerceret·
435 3789 527 3849 Mater
541 3795 629 3848 etiam
642 3792 727 3846 deum
745 3794 848 3864 nescio
862 3789 939 3846 unde
954 3789 1080 3846 aPessi-

58 3887 139 3934 mnte.
188 3871 364 3946 Indignum
378 3871 452 3929 enim
475 3883 552 3949 erat,
579 3884 613 3931 ut
627 3892 693 3930 eum
706 3873 768 3930 eius
783 3873 860 3932 lilius
874 3873 930 3930 iam
945 3874 1013 3929 colli
1027 3869 1082 3926 Ca-

1050 4014 1053 4026 *
1065 4009 1077 4040 b

743 4061 752 4086 1
1021 4057 1024 4062 .
