2362 4320
9 231 11 236 ·
67 239 68 242 κ
118 214 177 271 sao
330 161 941 272 rmviavnnnnalvrrvsrnn
1004 150 1010 156 Ἠ

57 281 89 328 b,

494 364 771 428 CARXXL
1056 381 1130 460 ’κζ

161 468 204 521 De
215 468 363 520 conditione
373 466 452 518 antas
464 465 549 534 priori
560 465 681 526 bominis,
692 473 773 531 atque
782 463 812 514 ia
824 478 854 513 ca
861 461 970 529 generis
979 461 1085 512 hamoni.

180 558 244 614 Hae
262 555 353 632 igitur
368 545 537 628 quaestione
558 553 722 610 difficillima
742 551 861 626 propter
874 553 1071 630 aeternitatem
1080 549 1124 606 Dei

118 660 196 699 nova
210 640 335 696 creantis
349 639 557 694 sinc'novitatc
579 639 676 710 aliqua
692 636 868 710 voluntatis,
895 645 1034 714 quantum
1049 636 1124 707 potui-

70 775 80 784 .
117 743 193 792 ntus,
208 723 361 795 explicata,
376 738 436 775 non
450 730 494 774 est
508 719 631 775 arduum
640 713 743 774 ridere
751 719 841 773 multo
854 718 945 772 fuisse
957 711 1058 772 melius
1069 715 1126 788 quod
1162 716 1172 719 ’

119 809 229 864 factum
243 812 296 873 est,
310 812 343 857 ut
358 820 395 856 ex
411 821 470 858 uno
484 800 602 857 homine
615 820 701 875 quem
713 803 837 874 primum
852 800 998 870 condidit,
1011 801 1126 870 multipli-

74 925 80 940 ,
119 899 199 945 earet
212 905 304 963 genus
318 876 586 959 humanum,'quam
600 886 626 940 si
639 885 669 939 id
682 883 848 938 inchoasset
862 901 878 938 a
891 883 1033 955 pluribus.
1071 881 1127 945 Nan

120 991 185 1026 cum
198 971 359 1024 animantes
373 969 443 1022 alias
458 970 619 1038 solitarias,
646 977 675 1022 et
691 966 814 1040 quodam
827 967 912 1036 modo
932 967 1089 1042 solivagas,
1109 962 1127 1018 il
1155 987 1156 990 ¹

120 1065 180 1117 est,
207 1070 279 1126 quae
305 1049 491 1106 solitudinem
511 1052 784 1128 magisoppetant,
815 1051 904 1104 sicuti
931 1058 1001 1104 sunt
1027 1049 1127 1124 aquilae,

91 1192 93 1199 ,
120 1136 217 1205 milvi,
242 1135 358 1202 leones,
376 1135 451 1206 lupi,
479 1143 711 1207 etquaeeunque
737 1134 876 1203 itasunt3
902 1133 975 1200 alias
991 1146 1128 1208 congreges

120 1218 298 1288 instituerit,
321 1235 394 1290 quae
409 1227 606 1292 congregatae
619 1225 704 1290 atque
724 1217 755 1270 in
772 1216 912 1292 gregibus
925 1217 1031 1284 malint
1041 1216 1128 1280 virere,

119 1311 153 1356 ut
166 1309 234 1355 sunt
248 1299 381 1369 columbi,
405 1301 511 1370 sturni,
536 1301 625 1370 cerri,
645 1297 788 1368 damulae,
803 1308 832 1353 et
846 1308 962 1353 eaetera
975 1295 1129 1353 huiusmodi:

121 1391 386 1457 utrumquetamen
400 1401 492 1458 genus
511 1401 572 1444 non
590 1399 628 1436 ex
646 1382 769 1458 singulis
786 1373 976 1457 propagarit,
1003 1381 1053 1436 sed
1068 1382 1129 1454 plura
1162 1434 1181 1445 „

122 1468 207 1522 simul
220 1467 305 1520 iussit
318 1465 470 1520 exsistere.
493 1463 649 1520 Hominem
672 1483 757 1534 vero,
782 1465 864 1519 euius
883 1472 1018 1520 naturam
1031 1461 1129 1539 quadan
1162 1448 1181 1503 Ι

120 1550 205 1604 modo
220 1547 343 1604 mediam
356 1549 433 1602 inter
445 1549 566 1624 angelos
579 1546 745 1624 bestiasque
759 1546 915 1617 condebat,
937 1557 970 1602 ut
984 1549 1008 1603 si
1021 1543 1128 1604 Creatori
1161 1518 1181 1669 Ι

52 1683 53 1688 ,
122 1651 176 1688 suo
195 1643 422 1704 tanquamvero
443 1629 570 1686 Domino
589 1629 721 1684 subditus
739 1639 925 1702 praeceptum
943 1631 1006 1685 eius
1024 1623 1129 1702 piaobe·
1164 1680 1168 1681 ⁷

104 1689 231 1770 [dientia
242 1712 410 1783 custodiret,
422 1715 453 1769 in
463 1714 643 1769 consortium
653 1714 979 1788 transiretangelieum,
991 1715 1137 1769 sinemorte
1162 1758 1178 1773 s

37 1797 50 1810 “
122 1798 217 1852 media
231 1797 344 1852 beatam
357 1798 605 1851 immortalitatem
617 1794 724 1874 absque
743 1796 802 1850 ullo
821 1797 946 1851 termino
968 1802 1128 1870 consecutus

123 1883 150 1936 si
163 1890 260 1936 autem
274 1879 432 1934 Dominum
445 1879 540 1934 Deum
554 1897 637 1933 suum
655 1879 747 1932 libera
759 1880 910 1933 voluntate
930 1877 1050 1950 superbe
1067 1869 1129 1948 atque

122 1963 326 2018 inobedienter
340 1979 410 2016 usus
426 1959 600 2029 offenderet,
614 1962 700 2015 morti
713 1959 844 2015 addictus
858 1960 1021 2026 bestialiter
1032 1962 1128 2022 viveret,
1150 1991 1152 1996 ,

123 2046 252 2101 libidinis
267 2062 368 2098 servus
393 2052 569 2118 aeternoque
590 2053 657 2118 post
679 2052 802 2098 mortem
821 2045 962 2117 supplicio
974 2041 1129 2106 -destinatir;

124 2146 259 2184 unumne
274 2128 422 2202 singulum
435 2127 561 2197 creavit,
585 2145 644 2192 non
662 2129 762 2200 utique
781 2128 874 2180 solum
889 2128 953 2181 sine
966 2111 1084 2181 humana
1096 2140 1129 2176 so·
1156 2166 1157 2171 ,

106 2263 110 2270 ,
125 2213 231 2266 cietate
246 2207 447 2278 deserendum,
466 2209 517 2263 sed
529 2219 562 2264 ut
575 2228 608 2263 eo
622 2210 705 2264 modo
719 2208 918 2264 vehementius
933 2212 959 2264 ei
974 2205 1128 2264 commenda·
1173 2254 1181 2263 .

52 2343 53 2348 ,
124 2303 206 2349 retur
227 2293 315 2364 ipsius
331 2293 483 2346 'societatis
503 2289 823 2365 unitasvinculuurque
842 2293 1028 2361 concordiae,
1054 2293 1130 2345 sinor
1173 2274 1181 2325 ¹

124 2384 240 2430 tantum
253 2375 330 2428 inter
344 2391 375 2427 se
390 2383 512 2430 naturae
526 2369 731 2444 similitudine,
757 2377 959 2430 verumetiam
973 2371 1129 2452 cognationis
1151 2435 1153 2442 Α
1171 2354 1181 2405 l

125 2454 230 2512 affeetu
243 2454 376 2511 homines
391 2467 593 2524 necterentur3
620 2456 735 2530 quando
754 2477 808 2514 nec
828 2459 920 2530 ipsam
938 2453 1052 2533 quidem
1069 2453 1130 2522 femi·
1177 2522 1181 2527 .

124 2539 396 2612 namcopulandam
408 2541 485 2611 viro,
511 2542 587 2596 sieut
601 2533 695 2612 ipsum
714 2551 813 2594 creare
832 2541 876 2594 illi
893 2542 1019 2614 placuit,
1045 2539 1089 2594 sed
1106 2549 1130 2589 ex

46 2657 53 2693 ς
125 2624 202 2698 ipso,
221 2631 254 2678 ut
268 2641 353 2680 omne
367 2641 405 2679 ex
417 2621 534 2700 homipe
548 2641 606 2678 uno
621 2619 829 2686 diffunderetur
842 2642 935 2699 genus
949 2621 1103 2680 humanum.

490 2771 612 2830 oar.
655 2769 793 2853 xxm.

126 2868 205 2949 Quprl
214 2868 375 2936 praescierit
383 2867 458 2936 Deus
469 2869 607 2933 troarnen,
619 2886 693 2938 quem
701 2869 818 2936 primam
828 2853 955 2933 condidit,
967 2878 1132 2938 peccaturam?

160 2941 289 3006 tartareique
301 2938 469 3004 praeviderit
480 2948 609 3006 quantum
621 2939 729 3006 piorum
736 2939 909 3005 popularier
921 2941 979 2991 eius
986 2956 1080 3010 genere
1087 2938 1111 2989 ir
1164 2956 1165 2959 ¹

253 3007 404 3076 angelicum
415 3007 577 3060 consortium
591 3023 640 3059 aaa
651 3009 823 3075 etaetgratia
834 3012 1030 3061 translaturus.
1042 3039 1043 3042 =

187 3095 250 3154 Nee
261 3097 416 3172 ignorabat
425 3096 505 3153 Deus
519 3095 665 3152 hominem
677 3105 874 3170 peccaturum,
890 3108 919 3154 et
932 3102 1022 3154 morti
1035 3101 1088 3153 iam
1099 3093 1134 3149 ob·

124 3181 248 3237 noxium·
260 3180 418 3236 morituros
431 3171 684 3256 propagaturum,
695 3197 787 3254 coque
800 3199 1007 3257 progressuros
1021 3173 1136 3257 peccandi
1167 3193 1168 3196 ’

62 3287 64 3291 ·
81 3313 82 3318 ,
124 3265 307 3318 immanitate
322 3265 479 3333 mortales,
494 3271 526 3318 ut
539 3263 631 3317 tutius
645 3271 732 3335 atque
744 3265 874 3336 pacatius
888 3265 1015 3322 inter-”se
1029 3265 1136 3321 ratione·

124 3346 162 3401 lis
175 3347 336 3401 voluntatis
352 3355 485 3420 expertes
499 3346 609 3401 bestiae
622 3346 667 3399 sui
681 3347 798 3421 generis
811 3347 961 3418 viverent,
988 3365 1101 3422 quarum
1112 3355 1137 3396 ex

50 3487 51 3490 ,
126 3430 209 3502 aquis
231 3440 260 3484 et
282 3430 367 3484 terris
393 3431 517 3504 plurium
538 3429 690 3501 pullularit
712 3427 879 3502 exordium,
907 3435 994 3504 quam
1017 3430 1138 3490 liominet,

125 3529 251 3584 quorum
264 3530 356 3589 genus
371 3531 408 3567 cx
422 3531 480 3566 uno
493 3519 546 3577 ,est
560 3510 596 3565 an
614 3510 868 3567 commendandam
887 3514 1074 3569 concordiam
1088 3526 1139 3584 prr
1170 3503 1175 3512 ’

125 3602 272 3669 pagatum.
318 3593 419 3670 Neque
447 3596 524 3650 enim
548 3611 677 3666 unquam
701 3595 779 3650 inter
804 3609 840 3650 se·
861 3597 1058 3667 leones‚fnut
1080 3596 1140 3648 inter

126 3693 158 3728 se
179 3675 332 3746 dracones,
356 3681 452 3753 qualia
473 3677 603 3734 homines
623 3676 697 3730 bella
720 3688 885 3752 gesserunt.
929 3678 990 3736 Sed
1009 3673 1140 3754 praevide

127 3757 178 3811 bat
203 3759 290 3814 ctiam
309 3764 405 3834 gratia
425 3780 477 3818 sua
494 3759 630 3832 populum
651 3760 766 3830 piorum
789 3763 820 3826 in
844 3762 1032 3836 adoptionem
1052 3773 1140 3818 roceu-

130 3837 212 3909 dum,
239 3842 423 3919 remissisque
441 3843 568 3918 peccatis
588 3841 777 3897 iustificatum
795 3842 909 3919 Spiritu
928 3858 1031 3904 sancto
1050 3838 1140 3901 sanctu

955 3973 962 4002 l
