2362 4312
277 207 854 270 nummrmnumnmus
943 287 945 296 q
1043 220 1080 277 ss
1161 227 1164 234 ¹

18 358 24 366 ’
56 365 239 422 dlmtianac.
285 351 543 437 Cuiuspraeoepia
556 362 591 418 de
604 363 689 420 iustis
703 364 858 440 probisque
884 367 1026 440 moribus,
1054 373 1079 427 si

11 481 18 491 =
74 451 137 504 sinrsl
159 446 295 503 audirent
322 454 411 520 atque
438 456 576 502 curarent
590 465 675 524 reges
693 457 789 503 terrae
803 459 833 506 et
847 467 948 506 omnes
973 455 1080 525 populi,

12 565 17 572 -
52 528 53 531 ’
70 533 188 608 prlneipes
203 540 234 586 et
248 547 353 589 omnes
368 529 479 586 iudices
494 539 608 601 terrae,
627 533 748 587 iuvenes
762 541 792 589 et
804 534 955 614 virgines,
984 536 1080 591 senio-

11 607 13 615 ’
68 629 99 672 ιιι
123 633 183 671 enrn
202 611 396 682 iunioribus,
423 622 503 669 aetas
517 615 611 674 omnis
626 631 717 688 capax
731 625 761 672 et
772 625 897 691 uterque
921 633 1027 688 sexus,
1053 629 1082 676 et
1113 623 1114 626 ’

67 717 120 774 pes
134 697 263 774 Baptista
276 695 407 753 loannes
422 687 600 772 alloquitur,
623 708 775 764 exactores
790 701 847 774 ipsi
858 710 946 776 atque
959 702 1082 774 milites3

68 792 180 838 atterras
192 783 273 838 ritae
288 780 462 856 praesenti
472 789 592 836 ornaret
607 799 659 838 sua
681 781 822 843 felicitate
846 785 1027 858 respublica,
1054 796 1083 841 et
1139 807 1149 831 ·

39 923 41 936 ,
66 869 128 923 ritae
141 875 273 920 aeternae
289 865 410 924 eulnren
424 862 592 940 beatissime
606 875 765 942 regnatura
778 869 1000 924 conscenderet.
1023 866 1082 924 Sed

12 960 40 994 ¹³
70 948 293 1023 quiaisteaudit,
322 949 374 1003 ille
387 948 567 1018 eontemnit,
580 939 734 1024 pluresque
747 951 829 1012 vitiis
842 950 1082 1008 maleblandien·
1123 945 1125 968 ¹

11 1043 35 1077 ὓ
70 1033 219 1107 dbusquatn
231 1033 302 1087 utili
322 1032 467 1099 uirtutum
494 1033 644 1106 asperitati
669 1042 738 1088 sunt
763 1034 933 1106 amiciores3
957 1036 1082 1092 tolerare

11 1107 38 1160 ’ὗ
70 1114 155 1173 dbristi
166 1115 268 1172 buruli
280 1114 441 1185 iubentur,
454 1139 455 1142 ¹
468 1115 532 1170 sire
542 1107 606 1171 sint
621 1127 723 1194 rages,
739 1118 813 1178 ,sive
830 1119 993 1192 prinsipes,
1020 1119 1083 1176 sive

12 1211 38 1254 ts
66 1199 168 1272 iudices,
193 1199 258 1254 sive
272 1199 402 1269 milites,
421 1199 484 1254 sire
496 1200 707 1272 provineiules,
722 1203 785 1257 sire
799 1200 921 1273 divites,
935 1203 998 1262 sive
1011 1220 1082 1276 pau-

11 1295 38 1342 *s
64 1301 143 1357 pnes,
170 1285 234 1340 sive
261 1281 369 1352 liberi,
398 1283 461 1337 sire
487 1283 566 1337 servi
592 1283 759 1340 utriuslibet
785 1301 892 1356 sexus,
923 1286 1083 1359 ¹pessimam
1168 1295 1169 1298 ’

11 1377 37 1410 :a
65 1367 147 1437 aian,
171 1369 198 1422 si
224 1368 268 1421 ita
296 1382 422 1420 neeesse
449 1374 508 1435 ast,
535 1362 849 1443 flagitiosissimamque
863 1369 1083 1442 rempublicam

11 1440 37 1502 ἰ-ἰ
66 1451 121 1505 etin
132 1451 178 1506 illa
190 1450 381 1526 Angelorum
408 1448 532 1523 quadarn
555 1450 739 1510 sanctissima
764 1461 851 1526 atquc
877 1453 1084 1528 angustissima

11 1503 37 1612 td
69 1536 137 1588 curia
151 1534 335 1607 coelestique
363 1532 526 1605 republica,
553 1532 603 1588 ubi
618 1529 824 1590 Deivoluntes
839 1537 962 1604 laxast,
981 1535 1083 1590 elaris·
1109 1603 1116 1616 ,

11 1629 36 1676 ’ἡ
71 1617 151 1672 tinum
163 1618 214 1674 sibi
228 1618 332 1672 locum
346 1616 436 1672 etiarn
450 1616 507 1672 ista
516 1617 676 1674 tolerantia
691 1625 866 1694 a'ornparare.

11 1693 38 1812 d
387 1729 695 1852 „usb,nx

67 1864 131 1927 Quali
146 1867 231 1919 velint
245 1865 394 1938 felicitate
411 1863 546 1932 gaudere,
565 1862 698 1932 atquibus
713 1861 831 1915 maridas
848 1863 944 1926 uicere,
966 1859 1087 1931 quitum·

287 1951 359 2002 pora
372 1931 545 1990 Christianae
560 1933 698 2003 religionis
712 1933 846 1988 incusant.
1103 1955 1104 1960 ι

11 2039 16 2064 ’·
112 2043 215 2099 Verum
229 2043 309 2104 tales
324 2041 452 2098 cultores
467 2052 497 2097 et
510 2041 665 2098 dilectores
678 2042 798 2099 deorum
812 2043 1087 2116 istorum,quorum

66 2130 137 2182 etiarn
161 2129 332 2182 imitatores
359 2127 391 2179 in
418 2123 577 2192 seeleribus
603 2134 632 2181 et
656 2124 778 2203 flagitiis
792 2145 824 2182 se
838 2144 902 2182 esse
929 2128 1086 2195 laetantur,
1136 2159 1140 2174 .

11 2219 16 2247 ¹
66 2205 1086 2286 nullomodoourantpessirnamacflagitiosissimamnonesserempu-

11 2314 16 2321 ·
66 2294 159 2349 blicam.
185 2291 320 2348 Tantrrrn
335 2299 408 2362 stet,
426 2293 589 2366 inquiunt,
612 2300 726 2348 tantum
738 2291 842 2364 floreat
862 2293 1087 2368 copiisreferta,

67 2377 181 2431 victoriis
205 2375 357 2453 gloriosa3
383 2374 579 2450 velquodest
599 2375 731 2448 felicius,
757 2393 827 2451 paee
842 2377 945 2432 secura
959 2378 1006 2432 sit.
1048 2374 1088 2432 Et
1130 2415 1132 2422 ι

11 2443 30 2500 ;l
70 2459 127 2531 quid
137 2459 169 2514 ad
181 2455 252 2526 nasi
279 2459 339 2513 imo
353 2457 383 2516 id
397 2457 432 2514 ad
446 2477 500 2514 nos
514 2459 607 2535 magis
623 2461 769 2532 pertinet,
795 2462 821 2514 si
835 2457 952 2516 divitias
965 2457 1087 2534 quisque

11 2563 29 2610 ·,
68 2560 166 2616 semper
176 2550 314 2620 augeat,
332 2559 406 2616 quae
430 2539 811 2615 quotidianis‘effusionibus
839 2551 1088 2622 suppetant,·per

11 2647 17 2654 ·
65 2627 190 2699 quaesibi
205 2627 299 2681 etiam
313 2623 490 2680 infirmiores
517 2625 620 2681 subdat
645 2627 767 2700 quisque
792 2628 950 2701 potentior.
994 2626 1087 2682 Obse-

11 2731 16 2737 ·
64 2719 177 2782 quantur
188 2709 335 2784 divitibus
348 2725 490 2782 pauperes
504 2725 608 2763 causae
622 2711 809 2780 saturitatis,
825 2719 911 2784 atque
928 2720 962 2765 ut
986 2727 1087 2766 corum
1131 2713 1134 2722 “
1156 2712 1160 2716 “

11 2804 15 2835 ¹
56 2794 221 2864 vpatrociniis
244 2793 346 2866 quieta
363 2791 470 2846 inertia
494 2791 697 2866 perfruantur,
718 2792 828 2851 divitas
852 2793 1027 2868 pauperibus
1046 2793 1089 2849 ad
1130 2828 1140 2842 .

11 2887 29 2970 τι
64 2877 205 2932 clientelas
220 2884 253 2930 et
267 2874 304 2930 ad
318 2873 513 2930 ministerium
526 2875 573 2934 sui
585 2874 678 2931 fastus
692 2876 858 2934 abutantur.
891 2873 994 2951 Populi
1006 2878 1087 2958 plau·
1108 2899 1109 2902 ¹

11 2971 27 3010 -ι
63 2956 136 3031 dant,
161 2977 224 3017 non
242 2952 459 3014 consultoribus
484 2958 644 3014 utilitatum
669 2957 801 3031 suarum,
827 2960 878 3016 sed
900 2960 1087 3036 largitoribus

11 3067 18 3086 r
64 3039 243 3118 voluptatum.
289 3040 357 3097 Non
371 3041 525 3098 iubeantur
539 3040 627 3114 dura,
653 3061 713 3100 non
737 3041 945 3117 prohibeantur
966 3045 1087 3115 impura.
1167 3039 1169 3052 '

63 3121 147 3204 Reges
162 3145 225 3184 non
247 3134 354 3182 curent
380 3141 465 3198 quam
490 3124 590 3196 bonis,
616 3125 667 3181 sed
693 3133 778 3200 quarn
804 3127 931 3184 subditis·
952 3136 1088 3201 regnent.

11 3187 29 3256 ti
63 3207 227 3268 Provinciae
241 3209 364 3286 regibus
379 3225 439 3264 non
452 3217 599 3283 tanquam¹
616 3211 777 3272 rectoribus
797 3229 931 3280 ,morum,
958 3207 1010 3264 sed
1023 3201 1088 3262 tan-

11 3267 25 3340 d
63 3309 135 3366 quarn
147 3313 252 3351 rerum
266 3291 498 3348 dominatoribus
517 3301 548 3347 et
566 3291 735 3348 deliciarum
761 3311 878 3352 suarum
891 3289 1089 3366 provisoribus

11 3385 17 3417 Ξ
63 3381 196 3436 reniam:
226 3393 339 3450 eosque
367 3393 427 3429 non
452 3373 793 3448 sinceriterahonorent,
821 3373 873 3432 s‘od
900 3375 1034 3448 nequiter
1058 3390 1090 3427 ae

11 3433 24 3488 ’ᾗ
62 3465 196 3519 emissor
210 3464 352 3518 timeant.
397 3457 473 3526 Quid
498 3460 610 3514 alienae
623 3460 679 3516 viti
691 3461 802 3536 potius,
824 3475 915 3535 >quam
936 3454 1004 3542 quid
1022 3473 1091 3510 suae

11 3551 13 3582 i
61 3546 125 3602 vitae
150 3548 282 3623 quisque
310 3537 436 3610 rioeeat,
475 3543 587 3619 legibus
605 3543 791 3604 advertatur.
835 3541 938 3598 Nullus
971 3538 1092 3594 dueatur
1161 3559 1165 3564 ·

19 3615 22 3664 f
62 3627 88 3684 cd
107 3631 237 3701 iudices,
269 3626 332 3683 nisi
346 3625 397 3698 qui
405 3625 522 3680 alienae
534 3628 596 3697 rei,
613 3626 726 3695 domui,
754 3626 860 3693 saluti,
886 3625 934 3679 rel
961 3621 1094 3694 cuiquam

63 3711 138 3772 inrito
161 3716 260 3772 fuerit
289 3711 492 3781 importunus,
518 3717 569 3764 aut
583 3705 703 3780 nonius:
730 3714 877 3762 caeterum
891 3706 926 3762 de
941 3706 1019 3772 suis,
1047 3706 1095 3759 rel

64 3811 110 3855 ems
123 3802 196 3868 ruis,
227 3797 280 3854 vel
310 3809 382 3846 cunr
410 3791 567 3868 quibusque
580 3791 756 3848 ,.veleeetbus
783 3786 871 3843 faeiat
884 3791 1005 3863 quisquc
1020 3786 1120 3856 quod.

38 3937 40 3948 Ι
64 3875 121 3940 liet,
164 3877 340 3941 Abunde-ut
353 3872 469 3946 publica
480 3884 593 3945 scorta,
616 3876 664 3930 vel
677 3878 794 3948 propter
807 3888 906 3950 onrncs
921 3871 1024 3948 quibus
1039 3867 1097 3923 isui

11 3967 14 4042 l
