2340 4312
251 157 261 188 l

92 187 93 191 Ὺ
157 235 213 295 on
237 235 564 299 erumnarum
590 235 668 297 mn
690 235 761 295 xv
941 244 975 299 ιι
1028 209 1029 212 ‘

67 405 102 444 um
115 343 259 458 nonnulli,
274 389 329 443 etsi
343 391 444 444 nonin
457 398 551 459 terra,
564 333 739 444 ubiomnem
753 392 880 461 c'arnem,
894 409 980 466 quem

68 471 294 542 inaquisnatura
308 489 367 525 non
380 472 460 540 sinit,
475 480 591 526 constat
603 470 693 526 firisse
707 469 841 542 deletam,
852 491 916 528 cnm
929 493 980 546 pa-

80 553 124 624 qui
137 551 296 606 translatus
310 553 407 606 suerat
420 554 599 628 aliquantum
612 553 719 623 fuisse,
734 563 822 626 atque
835 555 876 609 ibi
888 555 980 610 donec

68 653 91 686 m
114 635 300 706 praeteriret,
314 635 435 688 vixisse
458 625 652 705 arbitrantur;
679 637 813 690 nolentes
838 635 979 714 derogare

67 714 211 784 odicibus,
231 732 303 788 quos
318 717 349 770 in
364 717 566 771 auctoritatem
579 677 769 772 celebriorum
784 723 910 794 suscepit
922 719 979 775 Ee·
1039 776 1044 782 ,

82 807 109 852 ct
127 795 280 852 eredentes
294 796 465 852 ludaeorum
482 800 682 873 potiusquam
701 801 773 856 istos
793 819 854 857 non
873 802 980 858 habere

67 888 207 934 erumest.
249 879 317 934 Non
341 882 419 934 enirn
441 879 614 950 admittunt,
641 881 718 956 quod
736 885 830 960 magis
847 884 894 940 hie
915 903 981 941 esse

67 971 176 1017 terror
197 961 405 1034 interpretum,
430 979 516 1035 quam
539 964 570 1018 in
594 981 628 1018 ea
651 966 752 1042 lingua
777 985 841 1022 esse
863 968 979 1038 falsum,

67 1043 213 1100 ιιιοιιιιιιιι
225 1059 276 1117 per
290 1045 433 1099 Graecam
446 1042 620 1118 Scriptura
611 1065 673 1120 rpsa
686 1050 829 1105 nuntiate
843 1059 896 1106 est.
922 1049 981 1106 Sed

67 1137 102 1197 ιι,
128 1145 189 1182 non
203 1145 268 1180 esse
281 1125 419 1186 credibile
433 1125 627 1212 Septuaginta
641 1130 833 1202 interpretes,
857 1135 906 1207 qui
919 1149 979 1188 uno
1006 1140 1009 1150 ¹

67 1227 175 1283 empore
188 1227 305 1282 unoque
319 1227 409 1264 sensu
422 1208 609 1281 interpretati
619 1221 702 1282 sunt,
726 1231 825 1268 errere
836 1213 980 1288 potuisse,

76 1291 149 1347 nihil
163 1309 262 1346 eorum
276 1293 434 1362 intererat,
459 1293 589 1347 coluisse
603 1294 882 1365 mentiri31udaeos
896 1315 980 1369 vero,

67 1367 117 1430 obis
139 1369 291 1445 invident,
318 1374 394 1450 quod
406 1372 469 1428 Lex
483 1383 512 1428 et
525 1373 687 1448 Prophetae
705 1377 744 1431 ad
761 1396 816 1432 nos
834 1381 980 1454 interpre-

67 1458 240 1526 mnsicrint,
264 1465 404 1512 mutasse
410 1435 570 1530 quaedam'
562 1475 594 1512 ιιι
612 1456 765 1514 codicibus
775 1462 853 1531 suis,
878 1470 912 1518 ut
925 1479 980 1518 ιιο-

67 1544 213 1596 inueretur
227 1541 393 1596 auctoritas
437 1537 523 1596 Hane
539 1541 708 1614 opinionem
725 1545 772 1598 vel
785 1546 981 1620 suspicionem

67 1625 207 1697 :quisque
221 1631 254 1677 ut
267 1623 427 1695 putaverit:
453 1632 564 1677 eertum
584 1631 760 1695 esttamen,
787 1642 847 1679 non
867 1627 979 1681 vixisse
1007 1675 1011 1682 ,

67 1709 137 1762 alem
156 1715 222 1778 post
239 1705 397 1776 diluvium,
422 1703 473 1760 scd
489 1703 591 1760 eodem
603 1721 682 1760 anno
695 1705 785 1760 fuisse
799 1705 979 1778 defunctum,

67 1809 93 1843 ιιι
111 1798 156 1843 ιιι
175 1788 251 1862 qued
270 1787 306 1842 de
323 1805 444 1842 numero
462 1805 604 1842 annorum
623 1789 654 1842 in
669 1785 810 1844 Hebraeis
832 1789 979 1844 codicibus
1075 1799 1080 1806 ⁸

67 1891 106 1927 ur.
150 1870 197 1926 Dc
210 1872 268 1926 illis
283 1879 381 1926 antem
395 1867 589 1946 Septuaginta
602 1871 811 1943 interpretibus
824 1871 894 1945 quid
908 1869 981 1928 mibi

67 1974 94 2025 r,
123 1973 177 2009 suo
190 1957 255 2009 loeo
269 1952 440 2030 diligentius
454 1952 644 2008 inserendum
665 1963 726 2023 est,
742 1971 842 2028 »quum
861 1953 898 2008 cd
916 1955 980 2028 ipse

67 2057 92 2108 ι,
107 2047 249 2113 quantum
262 2039 424 2092 necessitas
436 2034 524 2090 huius
537 2035 641 2110 Operis
653 2039 792 2111 postulat,
807 2055 980 2096 commemo-

68 2121 225 2178 adiuvante
238 2119 382 2189 Domino,
396 2120 572 2174 venerimus.
615 2118 769 2176 Praesenti
782 2122 860 2176 enim
874 2119 982 2175 sufficit

67 2205 110 2260 oni
132 2203 290 2258 secundum
308 2209 449 2274 utrosque
468 2200 582 2276 codices
596 2210 655 2256 tarn
669 2205 772 2280 longas
786 2201 920 2258 habuisse
933 2203 979 2258 vi·
1041 2197 1047 2205 ’

68 2287 162 2346 saevi
179 2285 329 2353 homines,
357 2293 390 2338 ιιι
402 2285 495 2356 possit
508 2293 603 2338 aetate
616 2286 718 2356 nnius,
745 2283 843 2359 quide
858 2285 980 2355 duobus,
1028 2299 1031 2302 ·

68 2371 110 2423 los
124 2371 205 2423 ter'ra
218 2376 287 2421 tunc
300 2364 415 2436 habuit,
440 2368 611 2440 parentibus
629 2369 739 2441 primus
758 2377 802 2422 est
815 2379 918 2440 natus,
944 2366 982 2423 ad

67 2450 183 2508 rendam
197 2452 289 2506 etiem·
302 2450 451 2505 civitatem
463 2450 651 2522 multiplicari
664 2467 758 2527 genua
772 2449 937 2508 humanum.
1027 2466 1030 2473 ·

330 2596 449 2654 CAP.
493 2595 588 2652 Xll.

67 2695 121 2748 ione
131 2709 237 2758 eorum,
257 2692 304 2762 qui
316 2694 467 2761 primorem
478 2701 625 2760 temporum
636 2690 753 2742 bomieee
764 2699 819 2743 tam
830 2681 992 2762 longaevos,

195 2781 275 2833 quom
285 2763 427 2826 scribitur,
442 2763 535 2838 feisse
547 2778 600 2814 aon
608 2762 730 2814 credere.

67 2889 108 2946 pue
122 2873 201 2927 enirn
213 2871 274 2926 ullo
288 2871 374 2925 modo
388 2869 524 2924 audiendi
539 2877 623 2938 sunt,
647 2868 696 2941 qui
711 2875 816 2940 putant
829 2867 914 2922 aliter
926 2885 980 2924 an-

67 2954 266 3029 stemporibua
281 2961 480 3026 computatos,
507 2947 609 3022 idest,
635 2959 734 3006 tantae
753 2949 920 3020 brevitatis,
947 2959 981 3006 nt

66 3055 132 3092 ιιιιιι
144 3046 246 3094 noster
260 3035 359 3090 decem
372 3037 437 3090 illos
451 3033 587 3089 babuisse
601 3033 744 3089 credatur.
760 3059 761 3062 ¹
788 3035 980 3107 Quapropter,

67 3129 100 3190 ιι,
126 3139 192 3176 cum
207 3117 335 3174 audierit
353 3119 474 3192 quisque
492 3119 540 3173 vel
558 3119 681 3195 legerit,
708 3127 875 3198 nongentos
888 3123 984 3171 annor

67 3221 119 3258 lam
130 3204 259 3273 vixisse,
279 3201 364 3256 debet
376 3191 543 3278 intelligere
556 3201 732 3278 nonaginta:
760 3201 859 3255 decem
874 3201 981 3274 quippe

67 3289 86 3356 i,
99 3303 174 3342 ιιιιιιι
187 3293 233 3340 est
246 3295 363 3356 noster,
389 3293 418 3338 et
432 3283 531 3338 decem
544 3287 649 3353 nostri,
663 3293 780 3340 centum
793 3285 836 3338 illi
850 3283 979 3339 fuerunt.
995 3349 999 3356 Ι

85 3369 157 3439 hoe,
189 3377 224 3423 ut
245 3377 364 3441 putant,
392 3368 500 3444 viginti
522 3369 611 3422 trium
634 3385 777 3422 annorum
799 3366 856 3420 fuit
878 3353 979 3436 Adam,
1004 3433 1006 3438 ,

77 3453 181 3530 genuit
194 3450 281 3521 Seth,
306 3459 335 3505 et
357 3452 418 3524 ipse
438 3449 509 3506 Seth
531 3447 640 3530 viginti
661 3449 784 3506 habebat
807 3438 933 3524 (annos)
951 3457 982 3502 et

67 3554 144 3606 oses,
160 3534 274 3608 quando
289 3535 389 3588 exilio
404 3541 489 3588 natus
505 3543 549 3588 est
560 3531 690 3607 Enos,
672 3551 743 3592 euos
758 3532 885 3604 appellat
898 3529 980 3586 Scri-

67 3627 188 3674 ueentos
205 3625 235 3671 ct
248 3617 374 3690 quinque
388 3633 490 3670 annos.
519 3617 662 3682 Quoniam
676 3618 753 3670 sieut
765 3615 815 3668 isti
829 3615 980 3686 suspican-

71 3720 152 3756 orum
166 3701 336 3772 exponimus
352 3701 533 3773 opinionem,
547 3717 638 3753 unum
652 3715 760 3753 annum
774 3697 888 3770 qrralem
902 3713 981 3752 nune

67 3801 102 3853 ιι,
125 3785 157 3838 in
171 3783 270 3837 decem
283 3791 379 3854 partes
393 3782 437 3836 illi
450 3781 632 3849 dividebant,
647 3789 676 3835 et
689 3778 802 3834 easdem
814 3787 912 3852 partes
927 3797 980 3834 an-

67 3857 167 3930 tabent.
194 3866 324 3931 Quarum
335 3865 461 3939 partium
470 3862 559 3920 habet
567 3879 627 3918 una
638 3863 811 3937 quadratum
822 3862 979 3932 senarium,

626 3944 688 4006 D2
