2362 4320
85 333 88 340 .
209 229 265 314 sao
288 260 292 267 ¹
314 267 315 272 ¹
414 249 528 309 orvi
549 249 737 310 svaran
761 249 1015 316 Avovsrim

179 411 182 428 ¹
205 406 604 486 nolisvnaturapraestantior
618 415 662 461 est
675 407 761 466 etiem
769 405 886 477 misero,
901 425 988 481 qnam
997 407 1045 462 illa
1056 423 1140 482 quaen

205 494 251 548 nis
264 493 312 547 vel
323 508 425 564 sensus
440 498 485 544 cst
499 507 618 563 expers,
638 499 667 544 ct
680 490 744 544 idco
759 509 823 544 eam
837 508 899 546 non
912 489 990 545 cadit
1003 491 1118 544 miseria.
1135 492 1140 540 t

205 593 272 630 cum
285 577 327 630 ita
340 576 395 644 sit-5
408 571 479 628 -ἶιιιι,
493 581 630 643 naturae,
652 591 724 648 quae
737 575 863 628 intanta
878 573 1052 634 excellentia
1065 583 1140 628 comta

185 666 237 715 ut
258 660 328 713 dicet
348 657 411 730 ‘ipsa
433 658 471 710 sit
492 649 654 726 mutabilis,
679 655 859 711 inhaerendo
876 666 982 712 'tamen
1007 658 1139 710 incommu

204 741 299 811 bono,
313 738 342 793 id
356 748 420 807 est,·
429 755 539 792 summo
554 737 642 808 Βιο,Ι
653 737 864 794 beatitudinem
877 745 1086 814 consequetur,
1109 757 1140 794 nc

203 826 281 899 pleat
292 822 483 898 indigentiam
495 839 578 876 suam
592 822 649 876 nisi
668 822 770 896 utique
788 822 874 877 beata
893 823 949 893 sit,
976 825 1060 897 eique
1073 825 1140 896 expli

204 909 264 964 non
273 905 400 962 sufficiat
412 905 470 958 nisi
484 903 581 975 Deus3
595 904 730 976 profecto
742 923 802 960 non
815 906 859 959 ilii
874 903 1050 976 adhaerere,
1063 908 1140 962 vitius

165 997 177 1048 f
204 989 299 1044 Omne
312 997 406 1056 autem
419 987 522 1042 vitium
535 996 656 1043 naturae
669 996 772 1057 nocet,
799 1005 832 1042 ac
849 1006 901 1060 per
913 986 970 1043 hoc
985 999 1088 1044 eontra
1101 999 1140 1044 nat

204 1081 257 1126 est.
291 1071 342 1125 Ab
355 1069 406 1124 illa
418 1071 509 1146 igitur
523 1087 595 1144 quoe
604 1065 747 1144 adhaeret
760 1070 841 1140 Deo,
854 1090 922 1144 non
937 1079 1044 1127 notura
1058 1070 1140 1130 differ

203 1155 254 1209 sed
265 1155 364 1212 uitio:
382 1171 447 1226 quo
461 1161 559 1208 tamon
572 1153 745 1208 etiomxvitio
758 1152 842 1209 valde
856 1171 963 1230 magno
977 1156 1140 1229 multumqu

196 1237 309 1293 ,dabilis
320 1235 482 1292 ostenditur
499 1239 567 1311 ipsa
578 1243 691 1291 natura.
736 1235 825 1292 Cuius
849 1238 929 1316 enim
950 1247 1030 1292 recte
1053 1240 1140 1311 vitup«

202 1322 320 1391 vitium,
338 1321 439 1394 procul
453 1317 539 1374 dubio
552 1328 657 1374 natura
670 1317 813 1374 laudatar.
856 1319 935 1374 Nom
945 1330 1028 1376 recto
1041 1322 1109 1376 vitii
1122 1325 1140 1376 ι’]

202 1405 278 1462 ratio
290 1412 351 1474 est,
371 1401 446 1476 quod
459 1403 509 1457 illo
524 1401 732 1476 dehonestatur
745 1415 850 1457 notura
864 1403 1029 1470 laudabilis.
1064 1403 1140 1460 Sicut

203 1489 386 1550 oumioitium
400 1487 549 1542 oeulorum
562 1484 670 1540 dicitur
685 1487 830 1555 coecitas,
854 1485 886 1539 id
900 1485 1083 1558 ostenditur,
1110 1505 1140 1560 qu

201 1580 336 1626 naturam
350 1569 639 1644 oculorum'pcrtinet
648 1570 744 1638 1visus3
760 1575 789 1622 et
802 1570 987 1624 cumvitium
1001 1569 1140 1625 auriumd

119 1653 122 1660 '
202 1654 343 1724 surditas,
370 1651 406 1707 od
424 1669 523 1707 earum
540 1660 675 1707 naturam
688 1652 841 1724 pertinere
861 1650 1088 1729 demonstratur·
1104 1671 1140 1708 au<

100 1795 110 1802 „
201 1737 243 1792 ita
256 1745 320 1792 cum
333 1734 437 1792 vitium
452 1743 601 1790 creaturae
615 1733 902 1814 angelicae'dicitur,
929 1736 1007 1814 quod
1021 1755 1081 1791 non
1096 1735 1140 1791 ad}

149 1847 151 1852 ·
201 1818 283 1888 Deo,
297 1817 377 1874 ¹irinc
392 1819 571 1892 apertissime
584 1817 776 1886 declaratur,'
791 1819 852 1872 eius
865 1813 989 1874 naturae
1003 1829 1038 1873 nt
1050 1818 1140 1874 Deos

200 1899 279 1973 root,
294 1901 462 1958 convenire,
496 1901 599 1968 ⁴Quam
612 1893 697 1974 porro
710 1911 817 1976 magno
829 1902 869 1955 sit
881 1902 960 1971 laus,
977 1900 1140 1978 adhaerere

200 1987 272 2040 utri
284 1987 374 2052 vivat,
388 1979 576 2056 inde'sapiot‚
591 1983 641 2037 illo
655 1981 794 2059 gaudeat,
809 1992 947 2058 tantoque
962 1985 1039 2040 bono
1050 1987 1140 2040 sinen

201 2069 265 2124 sine
279 2083 395 2136 errore,
405 2067 626 2120 sinemolestia
638 2065 820 2139 perfruetur,
835 2067 900 2139 quis
914 2069 1047 2144 cogitare
1060 2068 1140 2144 digne

200 2152 254 2221 sit,
282 2158 332 2205 aut
349 2144 465 2221 eloquit
509 2149 695 2222 Quapropter*
706 2151 793 2203 otiam
806 2150 1034 2206 vitiomolo'rum
1049 2152 1140 2228 angele

200 2251 256 2308 quo
270 2250 330 2287 non
344 2228 504 2286 adhaerent
516 2228 597 2300 Deo,
614 2235 763 2304 ''quoniam
779 2249 865 2290 mnne
877 2233 1140 2290 vitium-naturaei

200 2316 271 2370 satis
286 2314 504 2370 manifestatur
512 2312 606 2368 Deum
625 2323 684 2368 tam
696 2315 813 2371 bonam
828 2327 943 2372 eorum
941 2335 1066 2373 creasse
1083 2328 1140 2374 'nan

114 2443 115 2446 ι
200 2399 247 2454 cui
260 2399 390 2492 noxium
396 2398 436 2453 sit
448 2411 507 2484 non
522 2413 585 2452 esso
600 2409 667 2454 cum
680 2397 783 2455 Deo

555 2501 751 2607 cnr.
750 2549 859 2608 11

201 2642 307 2696 Nullam
319 2645 458 2714 qosentiam
468 2643 528 2697 Deo
544 2643 875 2716 assumendamque
890 2639 925 2699 ob
939 2663 969 2700 eo
984 2647 1032 2716 qui
1045 2663 1140 2700 somme

234 2725 449 2784 temperent,
469 2715 517 2776 doe
528 2725 619 2774 totum
623 2717 736 2772 uidetur
741 2718 874 2772 disertum
882 2734 938 2773 esse
947 2720 1019 2786 quod
1028 2736 1084 2772 non
1095 2727 1140 2772 est.

268 2813 350 2878 Hoec
364 2820 441 2876 dicta
455 2823 530 2893 sint,
554 2843 592 2878 ne
607 2825 789 2898 quisquam,¹
802 2843 867 2879 eum
881 2823 916 2878 de
930 2827 1045 2901 angelis
1060 2833 1140 2899 apost

197 2907 353 2982 loquimur,
367 2906 514 2976 existimet
528 2925 579 2961 eos
589 2909 674 2962 oliam
687 2909 767 2962 velut
780 2925 816 2961 ex
829 2909 886 2962 alio
899 2909 1045 2980 principio
1057 2907 1140 2963 haber

198 2993 289 3047 tuisse
303 2997 451 3058 naturam,
466 2999 521 3042 nec
535 3003 633 3044 eorum
648 2991 770 3044 naturae
784 2999 930 3045 auctorem
944 2989 1049 3045 Deum.
1076 2990 1140 3047 Caii

196 3074 273 3130 roris
297 3072 445 3145 impietate
470 3079 551 3126 tanto
576 3073 695 3145 quisque
720 3073 830 3128 carebit
852 3073 1015 3146 expeditius
1042 3083 1072 3130 ct
1095 3074 1140 3130 fac

197 3165 305 3232 quanto
317 3155 512 3228 perspicacius
526 3155 694 3232 intelligere.
704 3157 847 3230 potuerit,
866 3156 942 3229 quod
956 3174 1010 3230 per
1022 3149 1139 3234 A'ngelu

196 3241 241 3294 xit
253 3238 350 3308 Deus,
372 3236 492 3334 quando
506 3235 629 3312 Moysen
642 3239 777 3294 mittebat
794 3239 829 3293 ad
847 3238 923 3293 filios
936 3237 1042 3295 lsrntl:
1070 3239 1136 3316 Ego

197 3342 246 3400 qus
257 3339 329 3378 sum
351 3318 424 3376 Cum
435 3333 514 3374 etum
528 3319 614 3376 Deus
623 3337 733 3376 summa
747 3323 874 3376 essentia
887 3323 942 3392 sit
964 3320 1018 3378 hoc
1034 3333 1095 3393 est,
1120 3341 1140 3378 si

196 3407 250 3476 sit,
278 3415 307 3460 et
319 3403 389 3460 ideo
398 3404 583 3459 immutabilis
598 3406 651 3476 sit3
677 3405 770 3459 rebus
768 3421 847 3502 quas
862 3421 899 3458 ex
913 3403 1008 3461 nihilo
1017 3407 1137 3461 creavit

95 3505 98 3522 ¹
197 3487 291 3557 dedit,
318 3487 440 3550 sednon
455 3505 564 3542 summe
578 3505 658 3558 esse,
685 3489 762 3543 sieut
780 3489 842 3560 ipse
859 3495 918 3558 est3
945 3497 975 3543 et
990 3491 1055 3543 alus
1070 3488 1140 3543 dedi

195 3573 334 3643 carpitus,
361 3572 426 3626 aliis
445 3573 556 3642 minus3
580 3580 668 3646 atque
689 3573 729 3625 ito
747 3579 866 3626 naturas
881 3574 1074 3628 essentiarum
1088 3589 1140 3648 gra

198 3653 352 3710 ordiner-it.
380 3653 464 3709 Sicut
476 3655 597 3709 enimab
611 3673 645 3709 eo
656 3653 734 3728 quod
743 3663 788 3708 est
801 3672 919 3729 sapere,
933 3664 1057 3711 vocetur
1068 3656 1140 3728 sapis

195 3736 238 3788 sie
253 3736 286 3790 ab
302 3753 336 3792 co
350 3736 427 3810 quod
441 3747 579 3808 estesse,
602 3740 883 3795 vocoturessentia:
898 3757 986 3795 ‘novo
1001 3736 1140 3811 quidemr

193 3833 248 3886 ne,
264 3834 320 3890 quo
332 3820 380 3872 usi
392 3829 505 3874 veteres
519 3839 580 3876 non
591 3829 663 3876 sunt
676 3819 774 3877 Iratini
788 3810 930 3876 sermonis
945 3830 1087 3889 auctores,
1102 3837 1140 3872 se·

194 3902 303 3954 nostris
321 3903 495 3973 temporibus
508 3893 638 3972 '‘usitato,
665 3923 702 3960 ue
719 3903 835 3960 deesset
855 3907 1077 3980 atiani-linguae
1092 3919 1140 3955 nos
