2324 4312
1013 89 1028 156 l

100 195 102 198 ’
149 219 211 286 ooo
328 189 329 192 ‘
387 161 969 272 mvrovnsnnnvuvsrmr

107 398 109 404 ν
150 369 294 425 duntaxat
312 363 431 442 gentos}
453 365 612 439 exquibus
628 355 850 438 praedestinata
869 373 976 420 constat
986 362 1108 430 Ecclesiae
1142 357 1160 413 to

149 451 257 526 qulbus
271 448 444 504 seducendis
458 449 508 503 illo
520 457 565 502 est
576 449 696 505 vinculo
710 449 898 522 claustroque
914 447 1052 521 prohibitus.
1075 443 1107 500 su
1140 459 1160 510 u

150 543 201 590 aut
215 535 266 588 illa
278 534 428 594 locutione
445 531 556 586 dictum
576 539 636 601 cst,
655 532 781 605 quaein
795 529 952 604 Scripturis
963 530 1106 604 aliquotiens
1140 543 1160 598 n

149 618 285 687 venitur,
312 616 405 691 qualis
424 623 469 671 est
486 615 517 669 in
531 611 660 685 Psalmo,
687 611 739 669 Sic
757 613 837 669 eceli
853 616 950 670 nostri
965 614 1000 670 ad
1012 611 1104 668 doniors
1139 610 1160 662 iu

152 699 404 770 Deumnootrum,
419 698 508 754 donee
520 699 698 754 misereatur·
710 698 826 770 nostre}
848 715 943 771 neque
954 698 1020 752 enim
1029 693 1103 749 cunni
1138 689 1160 743 lo

151 773 248 838 sertus
262 781 362 850 suerit,
376 799 435 836 non
450 789 537 836 crunt
549 780 625 835 oculi
635 797 787 835 servorum
797 781 860 835 cius
871 779 908 835 ad
917 775 1103 836 Domiuuullcu
1136 771 1160 826 lui

151 882 250 921 suum:
264 873 316 921 aut
327 865 404 918 c‘erte
417 863 472 917 iste
486 873 531 938 est
544 862 615 918 ordo
628 862 799 933 verborum,
819 861 862 918 Et
873 862 985 932 clausit,
997 857 1104 932 sesignei
1141 874 1160 927 „

152 965 242 1024 cuper
255 965 333 1013 eum,
357 944 606 1017 donccfiniuntur
617 945 696 1001 mille
708 947 797 1018 auec]
821 945 899 1020 quod
910 963 977 1002 sero
987 939 1103 1014 interposuit,
1136 933 1160 992 lu

82 1043 86 1058 ⁸
152 1041 254 1086 utnon
268 1019 421 1084 seduceret
434 1030 493 1083 iam
505 1037 623 1103 gentes,
646 1029 689 1082 ita
705 1025 853 1099 sehabet,
876 1036 910 1083 ut
922 1030 954 1084 ab
966 1027 1034 1084 huius
1043 1020 1103 1078 ordiris
1136 1018 1160 1093 'so

154 1111 337 1170 connexione
349 1111 389 1164 sit
401 1111 536 1180 liberum,
552 1119 583 1165 et
595 1128 711 1166 seorsus
725 1109 962 1188 intelligendum,
976 1106 1061 1168 sclutsi
1070 1111 1104 1176 pot
1154 1103 1160 1158 l

151 1179 316 1263 dddcrctur,
331 1201 366 1247 ut
375 1194 418 1248 sic
429 1212 461 1249 se
471 1192 592 1250 liaberet
604 1202 666 1249 tota
679 1195 838 1264 sententia,
851 1193 894 1249 Et
904 1195 1011 1270 clausit,
1021 1199 1041 1247 ct
1049 1190 1105 1261 tigtt
1140 1185 1160 1239 fil

71 1293 73 1298 ’
150 1277 194 1332 eit
205 1293 294 1353 super
308 1295 381 1346 curn,
396 1277 485 1334 donec
492 1275 647 1348 finientur
657 1275 736 1333 mille
746 1280 828 1346 anni,
843 1286 877 1333 ut
889 1295 945 1332 non
957 1269 1105 1333 seduceretur
1136 1263 1160 1321 lu

85 1355 97 1376 '
150 1367 253 1434 gentes
260 1376 271 1431 ;
294 1357 324 1412 id
338 1369 396 1428 est,
420 1359 486 1416 idco
500 1359 616 1430 clausit,
634 1357 882 1421 uonecfiniantor
894 1351 1106 1428 millenarium
1135 1355 1159 1406 ni

152 1458 211 1496 non
224 1439 376 1499 seduceret
387 1451 500 1522 gentes.
1135 1449 1160 1508 m,

1135 1531 1151 1569 u

530 1591 652 1650 cnl’.
694 1587 804 1653 Vlll.
1094 1611 1097 1620 ·
1135 1595 1160 1652 lii

395 1681 447 1760 De,
458 1684 616 1760 colligatione
634 1697 670 1740 et‘
681 1687 812 1741 solutione
832 1689 938 1744 dioboli.
1135 1695 1158 1736 n

212 1776 284 1837 Post
296 1777 379 1846 daec,
391 1775 498 1850 inquit,
520 1787 635 1854 oportet
649 1796 711 1834 eum
727 1777 804 1834 selei
815 1777 899 1836 dreve'
909 1789 1031 1856 temporo.
1053 1764 1107 1825 Sidi
1136 1779 1160 1819 ΙΝ

153 1873 198 1919 cst
219 1864 333 1919 diabolo
352 1860 440 1936 ligari
459 1867 488 1913 et
505 1857 629 1932 includi,
651 1859 816 1917 Ecclesiam
838 1880 898 1917 non
917 1873 995 1935 posse
1014 1855 1118 1930 seduceret
1135 1841 1160 1939 du

108 2017 112 2022 Ι
151 1945 224 2002 hacc
237 1965 312 2023 crgo
323 1945 380 1999 erit
392 1940 499 1998 solutio
513 1943 588 2014 eius,
600 1951 634 1998 ut
645 1941 755 2018 possiti
777 1943 877 2001 Absit:
891 1961 1027 2018 nunquam
1037 1928 1109 1993 cniud
1135 1941 1159 1985 ¹¹¹

153 2031 203 2085 illo
217 2029 351 2086 Ecclesia
365 2021 519 2081 seducetur
536 2026 753 2099 praedestinata
767 2036 796 2082 et
810 2028 905 2084 electa
917 2038 982 2083 ante
993 2019 1109 2080 mundior
1136 2027 1160 2086 to

152 2114 349 2181 stitutionem,
370 2109 405 2164 de
419 2125 475 2182 qua
489 2107 597 2164 dictum
612 2119 671 2181 cst,
684 2179 686 2184 Ι
698 2108 786 2167 Novit
799 2110 944 2168 Dominus
956 2113 1002 2188 qui
1012 2101 1111 2164 ocultis?
1138 2097 1160 2150 di

152 2206 181 2251 et
194 2205 292 2250 tamen
304 2191 352 2248 hic
367 2193 422 2246 erit
435 2193 521 2246 ctiam
534 2193 584 2247 illo
598 2201 742 2268 tempore,
766 2211 824 2268 quo
844 2195 996 2251 solvendus
1013 2199 1048 2246 cst
1060 2180 1112 2239 didt
1140 2193 1158 2250 lt

152 2281 209 2350 lus,
223 2279 297 2332 sicut
311 2293 418 2349 exque
432 2284 477 2329 est
488 2275 643 2347 instituta,
661 2275 708 2332 hic
722 2277 780 2332 fuit
792 2285 821 2331 ct
834 2279 892 2332 crit
903 2261 1114 2348 omnitempool
1141 2253 1159 2315 Β

152 2363 211 2417 suis
233 2355 333 2434 utiquc
353 2358 402 2433 qui
421 2357 582 2412 succedunt
600 2359 746 2415 nascendo
765 2360 967 2418 morientibus.
999 2359 1061 2416 Nam
1073 2344 1116 2424 llll
1144 2359 1160 2413 n

151 2454 216 2518 post
229 2443 311 2513 dicit,
338 2439 413 2517 quod
427 2442 539 2496 solutus
554 2439 684 2497 diabolus
698 2441 833 2498 seductas
847 2455 952 2520 gentes
965 2453 1022 2498 toto
1035 2438 1119 2497 crocu·
1148 2429 1160 2498 l*

149 2545 249 2582 rarum
262 2523 389 2581 attrahet
401 2525 432 2578 in
445 2522 551 2581 bellum
565 2521 702 2580 adversus
717 2543 790 2596 eam,
805 2545 930 2600 quorum
942 2523 1058 2582 hostium
1066 2531 1122 2576 namt
1152 2524 1160 2560 l

149 2628 200 2666 rus
214 2611 271 2664 crit
282 2617 315 2664 ut
328 2615 417 2665 artua
429 2607 528 2662 muris
562 2605 604 2662 Et
616 2609 843 2686 adscenderunt,
856 2611 965 2684 inquit,
980 2627 1059 2687 super
1069 2611 1126 2662 tem
1153 2603 1160 2641 l

150 2692 359 2761 latitudinem,
377 2699 407 2747 et
420 2691 577 2745 cinxerunt
593 2696 696 2748 cestra
709 2702 896 2764 sanctorum,
917 2703 947 2750 et
959 2693 1081 2750 dilectum
1090 2679 1129 2741 o'tt‘t
1156 2691 1160 2724 l

150 2785 259 2832 tatem:
287 2785 316 2832 et
334 2772 484 2830 descendit
502 2773 581 2846 ig'nc's
595 2773 629 2830 de
643 2773 718 2830 coelo
730 2771 842 2843 ioDeo,
870 2787 902 2832 et
920 2778 1043 2834 comedit
1059 2769 1132 2831 eol-’d

113 2849 122 2854 ’
149 2858 282 2914 diadolus
295 2858 346 2933 qui
357 2854 516 2912 seducebat
529 2872 589 2924 eos,
605 2859 710 2912 missus
725 2867 770 2912 est
783 2858 813 2912 in
827 2867 969 2934 stagnum
984 2861 1063 2935 ignis
1071 2865 1093 2913 et
1102 2845 1134 2906 cd

142 2939 268 3020 pluris,
282 2939 332 2995 cdi
344 2949 372 2994 et
386 2937 481 3011 dest-io
494 2939 788 3017 etpseudoproploeta
803 2936 1108 3022 [pseudoprophetae];
1122 2937 1136 2988 θ’

42 3075 44 3083 Α
62 3097 64 3100 Ι
149 3023 361 3080 cruciabuntur·
376 3021 423 3077 dte
436 3029 472 3075 ac
487 3031 570 3076 nocte
584 3023 614 3076 in
627 3021 748 3078 saecule
759 3023 955 3080 sacculorum.
989 3024 1046 3081 Sed
1056 3019 1139 3079 hocin

126 3160 133 3174 Ι
148 3104 185 3160 ad
198 3105 336 3160 iudicium
349 3101 540 3159 novissimum
552 3105 689 3176 pertinet,
703 3103 778 3179 quod
794 3123 873 3160 nunc
886 3117 1044 3182 propterea
1056 3117 1140 3164 comat

114 3217 116 3224 s
148 3187 320 3272 morandum
332 3187 440 3261 putavi,
454 3203 491 3240 ne
505 3187 570 3259 quis
584 3188 732 3260 existimet
742 3207 777 3243 co
787 3189 850 3262 ipso
863 3207 958 3263 parvo
971 3201 1100 3266 tempore,
1109 3197 1142 3258 ult

148 3271 278 3327 solvetur
291 3269 436 3339 diabolus,
461 3269 492 3323 in
506 3266 559 3324 huc
574 3277 653 3325 terra
666 3269 829 3326 Ecclesiam
843 3290 906 3328 non
919 3273 1058 3344 futuram,
1070 3265 1143 3328 idolit
1158 3311 1159 3316 ,

148 3349 345 3409 cam'vel'non
358 3351 542 3423 inveniente,
571 3371 637 3408 cum
660 3353 750 3410 fucrit
772 3356 902 3426 solutus,
929 3359 978 3413 vel
1000 3359 1144 3414 absumente

148 3452 213 3490 cum
226 3436 315 3490 fuerit
327 3434 419 3490 modis
435 3433 567 3490 omnibus
589 3445 769 3509 persecutus.
812 3435 881 3493 Non
899 3440 1001 3514 itaque
1018 3459 1068 3516 per
1083 3443 1144 3493 cotra

146 3513 203 3572 hoc
216 3526 343 3592 tempus,
372 3517 447 3593 quod
461 3517 535 3572 liber
549 3519 605 3572 istc
624 3521 839 3593 complectitur,
864 3518 991 3597 aprima
1006 3512 1144 3580 scilicetd

97 3625 108 3663 χ
145 3589 236 3655 ventu
247 3599 355 3668 Christi
365 3619 458 3674 usque
469 3601 500 3655 in
512 3602 622 3656 sacculi
635 3602 734 3673 finem,
749 3617 805 3677 quo
821 3605 879 3659 cr'lt
892 3606 1039 3662 secundus
1052 3595 1144 3660 eiusd-

145 3690 263 3753 vcntus,
277 3685 318 3738 ita
330 3683 459 3740 diabolus
471 3685 620 3760 alligatur,
634 3695 667 3741 ut
680 3688 743 3741 cius
757 3686 829 3741 hacc
843 3689 909 3761 ipsa
922 3691 962 3744 sit
973 3690 1102 3766 alligatio,
1111 3695 1143 3754 pfl

50 3809 53 3822 ,
144 3759 200 3816 hoc
214 3762 417 3836 intervallum,
433 3766 508 3841 quod
521 3768 600 3822 mille
615 3769 759 3824 annorum
774 3777 897 3826 numero
912 3775 1043 3846 appellat,
1055 3780 1143 3826 nonst-

129 3883 131 3887 -
146 3841 251 3900 ducere
264 3843 442 3920 Ecclesiam3
469 3849 582 3924 quando
596 3852 718 3928 ¹quidem
731 3853 808 3910 illam
823 3865 880 3911 nec
894 3857 1007 3913 solutus
1020 3855 1103 3928 utique
1112 3862 1141 3900 tt
