<?xml version="1.0" encoding="UTF-8"?>
<!DOCTYPE html PUBLIC "-//W3C//DTD XHTML 1.0 Transitional//EN"
    "http://www.w3.org/TR/xhtml1/DTD/xhtml1-transitional.dtd">
<html xmlns="http://www.w3.org/1999/xhtml" xml:lang="en" lang="en">
 <head>
  <title>
</title>
<meta http-equiv="Content-Type" content="text/html;charset=utf-8" />
  <meta name='ocr-system' content='tesseract 3.04.00' />
  <meta name='ocr-capabilities' content='ocr_page ocr_carea ocr_par ocr_line ocrx_word'/>
</head>
<body>
  <div class='ocr_page' id='page_1' title='image "./saureliiaugusti00augugoog_0095.png"; bbox 0 0 2340 4320; ppageno 0'>
   <div class='ocr_carea' id='block_1_1' title="bbox 168 167 1026 254">
    <p class='ocr_par' dir='ltr' id='par_1_1' title="bbox 168 167 1026 254">
     <span class='ocr_line' id='line_1_1' title="bbox 168 167 1026 254; baseline 0.001 -2"><span class='ocrx_word' id='word_1_1' title='bbox 168 199 209 253; x_wconf 89' lang='lat' dir='ltr'><strong>oo</strong></span> <span class='ocrx_word' id='word_1_2' title='bbox 398 187 497 248; x_wconf 82' lang='grc' dir='ltr'><strong>ιιινι</strong></span> <span class='ocrx_word' id='word_1_3' title='bbox 516 187 703 249; x_wconf 76' lang='grc' dir='ltr'><strong>ιιιιιιιιι</strong></span> <span class='ocrx_word' id='word_1_4' title='bbox 727 167 984 248; x_wconf 74' lang='grc' dir='ltr'><strong>ινιινειιιιι</strong></span> <span class='ocrx_word' id='word_1_5' title='bbox 1022 239 1026 254; x_wconf 89' lang='grc'><strong>.</strong></span> 
     </span>
    </p>
   </div>
   <div class='ocr_carea' id='block_1_2' title="bbox 88 337 1138 3702">
    <p class='ocr_par' dir='ltr' id='par_1_2' title="bbox 103 337 1138 1326">
     <span class='ocr_line' id='line_1_2' title="bbox 168 337 1138 418; baseline -0.006 -17"><span class='ocrx_word' id='word_1_6' title='bbox 168 337 346 418; x_wconf 76' lang='lat' dir='ltr'><strong>functasque</strong></span> <span class='ocrx_word' id='word_1_7' title='bbox 369 343 438 398; x_wconf 86' lang='lat' dir='ltr'><strong>bine</strong></span> <span class='ocrx_word' id='word_1_8' title='bbox 463 352 552 418; x_wconf 78' lang='lat' dir='ltr'><strong>etque</strong></span> <span class='ocrx_word' id='word_1_9' title='bbox 574 341 642 398; x_wconf 89' lang='lat' dir='ltr'><strong>inde</strong></span> <span class='ocrx_word' id='word_1_10' title='bbox 663 343 819 411; x_wconf 77' lang='lat' dir='ltr'><strong>victorias,</strong></span> <span class='ocrx_word' id='word_1_11' title='bbox 844 359 967 418; x_wconf 83' lang='lat' dir='ltr'><strong>magnos</strong></span> <span class='ocrx_word' id='word_1_12' title='bbox 980 344 1138 418; x_wconf 81' lang='lat' dir='ltr'><strong>egerentlr</strong></span> 
     </span>
     <span class='ocr_line' id='line_1_3' title="bbox 168 424 1138 499; baseline -0.003 -16"><span class='ocrx_word' id='word_1_13' title='bbox 168 429 343 484; x_wconf 79' lang='lat' dir='ltr'><strong>deensonurn</strong></span> <span class='ocrx_word' id='word_1_14' title='bbox 356 435 387 481; x_wconf 89' lang='lat' dir='ltr'><strong>ot</strong></span> <span class='ocrx_word' id='word_1_15' title='bbox 398 427 509 498; x_wconf 73' lang='lat' dir='ltr'><strong>opimas</strong></span> <span class='ocrx_word' id='word_1_16' title='bbox 524 427 624 499; x_wconf 77' lang='lat' dir='ltr'><strong>epulas</strong></span> <span class='ocrx_word' id='word_1_17' title='bbox 637 425 809 480; x_wconf 83' lang='lat' dir='ltr'><strong>inferorum.</strong></span> <span class='ocrx_word' id='word_1_18' title='bbox 850 424 932 480; x_wconf 85' lang='lat' dir='ltr'><strong>Nihil</strong></span> <span class='ocrx_word' id='word_1_19' title='bbox 955 443 1026 480; x_wconf 80' lang='lat' dir='ltr'><strong>sene</strong></span> <span class='ocrx_word' id='word_1_20' title='bbox 1046 426 1138 480; x_wconf 81' lang='lat' dir='ltr'><strong>miser</strong></span> 
     </span>
     <span class='ocr_line' id='line_1_4' title="bbox 167 505 1138 584; baseline -0.004 -18"><span class='ocrx_word' id='word_1_21' title='bbox 167 512 224 571; x_wconf 87' lang='lat' dir='ltr'><strong>lius</strong></span> <span class='ocrx_word' id='word_1_22' title='bbox 238 512 330 584; x_wconf 87' lang='lat' dir='ltr'><strong>prime</strong></span> <span class='ocrx_word' id='word_1_23' title='bbox 344 509 426 564; x_wconf 85' lang='lat' dir='ltr'><strong>bello</strong></span> <span class='ocrx_word' id='word_1_24' title='bbox 435 507 682 579; x_wconf 81' lang='lat' dir='ltr'><strong>Punicoseeidit,</strong></span> <span class='ocrx_word' id='word_1_25' title='bbox 708 525 796 580; x_wconf 82' lang='lat' dir='ltr'><strong>quam</strong></span> <span class='ocrx_word' id='word_1_26' title='bbox 820 507 898 582; x_wconf 88' lang='lat' dir='ltr'><strong>quod</strong></span> <span class='ocrx_word' id='word_1_27' title='bbox 923 509 966 561; x_wconf 80' lang='lat' dir='ltr'><strong>ito</strong></span> <span class='ocrx_word' id='word_1_28' title='bbox 979 505 1100 574; x_wconf 79' lang='lat' dir='ltr'><strong>Romani</strong></span> <span class='ocrx_word' id='word_1_29' title='bbox 1123 525 1138 556; x_wconf 67' lang='grc' dir='ltr'><strong>ι</strong></span> 
     </span>
     <span class='ocr_line' id='line_1_5' title="bbox 168 589 1138 668; baseline -0.006 -20"><span class='ocrx_word' id='word_1_30' title='bbox 168 602 252 664; x_wconf 87' lang='lat' dir='ltr'><strong>sunt,</strong></span> <span class='ocrx_word' id='word_1_31' title='bbox 277 600 311 647; x_wconf 89' lang='lat' dir='ltr'><strong>ut</strong></span> <span class='ocrx_word' id='word_1_32' title='bbox 335 593 425 646; x_wconf 83' lang='lat' dir='ltr'><strong>etism</strong></span> <span class='ocrx_word' id='word_1_33' title='bbox 446 589 579 668; x_wconf 81' lang='lat' dir='ltr'><strong>Regulus</strong></span> <span class='ocrx_word' id='word_1_34' title='bbox 605 592 655 644; x_wconf 87' lang='lat' dir='ltr'><strong>ille</strong></span> <span class='ocrx_word' id='word_1_35' title='bbox 682 598 852 662; x_wconf 77' lang='lat' dir='ltr'><strong>caperetur,</strong></span> <span class='ocrx_word' id='word_1_36' title='bbox 879 591 961 644; x_wconf 89' lang='lat' dir='ltr'><strong>euius</strong></span> <span class='ocrx_word' id='word_1_37' title='bbox 973 590 1006 644; x_wconf 92' lang='lat' dir='ltr'><strong>iu</strong></span> <span class='ocrx_word' id='word_1_38' title='bbox 1018 591 1138 662; x_wconf 73' lang='lat' dir='ltr'><strong>primos</strong></span> 
     </span>
     <span class='ocr_line' id='line_1_6' title="bbox 166 672 1138 748; baseline -0.003 -17"><span class='ocrx_word' id='word_1_39' title='bbox 166 677 260 732; x_wconf 81' lang='lat' dir='ltr'><strong>altero</strong></span> <span class='ocrx_word' id='word_1_40' title='bbox 285 675 360 729; x_wconf 88' lang='lat' dir='ltr'><strong>libro</strong></span> <span class='ocrx_word' id='word_1_41' title='bbox 386 675 566 728; x_wconf 87' lang='lat' dir='ltr'><strong>mentionem</strong></span> <span class='ocrx_word' id='word_1_42' title='bbox 589 672 730 742; x_wconf 87' lang='lat' dir='ltr'><strong>feeimus,</strong></span> <span class='ocrx_word' id='word_1_43' title='bbox 756 673 804 727; x_wconf 85' lang='lat' dir='ltr'><strong>rir</strong></span> <span class='ocrx_word' id='word_1_44' title='bbox 815 674 902 744; x_wconf 86' lang='lat' dir='ltr'><strong>plane</strong></span> <span class='ocrx_word' id='word_1_45' title='bbox 914 690 1038 748; x_wconf 86' lang='lat' dir='ltr'><strong>magnus</strong></span> <span class='ocrx_word' id='word_1_46' title='bbox 1052 679 1089 730; x_wconf 72' lang='lat' dir='ltr'><strong>et,</strong></span> <span class='ocrx_word' id='word_1_47' title='bbox 1102 673 1138 728; x_wconf 85' lang='lat' dir='ltr'><strong>ri</strong></span> 
     </span>
     <span class='ocr_line' id='line_1_7' title="bbox 167 753 1138 829; baseline -0.007 -16"><span class='ocrx_word' id='word_1_48' title='bbox 167 768 254 814; x_wconf 83' lang='lat' dir='ltr'><strong>anteo</strong></span> <span class='ocrx_word' id='word_1_49' title='bbox 280 755 462 829; x_wconf 80' lang='lat' dir='ltr'><strong>domitorque</strong></span> <span class='ocrx_word' id='word_1_50' title='bbox 475 753 657 826; x_wconf 84' lang='lat' dir='ltr'><strong>Poenarum:</strong></span> <span class='ocrx_word' id='word_1_51' title='bbox 683 755 736 828; x_wconf 83' lang='lat' dir='ltr'><strong>qui</strong></span> <span class='ocrx_word' id='word_1_52' title='bbox 749 756 945 828; x_wconf 74' lang='lat' dir='ltr'><strong>etiumipsnm</strong></span> <span class='ocrx_word' id='word_1_53' title='bbox 954 755 1081 828; x_wconf 85' lang='lat' dir='ltr'><strong>primum</strong></span> <span class='ocrx_word' id='word_1_54' title='bbox 1091 755 1138 810; x_wconf 89' lang='lat' dir='ltr'><strong>bel</strong></span> 
     </span>
     <span class='ocr_line' id='line_1_8' title="bbox 137 834 1138 913; baseline -0.005 -17"><span class='ocrx_word' id='word_1_55' title='bbox 137 901 138 904; x_wconf 44' lang='lat'><strong>,</strong></span> <span class='ocrx_word' id='word_1_56' title='bbox 166 839 311 896; x_wconf 88' lang='lat' dir='ltr'><strong>l&#39;nnieum</strong></span> <span class='ocrx_word' id='word_1_57' title='bbox 336 835 531 908; x_wconf 74' lang='lat' dir='ltr'><strong>confecisset,</strong></span> <span class='ocrx_word' id='word_1_58' title='bbox 557 839 617 893; x_wconf 89' lang='lat' dir='ltr'><strong>nisi</strong></span> <span class='ocrx_word' id='word_1_59' title='bbox 641 837 783 894; x_wconf 72' lang='lat' dir='ltr'><strong>aviditate</strong></span> <span class='ocrx_word' id='word_1_60' title='bbox 807 838 898 892; x_wconf 73' lang='grc' dir='ltr'><strong>ιιὶιιιίιι</strong></span> <span class='ocrx_word' id='word_1_61' title='bbox 920 835 1013 890; x_wconf 76' lang='lat' dir='ltr'><strong>laudis</strong></span> <span class='ocrx_word' id='word_1_62' title='bbox 1041 845 1071 890; x_wconf 92' lang='lat' dir='ltr'><strong>et</strong></span> <span class='ocrx_word' id='word_1_63' title='bbox 1088 834 1138 913; x_wconf 83' lang='lat' dir='ltr'><strong>glo</strong></span> 
     </span>
     <span class='ocr_line' id='line_1_9' title="bbox 167 917 1138 995; baseline -0.003 -18"><span class='ocrx_word' id='word_1_64' title='bbox 167 923 300 977; x_wconf 86' lang='lat' dir='ltr'><strong>duriores</strong></span> <span class='ocrx_word' id='word_1_65' title='bbox 314 919 517 989; x_wconf 82' lang='lat' dir='ltr'><strong>conditiones,</strong></span> <span class='ocrx_word' id='word_1_66' title='bbox 532 938 618 994; x_wconf 84' lang='lat' dir='ltr'><strong>qnam</strong></span> <span class='ocrx_word' id='word_1_67' title='bbox 630 921 709 974; x_wconf 89' lang='lat' dir='ltr'><strong>forre</strong></span> <span class='ocrx_word' id='word_1_68' title='bbox 723 929 859 994; x_wconf 76' lang='lat' dir='ltr'><strong>possent,</strong></span> <span class='ocrx_word' id='word_1_69' title='bbox 873 919 960 974; x_wconf 89' lang='lat' dir='ltr'><strong>fessis</strong></span> <span class='ocrx_word' id='word_1_70' title='bbox 974 917 1138 995; x_wconf 76' lang='lat' dir='ltr'><strong>carthagin·</strong></span> 
     </span>
     <span class='ocr_line' id='line_1_10' title="bbox 167 1000 1138 1076; baseline -0.007 -15"><span class='ocrx_word' id='word_1_71' title='bbox 167 1005 270 1062; x_wconf 87' lang='lat' dir='ltr'><strong>sibus&#39;</strong></span> <span class='ocrx_word' id='word_1_72' title='bbox 261 1013 444 1076; x_wconf 78' lang='lat' dir='ltr'><strong>suiperasset.</strong></span> <span class='ocrx_word' id='word_1_73' title='bbox 486 1000 568 1058; x_wconf 89' lang='lat' dir='ltr'><strong>lllius</strong></span> <span class='ocrx_word' id='word_1_74' title='bbox 582 1005 641 1059; x_wconf 82' lang='lat' dir='ltr'><strong>viri</strong></span> <span class='ocrx_word' id='word_1_75' title='bbox 659 1011 690 1058; x_wconf 90' lang='lat' dir='ltr'><strong>et</strong></span> <span class='ocrx_word' id='word_1_76' title='bbox 714 1004 869 1075; x_wconf 81' lang='lat' dir='ltr'><strong>eaptivitas</strong></span> <span class='ocrx_word' id='word_1_77' title='bbox 896 1002 1138 1074; x_wconf 79' lang='lat' dir='ltr'><strong>inopinatissima,</strong></span> 
     </span>
     <span class='ocr_line' id='line_1_11' title="bbox 166 1085 1138 1183; baseline -0.006 -41"><span class='ocrx_word' id='word_1_78' title='bbox 166 1088 293 1142; x_wconf 86' lang='lat' dir='ltr'><strong>servitus</strong></span> <span class='ocrx_word' id='word_1_79' title='bbox 307 1086 529 1183; x_wconf 80' lang='lat' dir='ltr'><strong>ipdignissirua,</strong></span> <span class='ocrx_word' id='word_1_80' title='bbox 557 1095 587 1141; x_wconf 92' lang='lat' dir='ltr'><strong>et</strong></span> <span class='ocrx_word' id='word_1_81' title='bbox 611 1086 720 1140; x_wconf 85' lang='lat' dir='ltr'><strong>iuratio</strong></span> <span class='ocrx_word' id='word_1_82' title='bbox 745 1085 931 1154; x_wconf 83' lang='lat' dir='ltr'><strong>fidelissima,</strong></span> <span class='ocrx_word' id='word_1_83' title='bbox 957 1092 1079 1138; x_wconf 85' lang='lat' dir='ltr'><strong>etmors</strong></span> <span class='ocrx_word' id='word_1_84' title='bbox 1093 1101 1138 1137; x_wconf 86' lang='lat' dir='ltr'><strong>ere</strong></span> 
     </span>
     <span class='ocr_line' id='line_1_12' title="bbox 166 1167 1138 1244; baseline -0.003 -20"><span class='ocrx_word' id='word_1_85' title='bbox 166 1170 277 1224; x_wconf 86' lang='lat' dir='ltr'><strong>lissima</strong></span> <span class='ocrx_word' id='word_1_86' title='bbox 303 1169 329 1222; x_wconf 90' lang='lat' dir='ltr'><strong>si</strong></span> <span class='ocrx_word' id='word_1_87' title='bbox 348 1167 418 1223; x_wconf 86' lang='lat' dir='ltr'><strong>deos</strong></span> <span class='ocrx_word' id='word_1_88' title='bbox 431 1170 496 1224; x_wconf 89' lang='lat' dir='ltr'><strong>illos</strong></span> <span class='ocrx_word' id='word_1_89' title='bbox 523 1186 583 1224; x_wconf 90' lang='lat' dir='ltr'><strong>nen</strong></span> <span class='ocrx_word' id='word_1_90' title='bbox 606 1170 686 1244; x_wconf 82' lang='lat' dir='ltr'><strong>eagit</strong></span> <span class='ocrx_word' id='word_1_91' title='bbox 711 1169 901 1237; x_wconf 79' lang='lat' dir='ltr'><strong>erubescere,</strong></span> <span class='ocrx_word' id='word_1_92' title='bbox 925 1184 1030 1223; x_wconf 84' lang='lat' dir='ltr'><strong>verum</strong></span> <span class='ocrx_word' id='word_1_93' title='bbox 1054 1174 1099 1221; x_wconf 87' lang='lat' dir='ltr'><strong>est</strong></span> <span class='ocrx_word' id='word_1_94' title='bbox 1123 1182 1138 1238; x_wconf 89' lang='lat' dir='ltr'><strong>q</strong></span> 
     </span>
     <span class='ocr_line' id='line_1_13' title="bbox 103 1248 807 1326; baseline -0.007 -18"><span class='ocrx_word' id='word_1_95' title='bbox 103 1277 118 1290; x_wconf 50' lang='grc' dir='ltr'><em>ν</em></span> <span class='ocrx_word' id='word_1_96' title='bbox 166 1251 246 1308; x_wconf 79' lang='lat' dir='ltr'><strong>aerei</strong></span> <span class='ocrx_word' id='word_1_97' title='bbox 259 1259 343 1321; x_wconf 85' lang='lat' dir='ltr'><strong>sunt,</strong></span> <span class='ocrx_word' id='word_1_98' title='bbox 371 1260 402 1306; x_wconf 88' lang='lat' dir='ltr'><strong>et</strong></span> <span class='ocrx_word' id='word_1_99' title='bbox 418 1269 478 1307; x_wconf 88' lang='lat' dir='ltr'><strong>non</strong></span> <span class='ocrx_word' id='word_1_100' title='bbox 496 1248 606 1306; x_wconf 83' lang='lat' dir='ltr'><strong>hebent</strong></span> <span class='ocrx_word' id='word_1_101' title='bbox 622 1252 807 1326; x_wconf 75' lang='lat' dir='ltr'><strong>sanguinem,</strong></span> 
     </span>
    </p>

    <p class='ocr_par' dir='ltr' id='par_1_3' title="bbox 88 1329 1138 3702">
     <span class='ocr_line' id='line_1_14' title="bbox 228 1329 1138 1409; baseline -0.007 -21"><span class='ocrx_word' id='word_1_102' title='bbox 228 1331 291 1388; x_wconf 90' lang='lat' dir='ltr'><strong>Nee</strong></span> <span class='ocrx_word' id='word_1_103' title='bbox 304 1335 380 1387; x_wconf 88' lang='lat' dir='ltr'><strong>mala</strong></span> <span class='ocrx_word' id='word_1_104' title='bbox 392 1334 442 1388; x_wconf 92' lang='lat' dir='ltr'><strong>illo</strong></span> <span class='ocrx_word' id='word_1_105' title='bbox 456 1341 586 1406; x_wconf 88' lang='lat' dir='ltr'><strong>tempore</strong></span> <span class='ocrx_word' id='word_1_106' title='bbox 599 1334 775 1409; x_wconf 81' lang='lat' dir='ltr'><strong>grauissimo</strong></span> <span class='ocrx_word' id='word_1_107' title='bbox 797 1333 877 1387; x_wconf 84' lang='lat' dir='ltr'><strong>intro</strong></span> <span class='ocrx_word' id='word_1_108' title='bbox 893 1331 1018 1386; x_wconf 73' lang='lat' dir='ltr'><strong>moenie</strong></span> <span class='ocrx_word' id='word_1_109' title='bbox 1033 1329 1138 1386; x_wconf 72' lang='lat' dir='ltr'><strong>defuero</strong></span> 
     </span>
     <span class='ocr_line' id='line_1_15' title="bbox 165 1412 1138 1486; baseline -0.006 -13"><span class='ocrx_word' id='word_1_110' title='bbox 165 1415 241 1473; x_wconf 85' lang='lat' dir='ltr'><strong>Nem</strong></span> <span class='ocrx_word' id='word_1_111' title='bbox 254 1415 422 1470; x_wconf 73' lang='lat' dir='ltr'>exundante</span> <span class='ocrx_word' id='word_1_112' title='bbox 436 1417 523 1470; x_wconf 81' lang='lat' dir='ltr'><strong>nisnis</strong></span> <span class='ocrx_word' id='word_1_113' title='bbox 537 1417 615 1470; x_wconf 81' lang='lat' dir='ltr'><strong>ultra</strong></span> <span class='ocrx_word' id='word_1_114' title='bbox 628 1433 738 1470; x_wconf 86' lang='lat' dir='ltr'><strong>morem</strong></span> <span class='ocrx_word' id='word_1_115' title='bbox 751 1412 997 1470; x_wconf 77' lang='lat' dir='ltr'><strong>fluvio&#39;Tiberino</strong></span> <span class='ocrx_word' id='word_1_116' title='bbox 1015 1431 1089 1486; x_wconf 88' lang='lat' dir='ltr'><strong>pene</strong></span> <span class='ocrx_word' id='word_1_117' title='bbox 1103 1429 1138 1468; x_wconf 84' lang='lat' dir='ltr'><strong>ou</strong></span> 
     </span>
     <span class='ocr_line' id='line_1_16' title="bbox 165 1496 1138 1570; baseline -0.006 -16"><span class='ocrx_word' id='word_1_118' title='bbox 165 1498 247 1556; x_wconf 90' lang='lat' dir='ltr'><strong>urbis</strong></span> <span class='ocrx_word' id='word_1_119' title='bbox 272 1499 359 1569; x_wconf 86' lang='lat' dir='ltr'><strong>plone</strong></span> <span class='ocrx_word' id='word_1_120' title='bbox 373 1499 513 1554; x_wconf 73' lang='lat' dir='ltr'><strong>subversa</strong></span> <span class='ocrx_word' id='word_1_121' title='bbox 526 1507 613 1554; x_wconf 88' lang='lat' dir='ltr'><strong>sunt:</strong></span> <span class='ocrx_word' id='word_1_122' title='bbox 640 1499 705 1552; x_wconf 84' lang='lat' dir='ltr'><strong>aliis</strong></span> <span class='ocrx_word' id='word_1_123' title='bbox 720 1498 830 1568; x_wconf 88' lang='lat' dir='ltr'><strong>impetu</strong></span> <span class='ocrx_word' id='word_1_124' title='bbox 843 1497 928 1570; x_wconf 86' lang='lat' dir='ltr'><strong>quasi</strong></span> <span class='ocrx_word' id='word_1_125' title='bbox 940 1497 1082 1550; x_wconf 88' lang='lat' dir='ltr'><strong>terrentis</strong></span> <span class='ocrx_word' id='word_1_126' title='bbox 1096 1496 1138 1566; x_wconf 87' lang='lat' dir='ltr'><strong>inq</strong></span> 
     </span>
     <span class='ocr_line' id='line_1_17' title="bbox 166 1577 1138 1678; baseline -0.006 -42"><span class='ocrx_word' id='word_1_127' title='bbox 166 1583 222 1651; x_wconf 65' lang='lat' dir='ltr'><strong>sis,</strong></span> <span class='ocrx_word' id='word_1_128' title='bbox 249 1581 314 1635; x_wconf 86' lang='lat' dir='ltr'><strong>aliis</strong></span> <span class='ocrx_word' id='word_1_129' title='bbox 341 1582 422 1635; x_wconf 88' lang='lat' dir='ltr'><strong>velut</strong></span> <span class='ocrx_word' id='word_1_130' title='bbox 448 1591 571 1678; x_wconf 73' lang='lat' dir='ltr'><strong>stagno</strong></span> <span class='ocrx_word' id='word_1_131' title='bbox 581 1580 719 1634; x_wconf 88' lang='lat' dir='ltr'><strong>diuturno</strong></span> <span class='ocrx_word' id='word_1_132' title='bbox 745 1579 916 1633; x_wconf 76' lang='lat' dir='ltr'><strong>madefactis</strong></span> <span class='ocrx_word' id='word_1_133' title='bbox 941 1585 1028 1651; x_wconf 83' lang='lat' dir='ltr'><strong>etque</strong></span> <span class='ocrx_word' id='word_1_134' title='bbox 1042 1577 1138 1653; x_wconf 80' lang='lat' dir='ltr'><strong>sublep</strong></span> 
     </span>
     <span class='ocr_line' id='line_1_18' title="bbox 88 1660 1138 1740; baseline -0.009 -21"><span class='ocrx_word' id='word_1_135' title='bbox 88 1709 101 1726; x_wconf 71' lang='grc'>,</span> <span class='ocrx_word' id='word_1_136' title='bbox 116 1669 118 1682; x_wconf 90' lang='grc'><em>“</em></span> <span class='ocrx_word' id='word_1_137' title='bbox 165 1662 256 1719; x_wconf 87' lang='lat' dir='ltr'><strong>lstem</strong></span> <span class='ocrx_word' id='word_1_138' title='bbox 268 1662 373 1717; x_wconf 88' lang='lat' dir='ltr'><strong>deinde</strong></span> <span class='ocrx_word' id='word_1_139' title='bbox 386 1673 498 1737; x_wconf 85' lang='lat' dir='ltr'><strong>postem</strong></span> <span class='ocrx_word' id='word_1_140' title='bbox 511 1663 593 1740; x_wconf 84' lang='lat' dir='ltr'><strong>ignis</strong></span> <span class='ocrx_word' id='word_1_141' title='bbox 604 1662 798 1736; x_wconf 69' lang='lat' dir='ltr'><strong>perniciosior</strong></span> <span class='ocrx_word' id='word_1_142' title='bbox 811 1660 983 1715; x_wconf 84' lang='lat' dir='ltr'><strong>subsecutus</strong></span> <span class='ocrx_word' id='word_1_143' title='bbox 998 1667 1058 1730; x_wconf 88' lang='lat' dir='ltr'><strong>est,</strong></span> <span class='ocrx_word' id='word_1_144' title='bbox 1073 1660 1138 1732; x_wconf 69' lang='lat' dir='ltr'><strong>qui«</strong></span> 
     </span>
     <span class='ocr_line' id='line_1_19' title="bbox 95 1738 1138 1821; baseline -0.008 -19"><span class='ocrx_word' id='word_1_145' title='bbox 95 1803 103 1818; x_wconf 61' lang='lat'><strong>,</strong></span> <span class='ocrx_word' id='word_1_146' title='bbox 165 1747 257 1820; x_wconf 79' lang='lat' dir='ltr'><strong>reptio</strong></span> <span class='ocrx_word' id='word_1_147' title='bbox 272 1747 351 1801; x_wconf 79' lang='lat' dir='ltr'><strong>eirea</strong></span> <span class='ocrx_word' id='word_1_148' title='bbox 364 1746 462 1802; x_wconf 86' lang='lat' dir='ltr'><strong>forum</strong></span> <span class='ocrx_word' id='word_1_149' title='bbox 475 1747 638 1821; x_wconf 76' lang='lat' dir='ltr'><strong>quibusque</strong></span> <span class='ocrx_word' id='word_1_150' title='bbox 652 1743 843 1812; x_wconf 84' lang='lat' dir='ltr'><strong>celsioribus,</strong></span> <span class='ocrx_word' id='word_1_151' title='bbox 870 1744 959 1798; x_wconf 85' lang='lat' dir='ltr'><strong>stiam</strong></span> <span class='ocrx_word' id='word_1_152' title='bbox 971 1742 1080 1815; x_wconf 85' lang='lat' dir='ltr'><strong>templo</strong></span> <span class='ocrx_word' id='word_1_153' title='bbox 1094 1738 1138 1795; x_wconf 77' lang='lat' dir='ltr'><strong>ve</strong></span> 
     </span>
     <span class='ocr_line' id='line_1_20' title="bbox 166 1825 1138 1902; baseline -0.011 -18"><span class='ocrx_word' id='word_1_154' title='bbox 166 1847 218 1884; x_wconf 82' lang='lat' dir='ltr'><strong>suo</strong></span> <span class='ocrx_word' id='word_1_155' title='bbox 233 1828 460 1883; x_wconf 76' lang='lat' dir='ltr'><strong>familiarissimo</strong></span> <span class='ocrx_word' id='word_1_156' title='bbox 475 1846 535 1887; x_wconf 87' lang='lat' dir='ltr'><strong>non</strong></span> <span class='ocrx_word' id='word_1_157' title='bbox 548 1827 710 1902; x_wconf 83' lang='lat' dir='ltr'><strong>pepercit,</strong></span> <span class='ocrx_word' id='word_1_158' title='bbox 719 1826 769 1880; x_wconf 91' lang='lat' dir='ltr'><strong>ubi</strong></span> <span class='ocrx_word' id='word_1_159' title='bbox 783 1843 811 1878; x_wconf 83' lang='lat' dir='ltr'><strong>er</strong></span> <span class='ocrx_word' id='word_1_160' title='bbox 802 1826 915 1880; x_wconf 87' lang='lat' dir='ltr'><strong>&#39;veluti</strong></span> <span class='ocrx_word' id='word_1_161' title='bbox 927 1825 1019 1879; x_wconf 84' lang='lat' dir='ltr'><strong>vitam</strong></span> <span class='ocrx_word' id='word_1_162' title='bbox 1034 1831 1138 1896; x_wconf 68' lang='lat' dir='ltr'><strong>perpeti</strong></span> 
     </span>
     <span class='ocr_line' id='line_1_21' title="bbox 99 1895 1138 1988; baseline -0.007 -22"><span class='ocrx_word' id='word_1_163' title='bbox 99 1971 103 1988; x_wconf 36' lang='lat' dir='ltr'><em>s</em></span> <span class='ocrx_word' id='word_1_164' title='bbox 153 1910 392 1987; x_wconf 81' lang='lat' dir='ltr'><strong>&#39;diligentissima</strong></span> <span class='ocrx_word' id='word_1_165' title='bbox 402 1909 611 1964; x_wconf 80' lang='lat' dir='ltr'><strong>substitutione</strong></span> <span class='ocrx_word' id='word_1_166' title='bbox 624 1895 793 1984; x_wconf 79' lang='lat' dir='ltr'><strong>lignorum,</strong></span> <span class='ocrx_word' id='word_1_167' title='bbox 802 1927 863 1978; x_wconf 89' lang='lat' dir='ltr'><strong>nou</strong></span> <span class='ocrx_word' id='word_1_168' title='bbox 873 1917 933 1962; x_wconf 79' lang='lat' dir='ltr'><strong>torn</strong></span> <span class='ocrx_word' id='word_1_169' title='bbox 942 1903 1103 1962; x_wconf 78' lang='lat' dir='ltr'><strong>honoratae</strong></span> <span class='ocrx_word' id='word_1_170' title='bbox 1117 1921 1138 1978; x_wconf 86' lang='lat' dir='ltr'><strong>(p</strong></span> 
     </span>
     <span class='ocr_line' id='line_1_22' title="bbox 164 1988 1138 2066; baseline -0.007 -17"><span class='ocrx_word' id='word_1_171' title='bbox 164 1992 319 2049; x_wconf 84' lang='lat' dir='ltr'><strong>damnatae</strong></span> <span class='ocrx_word' id='word_1_172' title='bbox 332 1992 464 2066; x_wconf 80' lang='lat' dir='ltr'><strong>virgines</strong></span> <span class='ocrx_word' id='word_1_173' title='bbox 479 1990 589 2045; x_wconf 80' lang='lat' dir='ltr'><strong>donare</strong></span> <span class='ocrx_word' id='word_1_174' title='bbox 602 1998 828 2064; x_wconf 73' lang='lat' dir='ltr'><strong>consueverant.</strong></span> <span class='ocrx_word' id='word_1_175' title='bbox 852 1988 938 2044; x_wconf 91' lang='lat' dir='ltr'><strong>Tune</strong></span> <span class='ocrx_word' id='word_1_176' title='bbox 951 2007 1022 2044; x_wconf 90' lang='lat' dir='ltr'><strong>vero</strong></span> <span class='ocrx_word' id='word_1_177' title='bbox 1037 1989 1098 2043; x_wconf 90' lang='lat' dir='ltr'><strong>illie</strong></span> <span class='ocrx_word' id='word_1_178' title='bbox 1111 1989 1138 2063; x_wconf 82' lang='lat' dir='ltr'><strong>ig</strong></span> 
     </span>
     <span class='ocr_line' id='line_1_23' title="bbox 165 2069 1131 2143; baseline -0.005 -12"><span class='ocrx_word' id='word_1_179' title='bbox 165 2093 225 2132; x_wconf 88' lang='lat' dir='ltr'><strong>non</strong></span> <span class='ocrx_word' id='word_1_180' title='bbox 239 2072 499 2140; x_wconf 65' lang='lat' dir='ltr'><strong>tantumno-ebat,</strong></span> <span class='ocrx_word' id='word_1_181' title='bbox 525 2072 577 2126; x_wconf 86' lang='lat' dir='ltr'><strong>sed</strong></span> <span class='ocrx_word' id='word_1_182' title='bbox 604 2071 692 2126; x_wconf 86' lang='lat' dir='ltr'><strong>etiam</strong></span> <span class='ocrx_word' id='word_1_183' title='bbox 717 2072 874 2128; x_wconf 78' lang='lat' dir='ltr'><strong>saeviebat.</strong></span> <span class='ocrx_word' id='word_1_184' title='bbox 910 2069 1007 2126; x_wconf 76' lang='lat' dir='ltr'><strong>Cuius</strong></span> <span class='ocrx_word' id='word_1_185' title='bbox 1021 2071 1131 2143; x_wconf 86' lang='lat' dir='ltr'><strong>impetu</strong></span> 
     </span>
     <span class='ocr_line' id='line_1_24' title="bbox 118 2143 1138 2228; baseline -0.006 -16"><span class='ocrx_word' id='word_1_186' title='bbox 118 2159 133 2171; x_wconf 65' lang='grc'><em>“</em></span> <span class='ocrx_word' id='word_1_187' title='bbox 165 2154 452 2228; x_wconf 80' lang='lat' dir='ltr'><strong>territaevirgines,</strong></span> <span class='ocrx_word' id='word_1_188' title='bbox 479 2170 563 2208; x_wconf 82' lang='lat' dir='ltr'><strong>saera</strong></span> <span class='ocrx_word' id='word_1_189' title='bbox 577 2154 627 2207; x_wconf 87' lang='lat' dir='ltr'><strong>illa</strong></span> <span class='ocrx_word' id='word_1_190' title='bbox 640 2143 760 2225; x_wconf 69' lang='lat' dir='ltr'><strong>satelliti,</strong></span> <span class='ocrx_word' id='word_1_191' title='bbox 787 2156 932 2228; x_wconf 76' lang='lat' dir='ltr'><strong>quatiam</strong></span> <span class='ocrx_word' id='word_1_192' title='bbox 946 2161 1025 2224; x_wconf 87' lang='lat' dir='ltr'><strong>tres,</strong></span> <span class='ocrx_word' id='word_1_193' title='bbox 1051 2154 1083 2206; x_wconf 91' lang='lat' dir='ltr'><strong>in</strong></span> <span class='ocrx_word' id='word_1_194' title='bbox 1098 2169 1138 2226; x_wconf 53' lang='lat' dir='ltr'><strong>qu*</strong></span> 
     </span>
     <span class='ocr_line' id='line_1_25' title="bbox 165 2234 1138 2307; baseline -0.006 -13"><span class='ocrx_word' id='word_1_195' title='bbox 165 2239 298 2304; x_wconf 87' lang='lat' dir='ltr'><strong>fuerent,</strong></span> <span class='ocrx_word' id='word_1_196' title='bbox 324 2243 496 2307; x_wconf 86' lang='lat' dir='ltr'><strong>presserant</strong></span> <span class='ocrx_word' id='word_1_197' title='bbox 523 2237 677 2305; x_wconf 85' lang='lat' dir='ltr'><strong>civitates,</strong></span> <span class='ocrx_word' id='word_1_198' title='bbox 704 2255 772 2292; x_wconf 88' lang='lat' dir='ltr'><strong>eum</strong></span> <span class='ocrx_word' id='word_1_199' title='bbox 792 2237 891 2292; x_wconf 86' lang='lat' dir='ltr'><strong>abillo</strong></span> <span class='ocrx_word' id='word_1_200' title='bbox 915 2235 1054 2290; x_wconf 85' lang='lat' dir='ltr'><strong>incendio</strong></span> <span class='ocrx_word' id='word_1_201' title='bbox 1078 2234 1138 2289; x_wconf 79' lang='lat' dir='ltr'><strong>libet</strong></span> 
     </span>
     <span class='ocr_line' id='line_1_26' title="bbox 165 2314 1138 2392; baseline -0.005 -17"><span class='ocrx_word' id='word_1_202' title='bbox 165 2337 226 2376; x_wconf 89' lang='lat' dir='ltr'><strong>non</strong></span> <span class='ocrx_word' id='word_1_203' title='bbox 239 2325 375 2390; x_wconf 88' lang='lat' dir='ltr'><strong>possent,</strong></span> <span class='ocrx_word' id='word_1_204' title='bbox 401 2314 537 2372; x_wconf 87' lang='lat' dir='ltr'><strong>Metellus</strong></span> <span class='ocrx_word' id='word_1_205' title='bbox 551 2318 685 2391; x_wconf 75' lang='lat' dir='ltr'><strong>pontifex</strong></span> <span class='ocrx_word' id='word_1_206' title='bbox 700 2337 769 2373; x_wconf 85' lang='lat' dir='ltr'><strong>sune</strong></span> <span class='ocrx_word' id='word_1_207' title='bbox 783 2317 992 2392; x_wconf 84' lang='lat' dir='ltr'><strong>quodammodo</strong></span> <span class='ocrx_word' id='word_1_208' title='bbox 1011 2318 1115 2372; x_wconf 79' lang='lat' dir='ltr'><strong>salutis</strong></span> <span class='ocrx_word' id='word_1_209' title='bbox 1129 2335 1138 2370; x_wconf 84' lang='grc' dir='ltr'><strong>ι</strong></span> 
     </span>
     <span class='ocr_line' id='line_1_27' title="bbox 166 2399 1138 2474; baseline -0.001 -19"><span class='ocrx_word' id='word_1_210' title='bbox 166 2410 213 2456; x_wconf 88' lang='lat' dir='ltr'><strong>tus</strong></span> <span class='ocrx_word' id='word_1_211' title='bbox 227 2401 344 2454; x_wconf 88' lang='lat' dir='ltr'><strong>irruens</strong></span> <span class='ocrx_word' id='word_1_212' title='bbox 361 2415 396 2453; x_wconf 88' lang='lat' dir='ltr'><strong>en</strong></span> <span class='ocrx_word' id='word_1_213' title='bbox 414 2400 633 2456; x_wconf 80' lang='lat' dir='ltr'><strong>semiustulatus</strong></span> <span class='ocrx_word' id='word_1_214' title='bbox 659 2401 794 2473; x_wconf 77' lang='lat' dir='ltr'><strong>ablipuit.</strong></span> <span class='ocrx_word' id='word_1_215' title='bbox 837 2399 939 2474; x_wconf 89' lang='lat' dir='ltr'><strong>Neque</strong></span> <span class='ocrx_word' id='word_1_216' title='bbox 954 2401 1033 2454; x_wconf 82' lang='lat' dir='ltr'><strong>enirn</strong></span> <span class='ocrx_word' id='word_1_217' title='bbox 1045 2400 1138 2471; x_wconf 82' lang='lat' dir='ltr'><strong>veljp</strong></span> 
     </span>
     <span class='ocr_line' id='line_1_28' title="bbox 164 2475 1134 2559; baseline 0 -23"><span class='ocrx_word' id='word_1_218' title='bbox 164 2483 245 2559; x_wconf 80' lang='lat' dir='ltr'><strong>ignis</strong></span> <span class='ocrx_word' id='word_1_219' title='bbox 259 2481 397 2557; x_wconf 79' lang='lat' dir='ltr'><strong>agnovit:</strong></span> <span class='ocrx_word' id='word_1_220' title='bbox 424 2490 475 2536; x_wconf 88' lang='lat' dir='ltr'><strong>eut</strong></span> <span class='ocrx_word' id='word_1_221' title='bbox 487 2499 558 2537; x_wconf 84' lang='lat' dir='ltr'><strong>rere</strong></span> <span class='ocrx_word' id='word_1_222' title='bbox 572 2489 635 2537; x_wconf 82' lang='lat' dir='ltr'><strong>erat</strong></span> <span class='ocrx_word' id='word_1_223' title='bbox 647 2483 689 2537; x_wconf 91' lang='lat' dir='ltr'><strong>ibi</strong></span> <span class='ocrx_word' id='word_1_224' title='bbox 701 2495 829 2551; x_wconf 76' lang='lat' dir='ltr'><strong>numen,</strong></span> <span class='ocrx_word' id='word_1_225' title='bbox 855 2482 931 2554; x_wconf 88' lang='lat' dir='ltr'><strong>quod</strong></span> <span class='ocrx_word' id='word_1_226' title='bbox 945 2500 1018 2550; x_wconf 73' lang='lat' dir='ltr'><strong>¹non</strong></span> <span class='ocrx_word' id='word_1_227' title='bbox 1045 2475 1134 2536; x_wconf 86' lang='lat' dir='ltr'><strong>etium</strong></span> 
     </span>
     <span class='ocr_line' id='line_1_29' title="bbox 165 2562 1138 2640; baseline -0.003 -20"><span class='ocrx_word' id='word_1_228' title='bbox 165 2565 287 2632; x_wconf 84' lang='lat' dir='ltr'><strong>fuisset,</strong></span> <span class='ocrx_word' id='word_1_229' title='bbox 317 2563 453 2640; x_wconf 79' lang='lat' dir='ltr'><strong>fugisset.</strong></span> <span class='ocrx_word' id='word_1_230' title='bbox 497 2562 593 2620; x_wconf 87' lang='lat' dir='ltr'><strong>Homo</strong></span> <span class='ocrx_word' id='word_1_231' title='bbox 618 2565 711 2640; x_wconf 78' lang='lat' dir='ltr'><strong>igitur</strong></span> <span class='ocrx_word' id='word_1_232' title='bbox 724 2565 831 2637; x_wconf 86' lang='lat' dir='ltr'><strong>potius</strong></span> <span class='ocrx_word' id='word_1_233' title='bbox 858 2565 950 2618; x_wconf 82' lang='lat' dir='ltr'><strong>saeris</strong></span> <span class='ocrx_word' id='word_1_234' title='bbox 965 2563 1090 2632; x_wconf 84' lang='lat' dir='ltr'><strong>Vestae,</strong></span> <span class='ocrx_word' id='word_1_235' title='bbox 1117 2581 1138 2636; x_wconf 77' lang='lat' dir='ltr'><strong>q¹</strong></span> 
     </span>
     <span class='ocr_line' id='line_1_30' title="bbox 165 2643 1130 2722; baseline -0.001 -21"><span class='ocrx_word' id='word_1_236' title='bbox 165 2647 216 2701; x_wconf 90' lang='lat' dir='ltr'><strong>illa</strong></span> <span class='ocrx_word' id='word_1_237' title='bbox 228 2643 339 2700; x_wconf 75' lang='lat' dir='ltr'><strong>haldini</strong></span> <span class='ocrx_word' id='word_1_238' title='bbox 352 2645 672 2720; x_wconf 84' lang='lat' dir='ltr'><strong>prodesse-potueruut.</strong></span> <span class='ocrx_word' id='word_1_239' title='bbox 704 2644 738 2701; x_wconf 86' lang='lat' dir='ltr'><strong>Si</strong></span> <span class='ocrx_word' id='word_1_240' title='bbox 754 2653 882 2700; x_wconf 79' lang='lat' dir='ltr'><strong>autema</strong></span> <span class='ocrx_word' id='word_1_241' title='bbox 896 2647 1012 2718; x_wconf 80' lang='lat' dir='ltr'><strong>seipsis</strong></span> <span class='ocrx_word' id='word_1_242' title='bbox 1027 2647 1130 2722; x_wconf 82' lang='lat' dir='ltr'><strong>ignem</strong></span> 
     </span>
     <span class='ocr_line' id='line_1_31' title="bbox 165 2728 1138 2800; baseline -0.006 -16"><span class='ocrx_word' id='word_1_243' title='bbox 165 2728 362 2800; x_wconf 77' lang='lat' dir='ltr'><strong>repellebant3</strong></span> <span class='ocrx_word' id='word_1_244' title='bbox 389 2730 554 2799; x_wconf 79' lang='lat' dir='ltr'><strong>civitatem,</strong></span> <span class='ocrx_word' id='word_1_245' title='bbox 583 2730 664 2784; x_wconf 89' lang='lat' dir='ltr'><strong>euius</strong></span> <span class='ocrx_word' id='word_1_246' title='bbox 679 2730 802 2783; x_wconf 85' lang='lat' dir='ltr'><strong>sulutem</strong></span> <span class='ocrx_word' id='word_1_247' title='bbox 816 2729 895 2782; x_wconf 87' lang='lat' dir='ltr'><strong>tueri</strong></span> <span class='ocrx_word' id='word_1_248' title='bbox 911 2728 1109 2800; x_wconf 82' lang='lat' dir='ltr'><strong>putabantur,</strong></span> <span class='ocrx_word' id='word_1_249' title='bbox 1135 2751 1138 2778; x_wconf 72' lang='lat' dir='ltr'><strong>t</strong></span> 
     </span>
     <span class='ocr_line' id='line_1_32' title="bbox 167 2805 1138 2884; baseline -0.003 -18"><span class='ocrx_word' id='word_1_250' title='bbox 167 2819 270 2866; x_wconf 89' lang='lat' dir='ltr'><strong>contre</strong></span> <span class='ocrx_word' id='word_1_251' title='bbox 281 2810 347 2866; x_wconf 89' lang='lat' dir='ltr'><strong>illes</strong></span> <span class='ocrx_word' id='word_1_252' title='bbox 361 2827 451 2884; x_wconf 82' lang='lat' dir='ltr'><strong>equas</strong></span> <span class='ocrx_word' id='word_1_253' title='bbox 465 2808 652 2884; x_wconf 83' lang='lat' dir='ltr'><strong>flenuussque</strong></span> <span class='ocrx_word' id='word_1_254' title='bbox 674 2817 810 2884; x_wconf 82' lang='lat' dir='ltr'><strong>poteraut</strong></span> <span class='ocrx_word' id='word_1_255' title='bbox 824 2805 983 2866; x_wconf 66' lang='lat' dir='ltr'><strong>adiuvaret</strong></span> <span class='ocrx_word' id='word_1_256' title='bbox 1010 2810 1089 2864; x_wconf 89' lang='lat' dir='ltr'><strong>sieut</strong></span> <span class='ocrx_word' id='word_1_257' title='bbox 1104 2823 1138 2864; x_wconf 76' lang='lat' dir='ltr'><strong>et</strong></span> 
     </span>
     <span class='ocr_line' id='line_1_33' title="bbox 165 2889 1138 2967; baseline -0.003 -18"><span class='ocrx_word' id='word_1_258' title='bbox 165 2910 213 2949; x_wconf 85' lang='lat' dir='ltr'><strong>res</strong></span> <span class='ocrx_word' id='word_1_259' title='bbox 228 2889 290 2964; x_wconf 86' lang='lat' dir='ltr'><strong>ipsa</strong></span> <span class='ocrx_word' id='word_1_260' title='bbox 304 2889 377 2946; x_wconf 89' lang='lat' dir='ltr'><strong>nihil</strong></span> <span class='ocrx_word' id='word_1_261' title='bbox 391 2910 558 2966; x_wconf 82' lang='lat' dir='ltr'><strong>enprorsus</strong></span> <span class='ocrx_word' id='word_1_262' title='bbox 577 2895 707 2967; x_wconf 90' lang='lat' dir='ltr'><strong>petuisse</strong></span> <span class='ocrx_word' id='word_1_263' title='bbox 722 2891 870 2966; x_wconf 83' lang='lat' dir='ltr'><strong>petefeeit.</strong></span> <span class='ocrx_word' id='word_1_264' title='bbox 914 2889 996 2948; x_wconf 88' lang='lat' dir='ltr'><strong>Haee</strong></span> <span class='ocrx_word' id='word_1_265' title='bbox 1009 2893 1076 2947; x_wconf 85' lang='lat' dir='ltr'><strong>istis</strong></span> <span class='ocrx_word' id='word_1_266' title='bbox 1092 2910 1138 2947; x_wconf 71' lang='lat' dir='ltr'><strong>nes</strong></span> 
     </span>
     <span class='ocr_line' id='line_1_34' title="bbox 165 2973 1138 3050; baseline -0.002 -20"><span class='ocrx_word' id='word_1_267' title='bbox 165 2993 251 3050; x_wconf 87' lang='lat' dir='ltr'><strong>quam</strong></span> <span class='ocrx_word' id='word_1_268' title='bbox 265 2974 463 3030; x_wconf 82' lang='lat' dir='ltr'><strong>obiicerentur</strong></span> <span class='ocrx_word' id='word_1_269' title='bbox 477 2992 494 3029; x_wconf 89' lang='lat' dir='ltr'><strong>a</strong></span> <span class='ocrx_word' id='word_1_270' title='bbox 507 2974 608 3044; x_wconf 84' lang='lat' dir='ltr'><strong>nobis,</strong></span> <span class='ocrx_word' id='word_1_271' title='bbox 635 2977 661 3030; x_wconf 90' lang='lat' dir='ltr'><strong>si</strong></span> <span class='ocrx_word' id='word_1_272' title='bbox 673 2976 724 3032; x_wconf 87' lang='lat' dir='ltr'><strong>illa</strong></span> <span class='ocrx_word' id='word_1_273' title='bbox 737 2991 821 3030; x_wconf 84' lang='lat' dir='ltr'><strong>suere</strong></span> <span class='ocrx_word' id='word_1_274' title='bbox 834 2973 983 3042; x_wconf 80' lang='lat' dir='ltr'><strong>dicerent,</strong></span> <span class='ocrx_word' id='word_1_275' title='bbox 1010 2991 1072 3028; x_wconf 89' lang='lat' dir='ltr'><strong>nou</strong></span> <span class='ocrx_word' id='word_1_276' title='bbox 1085 2983 1138 3029; x_wconf 51' lang='lat' dir='ltr'><strong>tue¹</strong></span> 
     </span>
     <span class='ocr_line' id='line_1_35' title="bbox 164 3051 1131 3130; baseline 0 -18"><span class='ocrx_word' id='word_1_277' title='bbox 164 3056 210 3112; x_wconf 79' lang='lat' dir='ltr'><strong>his</strong></span> <span class='ocrx_word' id='word_1_278' title='bbox 224 3057 309 3116; x_wconf 89' lang='lat' dir='ltr'><strong>banis</strong></span> <span class='ocrx_word' id='word_1_279' title='bbox 323 3057 529 3128; x_wconf 80' lang='lat' dir='ltr'><strong>temporalibus</strong></span> <span class='ocrx_word' id='word_1_280' title='bbox 543 3051 695 3126; x_wconf 83' lang='lat' dir='ltr'><strong>institute,</strong></span> <span class='ocrx_word' id='word_1_281' title='bbox 716 3056 767 3110; x_wconf 87' lang='lat' dir='ltr'><strong>sed</strong></span> <span class='ocrx_word' id='word_1_282' title='bbox 782 3053 984 3130; x_wconf 75' lang='lat' dir='ltr'><strong>significandis</strong></span> <span class='ocrx_word' id='word_1_283' title='bbox 998 3059 1131 3112; x_wconf 88' lang='lat' dir='ltr'><strong>aeternis</strong></span> 
     </span>
     <span class='ocr_line' id='line_1_36' title="bbox 165 3137 1138 3212; baseline -0.001 -17"><span class='ocrx_word' id='word_1_284' title='bbox 165 3140 246 3210; x_wconf 89' lang='lat' dir='ltr'><strong>ideo,</strong></span> <span class='ocrx_word' id='word_1_285' title='bbox 275 3155 389 3194; x_wconf 80' lang='lat' dir='ltr'><strong>eumen</strong></span> <span class='ocrx_word' id='word_1_286' title='bbox 403 3137 479 3211; x_wconf 90' lang='lat' dir='ltr'><strong>quod</strong></span> <span class='ocrx_word' id='word_1_287' title='bbox 493 3140 656 3211; x_wconf 80' lang='lat' dir='ltr'><strong>corporalia</strong></span> <span class='ocrx_word' id='word_1_288' title='bbox 668 3138 853 3212; x_wconf 85' lang='lat' dir='ltr'><strong>visibiliaque</strong></span> <span class='ocrx_word' id='word_1_289' title='bbox 873 3147 991 3206; x_wconf 85' lang='lat' dir='ltr'><strong>essent,</strong></span> <span class='ocrx_word' id='word_1_290' title='bbox 1017 3139 1116 3210; x_wconf 87' lang='lat' dir='ltr'><strong>perire</strong></span> <span class='ocrx_word' id='word_1_291' title='bbox 1132 3157 1138 3194; x_wconf 80' lang='grc' dir='ltr'><strong>ι</strong></span> 
     </span>
     <span class='ocr_line' id='line_1_37' title="bbox 165 3218 1138 3299; baseline -0.002 -21"><span class='ocrx_word' id='word_1_292' title='bbox 165 3223 312 3299; x_wconf 76' lang='lat' dir='ltr'><strong>tingeret,</strong></span> <span class='ocrx_word' id='word_1_293' title='bbox 329 3218 402 3275; x_wconf 87' lang='lat' dir='ltr'><strong>nihil</strong></span> <span class='ocrx_word' id='word_1_294' title='bbox 416 3218 460 3274; x_wconf 89' lang='lat' dir='ltr'><strong>bis</strong></span> <span class='ocrx_word' id='word_1_295' title='bbox 474 3221 561 3275; x_wconf 87' lang='lat' dir='ltr'><strong>rebus</strong></span> <span class='ocrx_word' id='word_1_296' title='bbox 575 3222 684 3291; x_wconf 87' lang='lat' dir='ltr'><strong>minui,</strong></span> <span class='ocrx_word' id='word_1_297' title='bbox 704 3227 824 3293; x_wconf 88' lang='lat' dir='ltr'><strong>propter</strong></span> <span class='ocrx_word' id='word_1_298' title='bbox 836 3236 908 3295; x_wconf 86' lang='lat' dir='ltr'><strong>ques</strong></span> <span class='ocrx_word' id='word_1_299' title='bbox 922 3218 1041 3276; x_wconf 80' lang='lat' dir='ltr'><strong>fueraut</strong></span> <span class='ocrx_word' id='word_1_300' title='bbox 1053 3221 1138 3276; x_wconf 86' lang='lat' dir='ltr'><strong>instit</strong></span> 
     </span>
     <span class='ocr_line' id='line_1_38' title="bbox 166 3300 1138 3378; baseline -0.004 -18"><span class='ocrx_word' id='word_1_301' title='bbox 166 3312 196 3360; x_wconf 89' lang='lat' dir='ltr'><strong>et</strong></span> <span class='ocrx_word' id='word_1_302' title='bbox 208 3321 294 3378; x_wconf 89' lang='lat' dir='ltr'><strong>pesse</strong></span> <span class='ocrx_word' id='word_1_303' title='bbox 309 3302 345 3358; x_wconf 88' lang='lat' dir='ltr'><strong>ad</strong></span> <span class='ocrx_word' id='word_1_304' title='bbox 359 3302 476 3357; x_wconf 87' lang='lat' dir='ltr'><strong>easdem</strong></span> <span class='ocrx_word' id='word_1_305' title='bbox 490 3319 560 3358; x_wconf 83' lang='lat' dir='ltr'><strong>usus</strong></span> <span class='ocrx_word' id='word_1_306' title='bbox 580 3302 675 3358; x_wconf 91' lang='lat' dir='ltr'><strong>denuo</strong></span> <span class='ocrx_word' id='word_1_307' title='bbox 688 3303 827 3376; x_wconf 76' lang='lat' dir='ltr'><strong>reparari.</strong></span> <span class='ocrx_word' id='word_1_308' title='bbox 871 3300 958 3356; x_wconf 89' lang='lat' dir='ltr'><strong>Nune</strong></span> <span class='ocrx_word' id='word_1_309' title='bbox 970 3319 1046 3358; x_wconf 86' lang='lat' dir='ltr'><strong>vero</strong></span> <span class='ocrx_word' id='word_1_310' title='bbox 1058 3304 1138 3358; x_wconf 89' lang='lat' dir='ltr'><strong>eeeei</strong></span> 
     </span>
     <span class='ocr_line' id='line_1_39' title="bbox 165 3381 1137 3458; baseline -0.004 -16"><span class='ocrx_word' id='word_1_311' title='bbox 165 3387 307 3457; x_wconf 75' lang='lat' dir='ltr'><strong>mirabili,</strong></span> <span class='ocrx_word' id='word_1_312' title='bbox 333 3386 375 3440; x_wconf 93' lang='lat' dir='ltr'><strong>eis</strong></span> <span class='ocrx_word' id='word_1_313' title='bbox 390 3384 482 3439; x_wconf 84' lang='lat' dir='ltr'><strong>saeris</strong></span> <span class='ocrx_word' id='word_1_314' title='bbox 497 3401 570 3456; x_wconf 82' lang='lat' dir='ltr'><strong>quae</strong></span> <span class='ocrx_word' id='word_1_315' title='bbox 584 3386 680 3457; x_wconf 87' lang='lat' dir='ltr'><strong>perire</strong></span> <span class='ocrx_word' id='word_1_316' title='bbox 693 3386 823 3458; x_wconf 85' lang='lat' dir='ltr'><strong>possint,</strong></span> <span class='ocrx_word' id='word_1_317' title='bbox 850 3381 916 3439; x_wconf 86' lang='lat' dir='ltr'><strong>flori</strong></span> <span class='ocrx_word' id='word_1_318' title='bbox 940 3385 1073 3456; x_wconf 79' lang='lat' dir='ltr'><strong>potuisse</strong></span> <span class='ocrx_word' id='word_1_319' title='bbox 1098 3401 1137 3440; x_wconf 83' lang='lat' dir='ltr'><strong>ex</strong></span> 
     </span>
     <span class='ocr_line' id='line_1_40' title="bbox 166 3466 1138 3542; baseline 0 -20"><span class='ocrx_word' id='word_1_320' title='bbox 166 3477 262 3537; x_wconf 79' lang='lat' dir='ltr'><strong>nient,</strong></span> <span class='ocrx_word' id='word_1_321' title='bbox 289 3477 322 3523; x_wconf 85' lang='lat' dir='ltr'><strong>ut</strong></span> <span class='ocrx_word' id='word_1_322' title='bbox 336 3468 413 3522; x_wconf 87' lang='lat' dir='ltr'><strong>salus</strong></span> <span class='ocrx_word' id='word_1_323' title='bbox 427 3475 546 3520; x_wconf 87' lang='lat' dir='ltr'><strong>terrena</strong></span> <span class='ocrx_word' id='word_1_324' title='bbox 561 3475 590 3519; x_wconf 91' lang='lat' dir='ltr'><strong>et</strong></span> <span class='ocrx_word' id='word_1_325' title='bbox 603 3469 771 3538; x_wconf 82' lang='lat' dir='ltr'><strong>temporalis</strong></span> <span class='ocrx_word' id='word_1_326' title='bbox 798 3466 933 3522; x_wconf 74' lang='lat' dir='ltr'><strong>felieitas&#39;</strong></span> <span class='ocrx_word' id='word_1_327' title='bbox 952 3467 1081 3542; x_wconf 78' lang='lat' dir='ltr'><strong>civitatis</strong></span> <span class='ocrx_word' id='word_1_328' title='bbox 1104 3485 1138 3540; x_wconf 86' lang='lat' dir='ltr'><strong>ps</strong></span> 
     </span>
     <span class='ocr_line' id='line_1_41' title="bbox 166 3543 1131 3623; baseline -0.001 -20"><span class='ocrx_word' id='word_1_329' title='bbox 166 3565 226 3605; x_wconf 90' lang='lat' dir='ltr'><strong>non</strong></span> <span class='ocrx_word' id='word_1_330' title='bbox 239 3559 349 3623; x_wconf 87' lang='lat' dir='ltr'><strong>posset.</strong></span> <span class='ocrx_word' id='word_1_331' title='bbox 391 3547 520 3605; x_wconf 86' lang='lat' dir='ltr'><strong>Proinde</strong></span> <span class='ocrx_word' id='word_1_332' title='bbox 534 3565 600 3602; x_wconf 87' lang='lat' dir='ltr'><strong>eum</strong></span> <span class='ocrx_word' id='word_1_333' title='bbox 619 3543 678 3602; x_wconf 88' lang='lat' dir='ltr'><strong>illis</strong></span> <span class='ocrx_word' id='word_1_334' title='bbox 693 3550 782 3604; x_wconf 81' lang='lat' dir='ltr'><strong>etiam</strong></span> <span class='ocrx_word' id='word_1_335' title='bbox 806 3547 992 3602; x_wconf 79' lang='lat' dir='ltr'><strong>manentibus</strong></span> <span class='ocrx_word' id='word_1_336' title='bbox 1019 3549 1131 3618; x_wconf 79' lang='lat' dir='ltr'><strong>saeris,</strong></span> 
     </span>
     <span class='ocr_line' id='line_1_42' title="bbox 166 3629 1136 3702; baseline 0 -17"><span class='ocrx_word' id='word_1_337' title='bbox 166 3632 269 3686; x_wconf 80' lang='lat' dir='ltr'><strong>salutis</strong></span> <span class='ocrx_word' id='word_1_338' title='bbox 283 3632 439 3702; x_wconf 77' lang='lat' dir='ltr'><strong>contritio,</strong></span> <span class='ocrx_word' id='word_1_339' title='bbox 464 3632 511 3687; x_wconf 83' lang='lat' dir='ltr'><strong>rol</strong></span> <span class='ocrx_word' id='word_1_340' title='bbox 534 3629 693 3684; x_wconf 88' lang='lat' dir='ltr'><strong>infelieitas</strong></span> <span class='ocrx_word' id='word_1_341' title='bbox 720 3631 842 3686; x_wconf 84' lang='lat' dir='ltr'><strong>irruisse</strong></span> <span class='ocrx_word' id='word_1_342' title='bbox 866 3636 1061 3699; x_wconf 82' lang='lat' dir='ltr'><strong>monstratur,</strong></span> <span class='ocrx_word' id='word_1_343' title='bbox 1087 3645 1136 3685; x_wconf 77' lang='lat' dir='ltr'><strong>niu</strong></span> 
     </span>
    </p>
   </div>
   <div class='ocr_carea' id='block_1_3' title="bbox 166 3711 1100 3791">
    <p class='ocr_par' dir='ltr' id='par_1_4' title="bbox 166 3711 1100 3791">
     <span class='ocr_line' id='line_1_43' title="bbox 166 3711 1100 3791; baseline -0.002 -23"><span class='ocrx_word' id='word_1_344' title='bbox 166 3714 360 3786; x_wconf 79' lang='lat' dir='ltr'><strong>sententium,</strong></span> <span class='ocrx_word' id='word_1_345' title='bbox 388 3731 473 3789; x_wconf 85' lang='lat' dir='ltr'><strong>quam</strong></span> <span class='ocrx_word' id='word_1_346' title='bbox 486 3711 644 3769; x_wconf 83' lang='lat' dir='ltr'><strong>defendere</strong></span> <span class='ocrx_word' id='word_1_347' title='bbox 658 3719 822 3785; x_wconf 85' lang='lat' dir='ltr'><strong>nequeunt,</strong></span> <span class='ocrx_word' id='word_1_348' title='bbox 850 3712 1033 3772; x_wconf 80' lang='lat' dir='ltr'><strong>erubeseunt.</strong></span> <span class='ocrx_word' id='word_1_349' title='bbox 1096 3784 1100 3791; x_wconf 24' lang='grc' dir='ltr'><strong>Α</strong></span> 
     </span>
    </p>
   </div>
   <div class='ocr_carea' id='block_1_4' title="bbox 0 0 1174 4320">
    <p class='ocr_par' dir='ltr' id='par_1_5' title="bbox 0 0 1174 4320">
     <span class='ocr_line' id='line_1_44' title="bbox 0 0 1174 4320; baseline 0 0"><span class='ocrx_word' id='word_1_350' title='bbox 0 0 1174 4320; x_wconf 95' lang='lat' dir='ltr'><strong> </strong></span> 
     </span>
    </p>
   </div>
  </div>
 </body>
</html>
