2340 4320
229 187 824 282 uucrvururuoururonv,
1000 199 1107 255 10ss
1163 143 1168 150 ³

424 333 546 400 our.
590 340 663 399 ιιι.
1045 295 1049 304 ’

26 439 63 496 Aa
71 439 190 493 latitudo
200 439 319 508 imperii,
341 453 411 506 quae
425 455 478 490 non
493 437 548 489 uisi
562 437 637 490 bellis
648 425 817 507 acquiritur,
832 441 862 492 in
873 440 947 492 bouis
957 442 1009 494 tice
1020 461 1060 496 sc·
1116 491 1119 500 ,
1136 439 1138 446 ‘

268 507 409 574 pientiam
419 505 540 560 babendo
550 507 595 570 eit,
614 506 809 578 tioefelieiutn.

82 598 145 654 lam
157 600 260 672 itaque
274 596 429 653 videamus
443 596 527 669 quale
541 597 590 666 sit,
610 595 688 671 qued
701 597 1060 657 tantam‘latitudinem‘ae

31 682 247 752 diuturnitatem
267 679 387 753 imperii
401 677 527 758 Romani
546 679 605 732 illis
624 677 680 734 diis
693 679 803 750 audent
815 680 961 736 tribucre:
987 681 1075 757 ques

31 769 109 822 οιίιιιι
120 783 174 837 per
188 765 323 837 turpium
337 760 472 816 ludorum
486 761 625 835 obsequia
644 770 675 816 ct
691 757 744 836 p‘er
763 764 893 836 turpium
910 762 1061 822 bominum
1122 795 1126 804 «

33 849 184 905 ministeria
206 865 240 901 sc
259 843 388 900 honeste
409 845 535 899 coluisse
559 844 752 900 contendunt.
785 847 959 919 Quanquam
978 850 1060 921 prius

34 933 127 1000 uellem
138 931 296 1004 paululum
309 928 473 1000 inquirere,
488 944 563 999 quac
574 928 614 981 sit
622 929 710 998 ratio,
725 937 800 1001 quae
813 928 980 1000 prudentia,
995 949 1061 987 cunr

37 997 173 1069 bominum
186 1013 368 1066 felicitatem
380 1003 442 1064 non
455 1011 550 1083 possis
562 1009 738 1078 ostendere,
765 1029 880 1084 semper
897 1013 930 1067 in
947 1012 1059 1069 bellicis

38 1095 150 1152 cladibus
164 1105 194 1150 et
208 1096 243 1148 in
259 1093 408 1168 sanguine
422 1093 513 1163 civili,
535 1093 584 1147 vel
596 1089 697 1146 bostili
710 1102 808 1148 tamen
822 1092 967 1164 hunuano,
994 1115 1060 1152 cum
1098 1141 1100 1152 ,

36 1179 177 1234 tenebroso
197 1179 310 1232 timere
324 1183 355 1229 ct
369 1184 491 1230 eruenta
511 1173 670 1248 cupiditate
692 1176 892 1247 versantium,
919 1186 953 1232 ut
965 1180 1061 1235 vitrea

33 1263 135 1322 laetitia
147 1269 341 1333 comparetur
354 1257 501 1334 fragiliter
512 1255 680 1331 splendida,
695 1259 757 1321 'cui
776 1259 915 1315 timeatur
932 1258 1059 1317 horribi-

33 1345 81 1399 lius
93 1363 129 1399 ne
142 1350 269 1416 repente
284 1341 451 1416 frangatur,
464 1338 500 1393 de
510 1341 627 1412 imperii
640 1341 844 1418 magnitudine
857 1361 892 1398 ac
904 1344 1060 1400 latitudine

35 1429 98 1482 velle
115 1426 252 1502 gloriari.
274 1422 358 1480 ·Hoc
377 1432 411 1487 ut
430 1423 544 1477 facilius
566 1421 761 1494 diiudicetur,
786 1442 847 1480 non
866 1443 1060 1484 vanescamus

37 1511 105 1565 imni
117 1508 304 1564 ventositate
318 1507 442 1574 iactati,
462 1513 550 1584 atquc
564 1504 759 1562 obtundamus
772 1509 949 1564 intentionis
968 1511 1061 1566 aciem

40 1593 157 1648 ultisenis
170 1589 329 1646 vocabulis
343 1607 457 1658 rerum,
477 1606 548 1643 vcuum
561 1586 696 1644 audimus
711 1591 846 1661 populos,
860 1608 964 1666 regna,
992 1610 1060 1666 pro-

40 1676 152 1730 uincias:
166 1672 222 1728 sed
235 1671 312 1728 duos
328 1672 541 1726 constituamus
555 1669 705 1740 homines3
725 1670 816 1746 (Nam
830 1673 965 1748 singulus
980 1677 1060 1747 quis-

41 1775 85 1830 que
95 1755 193 1827 bomo,
218 1765 254 1811 ut
268 1756 301 1830 iu
315 1763 452 1809 sernronc
467 1771 527 1808 uua
539 1755 650 1821 littera,
668 1753 717 1808 'ita
729 1751 814 1826 quasi
828 1755 1004 1811 elementum
1017 1767 1063 1811 eat

40 1841 152 1896 civitatis
167 1849 198 1894 et
211 1838 314 1915 regni,
334 1837 515 1911 quantalibet
528 1845 675 1891 terrarum
689 1837 883 1908 occupatione
893 1837 1062 1916 latissimit)

40 1939 149 1996 quemm
162 1921 294 1977 duorum
306 1919 472 1990 hominum,
494 1937 651 1992 pauperem
664 1937 767 1988 uuum,
781 1921 829 1974 vel
841 1920 937 1992 potius
951 1919 1062 1975 medio-

41 2021 119 2078 ercm;
144 2007 277 2060 alterum
289 2001 482 2078 praedivitem
501 1995 688 2078 cogitemus:¹
707 2000 758 2056 sed
772 2000 894 2058 divitem
908 2003 1063 2059 timoribus

42 2078 157 2158 saxium,
175 2086 366 2143 moeroribus
379 2085 588 2166 tabescentem,
603 2083 762 2158 cupiditate
775 2083 964 2162 flagrantem:
986 2092 1063 2142 nu'u-

43 2188 114 2244 quam
135 2189 295 2240 securum,
323 2187 436 2241 semper
459 2168 642 2241 inquietum,
668 2169 819 2240 perpetuis
843 2169 1064 2225 inimicitiarum

44 2254 273 2310 contentionibus
287 2249 489 2321 anhelantem,
511 2259 670 2326 augentem
683 2267 754 2305 sane
773 2249 819 2305 his
832 2252 959 2306 miseriis
972 2253 1064 2325 patri-

43 2339 157 2392 nonium
170 2355 260 2392 suum
273 2337 305 2390 in
320 2336 493 2390 immensum
508 2330 645 2402 modum,
657 2342 745 2408 atque
759 2335 817 2389 illis
832 2336 1004 2410 augmentis
1013 2354 1064 2391 cu-

44 2437 80 2474 ras
93 2437 210 2494 quoque
221 2419 421 2484 amarissimas
435 2424 642 2494 aggerantem3
665 2415 842 2491 mediocrem
853 2435 923 2472 vcro
938 2419 1019 2472 illum
1034 2437 1064 2472 re

44 2502 167 2558 familiari
179 2511 276 2576 parta
295 2509 382 2574 atque
398 2501 550 2556 succincta
570 2498 626 2554 sibi
646 2497 855 2569 sufficientem,
883 2501 1064 2556 carissimum

1 2631 3 2642 ,
45 2587 104 2654 suis,
118 2605 185 2640 eum
200 2584 351 2661 cognatis,
365 2584 483 2653 vicinis,
496 2582 597 2637 amicis
612 2579 781 2637 dulcissima
793 2599 864 2655 pace
878 2577 1081 2658 gaudentem,

45 2669 137 2740 pietate
152 2669 341 2744 religiosum,
355 2667 514 2742 benignum
526 2673 636 2734 mente,
654 2682 758 2720 sonum
773 2681 905 2736 corpore,
926 2667 986 2722 vita
999 2681 1065 2740 par-

1 2773 3 2823 3
46 2769 106 2821 cum,
131 2751 267 2808 moribus
291 2757 420 2818 castum,
448 2748 632 2804 couscientia
654 2765 799 2802 securum.
821 2745 945 2804 -Nescio
962 2759 1067 2804 utrum
1134 2737 1147 2750 “

1 2828 3 2845 ¹
47 2835 185 2908 qaisquam
199 2834 242 2888 ita
257 2830 397 2904 desipiat,
420 2841 455 2886 ut
468 2828 575 2888 audeat
589 2828 722 2885 dubitare
737 2848 822 2903 queuu
834 2830 989 2903 praeferat.
1030 2830 1068 2885 Vt

1 2936 3 2960 ι
47 2933 102 2992 crgo
119 2919 151 2972 in
169 2914 218 2970 his
237 2909 352 2970 duobus
371 2911 569 2983 bominibus,
585 2914 627 2969 ita
644 2913 681 2966 in.
690 2910 802 2968 duabus
819 2913 955 2983 familiis,
982 2915 1022 2968 ita
1037 2915 1067 2982 in

46 2996 141 3054 luobus
155 2998 294 3073 populis,
320 2997 362 3051 ita
375 2998 407 3050 in
421 2996 534 3052 duobus
552 2997 654 3074 reguis
672 2997 775 3070 regula
789 2997 921 3069 sequitur
935 2997 1079 3069 aequita-¹

1 3119 10 3155 ,-
47 3081 87 3136 ts:
99 3100 157 3156 qua
169 3082 336 3157 vigilanter
347 3077 484 3149 atlhibita,
498 3080 638 3134 sinestra
651 3079 777 3134 intentio
793 3080 970 3154 corrigatur,
984 3077 1067 3132 facii—
1147 3078 1150 3084 '

1 3172 2 3176 ’
46 3163 99 3219 line
110 3164 281 3220 ridebimus
289 3161 346 3216 ubi
358 3159 469 3217 habitet
482 3163 608 3231 panitae,
623 3170 653 3216 et
664 3161 714 3216 ubi
725 3160 862 3217 felicitas.
886 3161 1070 3234 Quapropter

1 3267 2 3272 ¹
45 3247 61 3300 si
73 3267 159 3304 verus
174 3245 260 3302 Deus
276 3247 400 3312 colatur,
424 3246 509 3318 eique
524 3245 615 3299 sacris
630 3244 783 3299 veracibus
798 3254 827 3299 et
840 3245 926 3299 bonis
939 3242 1069 3297 moribus
1106 3301 1109 3304 ,

1 3399 2 3402 ¹
42 3332 190 3399 serviatur,
218 3329 294 3384 utile
307 3335 400 3380 estut
412 3327 483 3383 boni
495 3328 584 3402 longe
597 3329 714 3400 lateque
727 3325 777 3382 diu
792 3335 929 3402 regnent.
967 3322 1070 3396 Neque

1 3419 3 3423 “
43 3407 158 3467 boemus
172 3413 259 3483 ipsis,
275 3409 433 3482 quantillis
447 3411 520 3465 utile
534 3418 589 3479 est,
603 3410 708 3482 quibus
722 3418 858 3486 regnant.
888 3406 963 3462 Nam
977 3421 1070 3477 quan-

43 3501 95 3550 tum
112 3493 150 3549 ad
163 3496 247 3567 ipsos
260 3491 407 3566 pertinet,
434 3493 526 3565 pietas
541 3500 570 3547 et
584 3492 713 3565 probitas
727 3509 843 3560 eorum,
870 3505 944 3561 quae
965 3504 1072 3561 margna

43 3574 107 3631 dana
120 3575 180 3633 Dei
193 3586 279 3643 sunt,
294 3570 403 3628 sufficit
415 3576 457 3630 eis
472 3574 507 3628 ad
520 3593 622 3630 rueram
635 3574 817 3641 felicitatem,
833 3588 890 3644 quo
904 3579 934 3624 et
944 3571 1001 3622 ista
1010 3569 1072 3622 vita
1158 3571 1160 3576 ’

43 3655 106 3713 bene
119 3667 240 3735 agatur,
266 3663 296 3710 ct
309 3662 410 3727 postea
424 3651 603 3732 percipiatur
616 3665 745 3712 aeterna.
786 3653 820 3708 ln
839 3652 893 3706 hac
908 3667 979 3726 ergo
994 3659 1073 3708 terra

45 3755 156 3817 reguum
169 3741 331 3804 bonerum,
352 3752 411 3792 non
425 3741 555 3795 tantillis
569 3745 747 3812 praestatur,
771 3752 857 3806 quam
870 3733 958 3788 rebus
972 3730 1074 3787 huma-

47 3823 91 3876 ιίι.
116 3823 267 3880 Malorum
283 3835 354 3875 vero
370 3834 493 3897 regnum
506 3823 598 3899 magis
614 3816 807 3896 regnantibus
823 3825 919 3884 nocet,
938 3816 988 3888 qui
1004 3831 1074 3869 suos
1114 3848 1118 3870 ,
1136 3803 1140 3811 ’
