2340 4312
218 215 277 275 nn
301 213 517 272 cirine-rr,
538 215 615 272 nni
637 219 721 276 nin.
743 221 834 277 xvr.
878 211 905 284 s
991 226 1031 284 aa
1055 171 1057 174 Ι
1087 303 1090 306 ,

32 384 53 419 rr
74 378 114 423 est
127 368 300 424 diiudicatio
313 367 416 422 facilis.
435 367 585 444 ,Fortassis
598 371 687 438 enim,
701 369 777 444 quod
791 373 922 444 prefeetu
937 373 1031 429 eredi-

32 449 94 521 ius‚
109 462 139 506 et
151 454 183 506 in
196 452 269 512 tiliis
283 451 405 506 duorum
419 452 534 506 illorum
548 453 605 505 iarn
620 463 689 516 tune
703 464 861 526 autequam
868 454 1030 529 Babylonia

32 535 137 604 episset
151 535 285 601 institui,
314 533 434 588 fuerunt
447 543 639 588 contemtores
654 533 727 602 Dei,
757 539 830 591 etin
856 537 925 592 filiis
942 536 1030 594 Chuni

32 611 211 671 iteresllei:
236 626 390 690 utrumque
404 626 499 670 tamen
512 612 661 670 hominum
674 635 766 692 genus
781 621 868 674 terris
881 637 1030 692 nunquaru
1083 631 1089 647 '

32 695 123 752 fuisse
133 697 310 754 eredendum
317 707 370 752 est.
385 697 540 770 Siquidem
552 707 580 754 et
590 699 706 771 quando
725 700 832 758 dietum
845 713 901 756 est:
924 695 1031 758 Omnes

32 778 232 844 dietaverunt,
244 779 334 836 simul
346 780 466 852 inutiles
474 781 562 851 faeti
574 789 659 852 suun
678 801 734 838 non
747 792 793 838 eat
805 787 856 860 qni
864 785 971 855 faeiat
983 785 1031 840 dn-

32 877 134 930 m,nnn
149 872 299 936 estusque
312 863 353 918 nd
367 881 467 928 unum,
481 864 512 915 in
527 862 784 938 utroquePsalmo,
796 868 844 922 ubi
855 861 927 920 haee
940 866 1029 922 verba

32 954 74 1012 nt,
89 957 118 1000 et
132 945 189 1000 hoe
203 946 327 1020 legitur:
350 941 452 1016 Nonne
466 939 640 1022 cognoscent
653 965 765 1012 omnes,
791 951 843 1023 qui
866 956 1028 1024 operantur
1066 983 1069 986 -

32 1029 253 1103 quitatem‚qui
265 1028 409 1082 devorant
414 1025 556 1102 populum
566 1045 658 1082 meum
668 1029 884 1106 ineihepum‘e?
895 1029 969 1084 Erat
982 1048 1028 1083 er·

43 1111 131 1164 etiam
146 1121 220 1166 tune
233 1107 358 1182 populns
372 1105 439 1162 Dei.
456 1106 478 1160 V
481 1107 542 1162 nde.
551 1109 624 1164 illud
638 1109 714 1184 quod
725 1111 833 1168 dietum
849 1123 903 1168 est:
912 1111 1028 1168 llnnest
1107 1163 1110 1168 .

32 1188 40 1239 ἰ
48 1193 160 1262 faeiat
175 1194 292 1260 bonum,
318 1209 374 1244 non
389 1199 535 1266 estusque
549 1194 590 1248 nd
607 1211 709 1260 unum,
736 1192 771 1248 de
788 1195 858 1249 liliis
877 1194 1028 1250 hominurn

32 1275 100 1329 tum
114 1277 177 1343 est,
201 1292 264 1330 nen
276 1271 312 1326 de
323 1273 391 1327 filiis
405 1269 471 1328 Dei.
514 1273 589 1328 Narn
600 1277 790 1348 praemissum
808 1287 866 1332 est:
895 1275 978 1332 Dens
992 1279 1027 1333 de

32 1353 609 1435 rlnprorpexiteuperfilinrlrominnm,
636 1360 894 1415 ntvideretsiest
916 1349 1027 1414 =intelli·
1110 1405 1112 1408 .

32 1455 72 1508 ns,
86 1449 142 1498 aut
156 1436 429 1515 requirentDenm3
445 1457 479 1494 ae
493 1438 597 1494 deinde
610 1440 660 1498 illa
669 1441 912 1514 subiuncta2quae
926 1459 1026 1498 ornnes

32 1539 67 1578 os
81 1519 250 1588 hominum,
262 1519 292 1574 id
307 1528 367 1590 est,
387 1520 423 1575 ad
438 1519 592 1576 Civitatem
606 1522 787 1596 pertinentes
802 1542 876 1598 quae
890 1526 966 1579 vivit
980 1542 1027 1578 se-

32 1607 119 1660 udum
131 1604 295 1673 hominem,
310 1620 371 1658 non
385 1604 543 1660 seeundum
555 1603 661 1675 Deum,
680 1604 897 1682 reprobosqesse
910 1605 1027 1661 demeu-

32 1699 94 1746 unt.
315 1694 321 1708 ¹

395 1729 623 1826 cinxi

33 1867 109 1917 eden
138 1861 245 1914 rimitur
254 1862 349 1930 lingna
358 1862 387 1912 in
394 1880 444 1915 nau
458 1852 595 1916 nerninem
598 1864 702 1934 suerit,
723 1879 790 1930 qnae
796 1871 891 1931 postea
900 1859 1034 1916 Helenen

54 1935 88 1986 ab
132 1931 196 1982 eber
205 1930 312 1982 nornine
322 1941 476 1998 nuncupata
488 1940 538 1992 est,
551 1941 577 1982 et
585 1933 613 1982 in
624 1931 812 2000 crnintfnrnilia
822 1931 958 1992 remansit,
1103 1975 1105 1978 .

72 1999 73 2002 ’
214 2050 224 2062 ‚
241 2013 301 2048 enm
311 1993 448 2047 diversitas
458 1997 608 2066 essetsaetn
619 1999 781 2066 linguarum.

50 2103 252 2174 Quamobrem
266 2105 342 2159 sieut
355 2103 458 2178 lingua
470 2121 529 2160 una
542 2123 605 2170 cunr
620 2113 696 2164 esset
713 2105 855 2183 emplum,
881 2119 941 2158 non
961 2101 1026 2158 ideo

32 2189 41 2242 i
53 2190 248 2265 pestilentiae
263 2187 433 2256 defuerunt3
458 2205 526 2242 narn
539 2196 568 2240 et
579 2187 649 2242 ‘rante
664 2187 803 2244 diluvium
817 2206 876 2244 una
895 2189 1025 2262 eratlin-

32 2289 62 2343 u,
79 2282 224 2328 ettamen
238 2289 338 2342 omnes
352 2279 467 2344 praeter
483 2288 569 2323 unam
583 2269 645 2324 Noe'
659 2272 728 2324 iusti
742 2269 857 2326 domurn
875 2271 967 2332 deleri
981 2270 1026 2324 di·

32 2357 70 2412 rio
84 2363 274 2410 meruerunt:
298 2356 339 2408 ita
353 2350 467 2426 quando
480 2354 585 2406 merito
600 2353 728 2407 elatioris
748 2355 907 2424 impietatis
922 2363 1025 2429 gentes
1084 2349 1087 2354 ’

32 2457 162 2513 guarum
190 2435 360 2492 diversitate
384 2437 504 2508 punitae
529 2444 616 2507 atque
636 2433 747 2490 divisae
761 2449 848 2504 suut,
875 2445 903 2490 et
917 2435 1026 2492 Civitas
1056 2434 1057 2437 ’
1091 2471 1096 2476 ·

32 2525 151 2593 piorum
165 2519 345 2576 confusionis
357 2536 464 2573 nomen
478 2519 604 2590 aceepit,
617 2515 671 2570 hoc
686 2526 740 2584 est,
754 2519 899 2590 appellata
914 2530 958 2574 est
970 2517 1027 2574 Ba·

32 2602 91 2675 lon,
107 2621 170 2658 non
187 2603 282 2657 deluit
293 2599 394 2656 domus
408 2599 516 2672 Heben,
531 2599 581 2654 ubi
595 2618 628 2654 en
643 2617 715 2670 quae
729 2609 819 2652 antea
830 2600 885 2654 fuit
898 2603 1027 2656 omniurn

34 2707 95 2764 gua
110 2693 284 2740 remaneret.
308 2682 394 2738 Vnde
408 2684 486 2738 sicut
499 2700 585 2756 supra
598 2683 767 2748 memorari,
784 2699 848 2734 curn
863 2673 1028 2754 coepissent

32 2771 162 2826 umerari
175 2769 229 2824 filii
244 2765 328 2837 Seru,
356 2767 407 2839 q‘ui
420 2766 530 2841 singuli
547 2757 659 2841 genter
676 2764 807 2839 singulas
825 2775 1026 2836 procrearunt,
1071 2775 1073 2780 ’

32 2851 101 2908 unus
117 2860 163 2906 est
176 2859 416 2918 eonnnemoratus
430 2847 545 2918 ficher,
566 2863 635 2904 euru
652 2849 689 2902 sit
702 2847 828 2918 ,abnepos
849 2846 953 2918 ipsius,
968 2845 1025 2904 liae
1096 2875 1097 2880 ¹

32 2935 90 3005 {aab
105 2936 157 2988 illo
173 2935 294 3006 quintus
309 2933 476 2987 inveniatur
483 2941 610 2984 exortus.
627 2931 701 2994 Quia
715 2947 785 3005 ergo
799 2930 898 2982 ineius
913 2928 1025 2984 familia

32 3019 135 3074 mansit
149 3014 220 3069 liaeo
235 3017 351 3090 lingua,
370 3013 471 3069 divisis
489 3031 540 3085 per
557 3014 630 3066 alias
650 3013 767 3086 linguas
789 3012 912 3065 caeteris
929 3012 1025 3085 genti-

32 3116 60 3170 ι,
89 3118 167 3174 quae
181 3098 285 3170 lingua
298 3098 377 3170 prius
391 3093 515 3150 humane
528 3097 630 3170 generi
642 3112 700 3149 non
726 3094 871 3148 immerito
898 3091 1026 3158 ereditur

32 3182 82 3238 isse
97 3182 277 3250 communis,
292 3179 357 3234 ideo
372 3177 506 3251 deinceps
521 3176 654 3232 Hebraea
668 3185 712 3230 est
726 3185 899 3248 nuncupata.
942 3171 1025 3230 Tune
1091 3237 1092 3242 η

32 3265 70 3321 ini
84 3283 158 3336 epus
171 3272 252 3332 erat,
273 3281 334 3318 earn
349 3259 491 3336 distingui
502 3259 536 3314 alr
550 3261 616 3314 aliis
626 3261 740 3339 linguis
759 3259 876 3312 nomine
896 3259 1024 3328 proprio,

32 3359 68 3404 :ut
81 3349 159 3402 aliae
173 3364 285 3420 quoque
298 3354 419 3400 vocatae
432 3353 499 3398 sunt
512 3342 677 3398 numinibus
688 3341 821 3412 propriis.
838 3337 959 3403 Quando
975 3335 1034 3408 au-'
1071 3392 1075 3396 ,

32 3448 50 3486 ιι
65 3440 129 3486 erat
143 3445 218 3497 una,
232 3427 307 3484 nihil
321 3423 401 3482 aliud
415 3433 499 3499 quarn
514 3424 638 3480 humana
652 3424 768 3498 lingua,
784 3420 830 3475 vel
845 3419 969 3486 humana
982 3422 1025 3474 lo·
1074 3469 1075 3472 ,

32 3513 258 3583 invocabatur,
281 3509 416 3585 quasola
434 3511 601 3564 universum
626 3522 719 3582 genus
743 3501 899 3556 humanum
925 3503 1026 3576 loque·
1084 3575 1090 3584 ἱ

32 3603 86 3654 tur.
313 3647 315 3652 ,
371 3645 373 3648 ,
818 3647 819 3652 ,
1104 3637 1111 3644 .

55 3678 177 3734 Dixerit
190 3677 310 3750 aliquis:
338 3673 370 3729 Si
383 3674 414 3729 in
429 3671 529 3727 diebus
542 3667 666 3726 Phaleeh
682 3663 847 3724 filiiHelrer
874 3661 966 3721 divisa
981 3679 1025 3724 est
1070 3663 1072 3666 ’
1110 3661 1114 3664 ’

32 3779 75 3816 rra
90 3781 141 3835 per
155 3763 289 3838 linguas,
303 3756 332 3811 id
347 3767 406 3824 est,
418 3754 564 3828 hemines,
580 3747 629 3824 qui
642 3755 713 3806 tune
729 3757 811 3801 erant
824 3747 854 3800 in
867 3757 958 3820 terra3
977 3743 1025 3824 ‘eir

32 3863 60 3900 us
74 3847 193 3914 nornine
206 3843 305 3918 potius
319 3839 419 3904 debuit
432 3836 688 3914 appellarilingua
699 3830 761 3910 illa,
774 3847 847 3904 quae
860 3830 915 3885 fuit
929 3837 1025 3888 omni-

116 3935 127 3956 Χ
429 3953 430 3956 ,
