2310 4306
185 181 249 236 222
420 171 521 232 DlVl
547 171 735 232 AVRELH
761 169 1011 231 stvsTtNt

179 331 264 410 poti,
278 338 307 385 et
320 344 478 402 resurgere
492 341 512 382 o
524 321 649 388 rtortuis
661 325 753 382 tertio
768 325 827 393 elie,
842 333 873 380 et
879 324 1046 400 praedicuri
1055 326 1093 380 ιἰι

186 415 249 470 eius
262 411 479 488 poenitentium
499 418 528 464 et
545 410 747 464 remissionem
758 415 956 483 peccatorum
967 423 1022 482 per
1033 425 1092 461 oure

100 489 109 498 ’
186 507 243 562 tes,
257 492 465 569 incipientibus
479 490 515 546 ab
529 487 729 546 Hierusalem.
762 489 803 544 Et
816 489 868 544 ubi
880 505 981 543 rursus
994 489 1030 542 eis
1043 488 1071 541 dc
1080 506 1093 541 r

146 591 150 598 ’
187 581 251 634 eius
266 576 426 631 novissimo
440 572 658 648 requirentibus
671 571 837 645 respondit,
851 580 941 643 atque
955 572 1009 639 sit,
1031 563 1082 625 Nor

186 660 375 728 strurraoire
394 666 528 730 temporo
546 655 594 712 rel
611 664 771 722 momento,
798 667 875 730 quoe
895 651 988 708 Peter
1005 655 1091 729 potuit

179 750 353 821 potestate:
366 739 420 796 sed
432 739 588 812 accipietis
602 739 744 804 virtutem
754 735 894 812 Spiritus
904 738 1007 812 ,suncti
1016 752 1093 812 super

188 835 245 882 tem
260 825 290 878 lu
305 838 371 887 uos,
394 830 423 875 et
438 821 525 875 eritis
539 819 612 874 milti
622 829 714 876 testes
729 819 987 890 iullierusulern,
1010 827 1037 875 et
1047 820 1093 872 ist

188 907 265 963 dueo
280 913 310 960 et
324 901 476 969 sensorio,
490 911 623 976 crusque
638 904 668 956 in
675 901 757 972 fines
771 899 885 958 terroe.
920 900 1047 958 Primum
1057 917 1083 954 se

187 989 316 1044 russiam
330 981 444 1056 diffudit
456 983 608 1053 Ecclesia,
628 992 658 1038 et
671 1003 737 1042 cunr
749 985 782 1040 in
795 983 905 1052 iudaea
917 993 1005 1058 atque
1017 983 1093 1040 Sana}

188 1071 257 1126 rimi
270 1066 474 1135 credidissent,
489 1076 519 1121 et
533 1068 564 1122 in
578 1067 651 1122 alias
664 1075 771 1143 gentes
781 1069 863 1123 'itera
878 1076 940 1137 est,
965 1069 1006 1122 eis
1022 1083 1093 1122 annu

143 1145 146 1150 ’
189 1151 242 1208 bus
257 1147 462 1226 Evangeliuiu,
476 1167 550 1222 quos
564 1151 637 1222 ipse,
652 1151 729 1204 sicut
741 1150 910 1220 tuntinaria,
922 1159 956 1204 et
968 1160 1093 1224 aptavere

189 1243 220 1290 et
231 1231 405 1289 accenderat
419 1230 532 1306 Spiritu
546 1241 657 1288 sancto.
693 1231 821 1289 ltixerat
834 1235 913 1289 eninr
928 1235 987 1289 eis:
1012 1230 1093 1287 Nolite

143 1359 151 1368 .
189 1334 238 1374 eos
252 1317 303 1392 qui
315 1332 424 1391 corpus
437 1316 589 1385 occidunt,
616 1317 746 1372 oninium
759 1327 858 1372 ouran
872 1329 931 1371 nort
942 1324 1093 1392 possuato

191 1400 248 1465 Qut
262 1407 295 1452 ut
308 1397 409 1475 frigidi
422 1400 526 1454 timore
539 1416 600 1454 non
612 1408 723 1468 ¹cissent,
742 1401 821 1476 ignes
828 1400 963 1460 caritatis
977 1396 1093 1453 ardebas

152 1509 157 1522 a·
190 1484 281 1556 nique
293 1499 345 1555 per
357 1483 450 1553 ipsos,
468 1499 530 1536 non
549 1483 643 1544 solum
662 1483 711 1556 qui
731 1497 796 1536 eum
814 1491 846 1536 et
861 1482 1093 1556 antepassiones

124 1602 132 1640 3
189 1565 435 1620 resurrectionem
448 1563 583 1620 viderant
601 1573 636 1620 ct·
650 1562 819 1634 audierant,
847 1583 954 1620 rerum
976 1565 1093 1636 ctiamp

151 1642 154 1647 ¹
189 1658 252 1704 tum
266 1665 366 1704 eornm
378 1648 575 1721 per‘posteros
590 1663 699 1716 eorum,
714 1649 791 1704 inter
800 1645 964 1702 horrendas
973 1663 1093 1721 persecut

190 1734 289 1791 varios
302 1733 449 1788 cruciatus
462 1747 496 1786 ac
510 1731 614 1786 lunera
626 1728 789 1804 Martyrum
802 1728 1007 1804 praedicatum
1026 1739 1070 1802 est
1083 1738 1093 1783 t

191 1813 398 1890 Evangelium,
411 1819 594 1868 contestante
605 1812 787 1889 Daorsignis,
801 1823 831 1868 et
842 1815 981 1884 ostentis,
996 1821 1026 1868 ct
1038 1813 1093 1869 vari

184 1897 282 1968 tibus,
297 1906 327 1951 et
340 1895 470 1970 Spiritus
483 1897 580 1966 sancti
593 1897 775 1951 nruncribus:
803 1906 837 1951 ut
848 1898 1093 1974 populigentinm

191 1989 237 2034 tes
250 1981 282 2034 in
296 1997 373 2049 euru,
388 1981 437 2052 qui
449 1996 501 2052 pro
515 1995 615 2033 aarum
627 1978 809 2033 redemtione
821 1978 984 2035 crucifixus
996 1989 1051 2049 est,
1065 1976 1093 2036 Gi

99 2048 116 2102 ν’
193 2059 875 2137 emorerenerorentursanguincmblertyrura3
890 2062 1093 2136 qucnrdiabcib

192 2143 345 2213 fuderunt,
367 2145 481 2216 ipsique
494 2161 592 2219 reges,
606 2161 727 2217 quorum
740 2145 852 2220 legibus
866 2141 1040 2201 vastabatur
1050 2145 1093 2200 Ee*

192 2228 306 2282 nomini
318 2225 475 2280 salubriter
489 2225 698 2297 subderentur,
712 2227 788 2301 quod
802 2225 837 2281 de
851 2237 931 2282 terra
947 2229 1093 2283 cnrdclitet

193 2309 291 2384 conati
305 2315 399 2378 sunt3¹
416 2317 447 2362 et
460 2307 551 2364 falsos
565 2307 636 2364 deos
650 2309 815 2382 inciperent
827 2313 982 2386 persequi,
1010 2327 1093 2386 quoru

193 2393 321 2446 cultores
335 2389 398 2446 Dei
406 2393 470 2446 reri
483 2390 601 2446 lucrant
613 2393 870 2466 anteaperaccuti.

212 2635 290 2700 Quod
298 2634 382 2690 etism
389 2655 440 2706 per
450 2540 649 2690 hoereticorirn
659 2534 830 2714 discretibilis
833 2633 907 2708 fides
918 2632 1054 2692 rubrica
1063 2655 1093 2689 ro

258 2721 368 2782 Vidcns
382 2738 480 2784 autem
494 2727 625 2784 diabolus
641 2728 749 2801 templa
767 2722 941 2790 daemonum
955 2730 1064 2798 deseri,
1086 2745 1093 2780 ι

191 2827 259 2864 men
272 2809 424 2866 liberantis
439 2810 610 2867 Mediatoris
625 2828 742 2866 currere
756 2827 849 2888 genus
863 2811 1039 2883 humanum,
1064 2809 1093 2865 lu

191 2893 299 2960 ιιιοιίι,1
322 2895 372 2966 qui
386 2895 438 2948 sub
453 2887 594 2952 vocabulo
606 2889 776 2949 Christiano
789 2894 944 2950 doctrinae
956 2897 1092 2950 resistere

151 3025 157 3034 ,
192 2976 322 3044 ιιίιιιιιιι,
337 2977 420 3048 quasi
433 2984 554 3049 possent
568 2973 770 3031 indifferenter
783 2979 848 3032 sine
859 2979 921 3032 ulla
933 2980 1093 3050 correptior

168 3101 171 3108 s
191 3059 222 3112 in
235 3055 437 3129 CivitateDci,
450 3061 526 3114 sicut
537 3056 647 3114 Civitas
657 3057 836 3114 conditionis
847 3058 1050 3116 indifferenter
1060 3058 1093 3113 ba

190 3138 327 3211 losophos
342 3140 421 3201 inter
433 3159 464 3195 sc
479 3139 594 3196 diversa
604 3150 635 3200 et,
643 3139 765 3196 adversa
775 3144 952 3199 sentientes.
977 3144 1034 3209 Qut
1045 3161 1093 3218 erg

191 3223 281 3276 clesia
293 3221 402 3278 Christi
415 3223 576 3278 morbidum
590 3222 700 3297 aliquid
712 3239 892 3299 pravumque
907 3227 1044 3301 sapiunt,
1058 3226 1089 3280 *si

189 3314 224 3359 ut
237 3322 340 3366 senum
352 3316 520 3380 rectumque
528 3307 655 3378 sapiant,
668 3308 811 3362 resistunt
821 3311 1047 3377 contumttciter,
1059 3325 1093 3363 su

192 3385 294 3441 stifera
305 3396 335 3441 et
343 3387 492 3442 mortifera
505 3387 639 3464 (logmata
647 3387 802 3444 emendare
810 3391 926 3462 nolunt,
941 3391 1093 3446 sed'deiens

191 3469 315 3538 sistunt,
327 3467 471 3524 haeretici·
481 3469 565 3539 fiunt,
580 3471 700 3526 etseras
713 3472 1012 3536 exeunteshabentur
1022 3476 1055 3528 in
1065 3489 1093 3526 er

190 3548 244 3604 bus
254 3550 393 3605 inimicis.
406 3551 503 3612 Etiam
511 3554 554 3607 sic
561 3555 666 3626 quippe
673 3557 749 3609 veris
756 3555 972 3618 illiseatbolicis
980 3543 1093 3611 rncntbn'

189 3633 267 3686 malo
281 3648 335 3687 suo
348 3644 489 3706 prosunt,
512 3634 580 3690 dum
594 3635 674 3690 Deus
688 3639 780 3691 utitur
794 3637 921 3694 et'rnalis
936 3640 1022 3708 bene,
1035 3648 1064 3693 et
1076 3636 1093 3690 d

143 3785 156 3796 Ἣ
189 3707 243 3764 bus
257 3730 323 3766 curn
336 3717 433 3770 orinia
449 3727 643 3790 cooperantur
656 3720 687 3774 in
703 3721 819 3778 bonum.
836 3721 954 3778 inimici
966 3724 1044 3778 enim
1056 3737 1093 3774 ort

100 3869 102 3874 Χ
190 3793 312 3862 etesiae,
334 3795 470 3877 quolibet
489 3818 588 3856 errore
609 3811 766 3858 caecentur
778 3806 826 3859 vei
839 3803 1093 3882 malitia-depravet
