2340 4312
129 224 185 302 nt
243 205 247 211 “
340 165 960 284 brrrrvnunnnuersrrnr
1015 255 1033 274 .

28 402 31 406 ·
126 387 195 424 num
212 365 439 444 agnoscebant,
454 367 501 422 cui
518 377 571 437 per
590 365 772 440 singularem
784 381 941 419 numerum
957 362 1124 436 loquebantur,

127 452 213 505 etiam
227 468 292 503 cum
306 467 356 504 eos
373 447 505 503 homines
524 465 589 501 esse
608 447 838 502 arbitrarentur:
865 463 962 519 neque
979 446 1051 499 enim
1065 445 1125 498 alirn

128 533 163 587 ob
184 547 301 587 causam
319 533 362 586 sic
381 548 430 585 ees
449 537 653 602 susceperunt,
677 536 711 582 ut
724 537 867 600 tanquam
880 526 1047 582 mortalibus
1059 523 1123 580 etbn-
1146 540 1170 649 Ι

126 631 214 672 mana
236 611 395 668 resectione
417 607 617 687 indigentibus
638 610 858 665 ministrarent:
887 609 939 663 sed
957 608 1124 681 eratproiceb

63 695 65 698 ’
128 694 252 769 aliquid,
266 712 322 767 quo
335 695 377 766 ita
391 693 589 766 excellebant,
612 692 836 765 liccttanquam
850 690 1004 760 homines,
1028 690 1125 744 utine's
1152 762 1170 773 ν

19 825 22 838 ,
41 828 45 832 .
131 795 194 832 esse
203 774 382 844 Dominum,
396 775 474 830 sieut¹
486 791 549 828 esse
563 775 671 828 assolet
684 771 904 846 inPropbetis‚
929 771 962 827 hi
974 773 1022 846 qui
1033 770 1108 844 hospi
1128 844 1131 849 ζ
1152 783 1170 847 q

129 861 240 914 litatem
263 857 322 912 illis
347 855 538 925 exhibebant,
565 854 698 910 dubitare
713 872 772 909 non
789 859 930 927 pissent:
958 853 1170 927 atqneideofq

8 934 11 939 ’
41 949 43 954 “
75 1001 77 1008 ¹
130 943 208 1011 ipsos
222 933 376 1011 aliquando
390 938 558 1009 pluraliter,
573 937 645 991 etin
659 937 701 990 eis
714 933 876 992 Dominum
889 935 1043 1011 aliquando
1055 937 1099 1003 sin
1115 932 1128 965 ⁵
1155 946 1170 996 1

130 1021 231 1074 lariter
244 1019 436 1092 appellabant.
478 1017 608 1094 Angelos
623 1017 846 1088 meminisse,
862 1017 1019 1091 Scriptura
1030 1025 1126 1086 testata
1160 1028 1170 1077 t

131 1120 188 1156 non
203 1101 298 1157 solum
311 1101 342 1154 in
355 1098 409 1154 hoc
423 1097 547 1156 Genesis
561 1099 651 1170 libro,
669 1099 721 1154 ubi
733 1096 805 1152 haee
818 1109 904 1175 gesta
919 1107 1083 1166 narrantur,
1165 1114 1170 1157 ι

83 1237 85 1240 ,
131 1201 194 1236 ιιιιιι
208 1183 295 1236 etiam
308 1181 340 1238 in
354 1181 476 1254 epistola
490 1181 526 1236 ad
538 1179 705 1250 Hebraeos,¹
730 1180 781 1235 ubl
795 1198 887 1253 quum
904 1179 1077 1254 hospitalitas
1098 1204 1111 1219 υ
1167 1194 1170 1241 !

130 1263 266 1332 daretur,
293 1261 351 1319 Per
365 1263 458 1333 banc,
479 1264 594 1336 inquit,
621 1264 710 1318 etiam
723 1261 842 1336 puidam
857 1265 1025 1330 nescientes
1037 1261 1102 1316 bos'
1167 1274 1170 1301 ¹

81 1391 82 1394 ,
116 1343 449 1420 -receperuntringeloa
461 1344 770 1420 rPertttosigtturtres
778 1337 879 1414 uiros,
895 1363 965 1408 eum
978 1341 1120 1399 rursnsfi''
1168 1358 1170 1401 t

74 1427 78 1442 *
131 1425 212 1481 lsaac
223 1424 361 1482 deSarra
367 1430 585 1500 promitteretur
591 1423 735 1495 Abrahae,
750 1425 895 1482 divinitus
909 1426 1011 1482 datum
1023 1434 1062 1479 cst
1072 1424 1100 1478 eti
1109 1424 1125 1465 ι’

130 1511 188 1564 tale
202 1526 389 1580 responsum,
402 1517 434 1564 ut
447 1508 604 1578 diceretur,
616 1506 767 1564 Abrohom
777 1497 840 1572 ,erit
853 1509 885 1562 in
898 1519 1080 1582 gonterano
1110 1534 1128 1562 2

15 1657 19 1666 ι
130 1601 160 1648 et
174 1590 315 1660 multem,
329 1600 361 1646 et
371 1589 578 1648 benedicentur
591 1587 621 1644 iri
635 1607 667 1646 eo
682 1605 778 1644 omnes
791 1599 898 1663 genter
910 1600 1024 1646 terroe.
1061 1586 1092 1642 Et
1110 1608 1132 1655 <f

102 1735 103 1738 Ἴ
131 1672 187 1727 duo
201 1673 252 1727 illa
264 1671 435 1728 brevissime
447 1673 671 1745 plenissimeque
681 1671 825 1742 promissa
838 1681 922 1740 sunt,
937 1669 1091 1747 genslsrael
1115 1678 1129 1709 f
1168 1714 1170 1727 .

30 1777 34 1818 j
132 1754 258 1810 cundum
270 1771 403 1824 carnem,
417 1763 447 1810 et
459 1770 559 1820 omnes
572 1762 676 1830 gentes
689 1751 851 1808 secundum
860 1752 959 1810 fidem.
1165 1764 1170 1811 t

431 1879 896 1974 ·crnxxm-

133 2011 173 2063 De
184 2012 256 2064 Lotb
266 2029 283 2063 a
295 2011 551 2072 dederanthorum,
566 2001 647 2078 atque
658 1995 753 2062 eisdem
764 2012 874 2064 coelesti
883 2010 952 2080 igne
963 2010 1108 2066 conmotitt
1120 2040 1130 2059 -,

190 2083 221 2132 de
236 2078 400 2158 ribimelecb,
421 2079 497 2130 errius
513 2079 726 2158 concupiscentia
746 2081 875 2132 castitati
891 2081 997 2134 Sarrae
1016 2094 1095 2132 norm
1165 2078 1170 2205 p

568 2165 620 2200 noo
627 2156 727 2214 poteret.
801 2183 804 2190 ,

188 2250 258 2306 Post
277 2249 354 2320 hanc
375 2251 597 2322 promissionem
615 2252 737 2307 liberato
751 2240 786 2307 de
800 2251 938 2327 Sodomis
954 2253 1042 2323 Loth,
1065 2261 1089 2306 et
1100 2265 1134 2304 rs·

29 2343 31 2348 ·
131 2337 232 2392 niente
244 2334 333 2408 igneo
351 2333 443 2388 imbre
457 2332 492 2388 de
506 2335 614 2402 coelo,
632 2343 696 2389 tota
707 2334 758 2388 illa
766 2335 856 2409 regio
871 2334 981 2407 impibe
994 2331 1135 2392 civitatis:

131 2419 259 2472 cinerem
271 2432 357 2472 versa
371 2423 432 2484 est,
457 2415 507 2470 ubi
520 2417 622 2488 stupra
634 2417 665 2470 in
678 2417 820 2470 masculos
835 2418 867 2471 in
882 2426 999 2472 tantam
1012 2429 1103 2472 conane
1118 2440 1119 2451 ι

107 2495 110 2502 ’
132 2499 229 2552 dinem
256 2499 483 2567 convaluerant,
498 2507 649 2571 ,quantam
666 2499 746 2573 leges
764 2500 861 2552 solent
880 2500 1008 2554 aliorum
1024 2499 1091 2554 iacto
1108 2518 1111 2535 ι
1131 2510 1133 2549 2

130 2579 270 2651 praebere
284 2581 441 2635 licentiam.
475 2578 584 2634 Verum
602 2589 633 2634 et
644 2579 699 2634 hoc
713 2597 816 2635 corum
829 2582 1007 2653 supplicium
1020 2581 1109 2654 specior

39 2693 41 2698 -
85 2653 88 2662 “
129 2662 221 2718 futuri
234 2663 337 2717 turtur
350 2653 521 2717 utnnrrutt.
552 2649 627 2716 Nam
640 2679 696 2735 quo
710 2663 839 2735 pertinet
852 2663 933 2735 quor
945 2663 1107 2744 prohibitis
1125 2684 1134 2701 -

31 2784 33 2790 s
130 2744 180 2816 qni
193 2743 391 2800 liberabantur
404 2744 440 2798 ab
452 2739 573 2819 ringelis
587 2753 667 2799 retro
688 2745 848 2816 respicere,
871 2745 937 2800 'nisi
957 2747 1092 2818 quianon

130 2819 231 2880 animo
247 2824 427 2882 redeundum
442 2825 478 2880 ad
491 2835 621 2884 veterem
634 2827 740 2894 ritem,
764 2842 821 2898 qua
832 2843 888 2900 per
899 2829 1029 2902 gratiam
1040 2837 1135 2901 regent·

128 2917 212 2964 ratus
226 2907 361 2976 exuitur,
375 2907 400 2960 si
414 2908 550 2974 ultimum
563 2905 687 2964 eradere
701 2906 840 2961 iudicium
853 2905 1039 2984 cogitamus?
1067 2903 1135 2962 lieni·

123 3007 185 3064 flue
198 3006 273 3044 uxor
289 2987 380 3057 Loth,
410 2989 460 3046 ubl
476 2991 626 3063 respexits
646 2990 801 3059 remansit3
829 2990 903 3050 etin
919 2993 1011 3045 salem
1024 2999 1134 3046 consent

80 3143 83 3152 y
127 3069 295 3126 bominibus
313 3065 445 3125 fidelibus
465 3071 607 3145 quoddam
625 3072 771 3145 praestitit
783 3070 1022 3143 condimentum,
1047 3081 1134 3146 quon·

125 3153 211 3225 piant
224 3151 344 3225 aliquid,
358 3152 436 3208 unde
449 3153 520 3208 illud
534 3149 671 3208 caveatur
683 3155 858 3226 exemplum.
881 3152 956 3209 inde
965 3151 1133 3209 rursnshbrt·

127 3231 196 3288 ham
218 3232 292 3288 fecit
312 3235 345 3290 in
369 3232 488 3291 Geraris
511 3234 585 3308 apud
606 3253 706 3310 regem
730 3235 859 3290 civitatis
881 3233 963 3291 illius
988 3227 1133 3292 Abileneb

129 3315 207 3388 qnod
222 3314 392 3392 inhegypto
407 3315 442 3370 de
455 3319 580 3392 coniuge
592 3317 712 3385 fecerat,
726 3317 809 3389 eique
822 3317 937 3373 intaeta
951 3319 1079 3372 similiter
1087 3309 1134 3368 ηδ·

129 3397 189 3452 dita
202 3410 255 3452 est.
298 3396 355 3454 Vbi
367 3415 438 3454 sane
451 3397 595 3454 Abraham
609 3398 777 3474 obiurganti
788 3401 854 3474 regi
869 3417 924 3454 cur
937 3402 1072 3454 tacuisset
1081 3409 1133 3449 uxo·
1146 3447 1147 3450 ,

127 3483 206 3545 rem,
233 3497 419 3553 sororemque
437 3481 576 3549 dixisset,
602 3483 735 3554 aperiens
750 3480 819 3553 quid
832 3483 981 3551 timuerit,
1009 3475 1133 3535 etiambot

128 3558 251 3616 addidit:
274 3559 394 3618 Etenim
407 3580 476 3618 vere
491 3579 577 3640 soror
590 3581 654 3618 meo
667 3573 712 3618 est
725 3563 760 3618 de
773 3573 887 3638 patre,
911 3564 965 3620 sed
981 3581 1036 3618 nen
1048 3563 1078 3618 de
1089 3572 1132 3636 pl·

29 3685 35 3695 .
129 3649 195 3694 tre:
220 3643 287 3714 quia
301 3642 336 3696 dc
353 3652 436 3717 patre
456 3661 509 3700 suo
530 3661 613 3700 soror
629 3653 694 3699 ¹erat
707 3643 854 3720 Abrahae,
872 3645 918 3700 'de
932 3663 989 3722 quo
1002 3644 1133 3717 propinqus

129 3720 193 3774 cirre
205 3732 275 3777 erat.
300 3721 413 3780 Tantae
426 3735 522 3782 autern
535 3724 758 3798 pulchritudinis
769 3725 840 3796 fnit,
851 3738 889 3783 ut
902 3730 989 3783 etiam
1002 3728 1033 3781 in
1046 3726 1088 3780 illa
1097 3735 1124 3773 ar

129 3809 187 3866 tote
203 3813 300 3874 posset
312 3805 448 3864 adamari.
533 3829 550 3854 ν
579 3843 581 3847 ,
1099 3807 1107 3826 ⁸
