2266 4312
123 159 399 281 tronoavn
436 203 495 254 nu
532 181 757 282 ellurum
914 159 966 260 42'7

43 338 55 373 r
83 319 228 380 hominum
252 327 319 373 ante
342 338 437 389 pecca·
469 337 541 385 na,
562 305 632 389 quae
646 325 805 388 peremnia
817 337 905 390 opera
916 342 968 378 sna

85 428 92 440 .
131 427 138 440 .
175 427 196 440 ..
215 404 224 440 ’.
264 428 271 440 .
309 393 373 458 Png.
385 393 438 444 332
490 394 968 458 significationissuaesparsitindi-

43 459 109 512 [III.
129 461 438 512 Anitauniusl'elicita·
492 464 542 510 cia.
576 495 583 509 .
617 496 623 509 .
660 495 668 512 .
706 497 758 532 .,.
795 498 802 511 .
839 462 905 528 Pog.
917 463 968 514 343

43 544 107 579 ,ines
118 530 211 594 angeli
222 532 277 580 sint
288 533 386 592 creati,
408 536 438 580 ut
462 527 544 581 CAP.
555 525 652 580 XXV.
672 529 715 579 De
730 532 872 594 tripertita
882 533 968 594 totius

43 599 438 666 :lapsurosseposscntnosse
492 596 682 664 philosophiae
699 599 853 664 disciplina.
873 636 880 648 .
917 599 969 650 344

43 669 106 732 apsi
122 673 198 729 ”sunt
219 675 247 718 et
258 673 320 733 post
331 671 437 718 ruinam
462 665 544 716 CAP.
558 664 671 717 XXVI.
701 667 744 718 De
759 671 879 733 imagine
897 683 969 718 sum·

43 739 118 785 ,tium
134 739 354 801 perseverantiae
371 752 438 786 suae
493 751 554 788 mae
566 737 718 797 Trinitatis,
735 752 806 802 quae
818 737 969 788 secundum

43 807 174 856 cientium
207 807 374 871 acceperint·
392 806 438 872 qui
494 805 630 871 quendam
646 805 756 854 modurn
773 807 801 854 in
818 813 919 856 natura
930 811 969 856 et-

43 879 111 924 runt
164 910 171 923 .
208 911 215 926 .
253 911 260 924 .
288 872 307 925 “.
345 911 351 925 .
388 872 439 926 333
493 869 970 928 ianrnecdunrbeatiliratihominis

43 940 108 993 lIV.
130 944 192 1004 Quo
207 959 310 1010 genere
325 943 441 994 locutio·
493 943 639 994 imenitur.
664 979 670 994 .
700 979 705 992 .
742 978 749 993 .
875 979 882 992 .
918 941 970 994 345

44 1018 120 1061 ctum
132 1014 168 1060 sit
180 1012 215 1062 de
224 1013 348 1074 diabolo,
367 1011 440 1078 quod
462 1007 610 1062 0.4Ρ.ΧΧ
616 1009 678 1062 VII.
699 1011 742 1064 De
753 1011 874 1064 essentia
882 1018 911 1064 et
921 1013 971 1061 sci-

43 1083 121 1132 ritate
133 1096 186 1130 non
197 1083 315 1142 steterit,
325 1083 389 1148 quia
399 1096 441 1130 re·
496 1083 585 1141 entia,
600 1086 629 1130 et
639 1082 784 1148 utriusque
795 1096 898 1132 amore.
918 1080 975 1134 346,

51 1164 107 1198 non
123 1155 166 1199 est
181 1153 209 1198 i'n
225 1164 265 1200 eo.
303 1187 310 1200 .
348 1185 354 1200 .
390 1147 442 1200 334
463 1146 698 1210 CARXXVIII.
718 1154 759 1202 dn
779 1153 862 1201 etiam
879 1153 970 1215 ipsum

43 1215 95 1268 lv.
115 1219 189 1278 Quid
210 1221 387 1270 sentiendum
405 1219 442 1268 sit
485 1233 628 1279 animem,
640 1233 694 1284 quo
702 1226 731 1270 et
741 1235 802 1270 esse
813 1226 841 1272 et
850 1221 919 1272 scire
931 1221 970 1270 di-

43 1288 127 1353 ·quod
138 1288 269 1352 scriptum
280 1294 331 1350 est,
342 1290 382 1340 Ab
392 1289 442 1336 ini·
496 1288 616 1353 ligimus,
625 1287 970 1356 diligeredebeamus,quo

43 1357 146 1406 labolus
161 1363 265 1421 peccat.
303 1394 310 1408 .
347 1394 353 1407 .
391 1354 442 1410 335
497 1359 584 1421 magis
595 1357 703 1406 divinae
714 1359 860 1410 Trinitatis
876 1360 981 1424 imagi-¹

43 1423 442 1490 (Vluegraoibusorfferen-
473 1427 524 1475 -ni
537 1426 760 1490 propinquamus.
788 1459 795 1474 .
833 1463 839 1476 .
876 1463 883 1476 .
914 1423 972 1478 347

43 1499 239 1555 :reaturarum‚
268 1496 340 1560 quod
352 1494 443 1545 'aliter
467 1489 550 1543 CAP.
562 1490 676 1544 XXIX.
696 1492 740 1543 De
750 1501 906 1546 sanctorum
918 1497 971 1546 An·

43 1568 70 1612 et
80 1577 145 1611 osus
157 1563 296 1624 utilitatis,
307 1563 390 1614 aliter
401 1577 443 1612 or·
497 1563 624 1628 gelorum
638 1563 763 1623 seientia,
783 1579 837 1629 qua
851 1565 972 1613 Trinita-

43 1633 140 1680 otonis.
173 1643 189 1681 .·
218 1669 225 1680 .
263 1669 268 1682 .
305 1667 312 1680 .
348 1667 354 1682 .
391 1630 442 1682 335
498 1636 554 1682 torn
564 1632 593 1680 in
604 1631 662 1694 ipsa
673 1631 777 1681 deitate
788 1639 933 1692 noverunt,
943 1637 974 1682 et

43 1697 124 1752 (Vll.
136 1701 241 1753 Vitium
254 1701 377 1752 malitiae
387 1715 442 1758 non
498 1714 553 1766 qua
564 1701 865 1765 operumoausasprius
874 1703 901 1750 in
910 1711 972 1764 ope·

43 1785 95 1819 ram
106 1784 181 1831 esse,
199 1771 248 1820 sed
259 1777 355 1820 contra
366 1777 444 1820 nato·
498 1770 586 1819 rantis
596 1774 757 1834 arte,quanr
769 1771 797 1818 in
808 1770 876 1834 ipsis
884 1771 974 1834 operi-

64 1839 108 1888 coi
131 1840 166 1889 ad
192 1840 443 1906 peccandumnon
498 1838 675 1887 bnsartilicis
692 1839 842 1902 intuentur.
879 1874 886 1887 .
923 1836 974 1888 348
1041 1897 1045 1908 .

43 1909 102 1958 itor
117 1913 266 1971 causaest,
285 1909 334 1960 sed
349 1907 444 1959 volun·
469 1903 552 1958 CAP.
562 1903 661 1957 XXX.
680 1906 722 1956 Ile
743 1907 844 1956 senarii
866 1907 973 1956 numeri

43 2012 356 2028 ........
393 1975 444 2028 336
500 1977 685 2041 perfectione,
714 1976 761 2041 qui
785 1978 890 2040 primus
913 1991 996 2040 par-¹

43 2043 146 2098 lVssl.
174 2045 218 2098 De
237 2046 443 2112 pulchritudine
484 2047 568 2100 ,tium
591 2059 703 2096 suarum
722 2047 878 2111 quantitate
902 2058 974 2094 corn-

43 2117 166 2176 usitatis,
186 2131 257 2182 qnae
273 2116 444 2182 perordina-
499 2114 600 2168 oletur.
658 2144 886 2164 ......
922 2111 975 2163 349

45 2200 72 2234 m
83 2185 135 2234 Dei
146 2186 231 2234 ctiam
241 2200 276 2234 ex
292 2186 444 2238 contrario·
452 2181 457 2246 1
466 2182 546 2235 CAP.
555 2180 673 2238 XXXI.
693 2183 735 2240 De
745 2183 790 2240 ,die
801 2185 930 2249 septimo,
945 2183 975 2233 in

64 2255 95 2302 tit
122 2255 295 2318 oppositione
323 2254 444 2304 loculen-
499 2257 554 2320 qno
574 2252 718 2317 plenitudo
730 2259 762 2304 et
772 2256 881 2320 requies
902 2265 976 2302 conr·

84 2357 354 2374 .......
392 2320 440 2374 337
499 2323 653 2374 nrendatur.
704 2358 711 2371 .
747 2358 754 2372 .
791 2359 798 2372 .
835 2357 842 2372 .
878 2357 885 2371 .
921 2319 989 2372 350·

43 2387 117 2442 XIX.
137 2391 211 2453 Quid
223 2393 398 2444 sentiendum
409 2393 445 2440 vi-
468 2389 547 2443 CAP.
558 2388 688 2442 XXXII.
717 2390 759 2441 De
780 2385 911 2456 opiniolre
930 2404 977 2442 eo·

43 2461 151 2510 rrdeeo
162 2463 235 2527 qnod
246 2463 378 2526 scriptum
390 2467 444 2512 est:
498 2473 561 2512 runr
573 2461 618 2526 qui
630 2459 791 2524 angelorum
804 2460 975 2512 creationem

43 2531 159 2586 ritDeus
169 2533 243 2582 inter
253 2532 343 2586 lucem
364 2537 392 2582 et
406 2537 445 2581 te·
500 2531 668 2581 anteriorem
685 2528 783 2578 volunt
797 2540 870 2590 esse,
892 2543 975 2595 quam

43 2613 77 2648 os.
131 2634 358 2650 ......
394 2598 472 2652 337-
500 2598 631 2650 mundi.
661 2631 667 2644 .
704 2632 711 2646 .
748 2632 755 2644 .
791 2631 798 2644 .
835 2633 841 2646 .
880 2633 886 2647 .
924 2594 974 2648 351

43 2663 99 2720 tx.
117 2667 161 2718 De
178 2683 210 2719 eo
226 2669 302 2736 quod
316 2673 379 2736 post
393 2670 446 2720 dis·
467 2667 550 2719 CAP.
566 2660 712 2716 XXXIII.
741 2665 784 2714 De
804 2665 910 2715 duabus
931 2681 978 2716 an-

43 2753 123 2787 onem
140 2737 306 2804 lucisatque
322 2740 473 2790 tenebra·=
500 2737 628 2804 gelorum
644 2734 832 2784 ,societatibus
859 2734 977 2786 diversis
1047 2737 1051 2741 ’

48 2807 224 2857 dictumest:
247 2809 282 2858 Et
293 2806 446 2859 vidltDeus
467 2835 468 2840 =
502 2813 585 2872 atque
596 2803 765 2868 disparibus,
784 2815 920 2868 quaenon
935 2806 976 2852 in-

42 2877 315 2941 n‚quiabonaest..
353 2914 360 2928 .
396 2876 446 2928 338
502 2889 623 2940 congrue
641 2871 840 2938 intelliguntur
860 2869 930 2920 lucis
946 2876 977 2922 et

43 2941 118 2996 txl.
137 2945 180 2995 De
192 2948 447 2998 aeternaetincom-
502 2945 678 2995 tenebrarum
694 2941 851 2998 nominibus
873 2954 976 2996 nuncu-

43 3015 287 3065 rbiliscientiaDei
304 3031 336 3066 ac
353 3016 447 3066 volun·
500 3019 580 3079 patae
584 3043 888 3061 ........
925 3005 978 3058 352
1023 3046 1026 3056 .

62 3097 116 3149 qua
135 3098 245 3149 semper
260 3085 301 3134 illi
318 3087 446 3134 universa
468 3076 706 3134 CARXXXW..
718 3079 762 3130 De
778 3077 901 3142 eoquod
919 3078 978 3142 qui·
1041 3097 1043 3102 ·

55 3151 134 3214 fecit,
153 3155 193 3202 sic
204 3155 371 3218 placuerunt
382 3153 446 3203 faci·
503 3152 564 3202 dam
586 3154 694 3215 putant,
714 3149 742 3198 in
763 3147 920 3198 conditione
931 3146 976 3194 lir-

43 3258 53 3281 ,
64 3223 294 3286 quemadmodum
303 3223 384 3272 lacta.
396 3221 447 3272 339
502 3220 633 3270 momenti
649 3231 782 3284 aquarum
794 3216 976 3266 discretarum

43 3287 142 3341 XXII.
175 3291 219 3342 De
240 3290 282 3342 his
303 3292 401 3357 quibus
419 3292 447 3339 in
502 3285 927 3361 nomineangelossignilicatos,
948 3287 978 3332 et

43 3360 152 3410 crsitate
164 3375 257 3410 rerum
264 3361 358 3410 abono
366 3362 447 3410 Creo·
503 3357 576 3424 quod
588 3356 700 3422 qnidam
711 3367 798 3419 aquas
817 3352 978 3426 existimarit

43 3428 445 3494 beneconditarumqnaedem
503 3440 559 3476 non
570 3430 676 3476 creatas
677 3452 890 3472 ......
925 3415 978 3470 303

43 3498 107 3546 icen
140 3501 168 3546 et
198 3498 446 3548 utantnonnullam
867 3513 870 3520 ¹

55 3503 316 3617 natiti'rampmalam.
354 3602 360 3617 .
397 3564 449 3617 340
485 3545 626 3616 LIBER
646 3536 959 3614 DVODECIMVS·
986 3591 991 3602 ..

43 3631 155 3684 XXIII.
179 3634 221 3686 De
233 3651 335 3696 errore,
354 3636 382 3684 in
394 3650 447 3701 quo
503 3637 533 3686 ln
550 3648 603 3698 qno
617 3633 694 3697 prius
705 3629 813 3698 quidem
826 3626 978 3694 dcarrgelis
1043 3643 1045 3652 ’

43 3705 105 3753 enis
149 3705 277 3756 doctrina
329 3705 448 3768 inculpa·
470 3705 583 3771 inquirit
601 3701 781 3764 Augustinus,
807 3695 879 3746 uude
900 3699 978 3748 nimi·

58 3807 392 3824 ········
398 3773 444 3822 341
471 3791 529 3824 rum
542 3771 603 3822 alifis
614 3769 686 3818 bona
697 3767 833 3826 veluntas,
848 3765 911 3814 aliis
923 3771 978 3816 ma·

43 3835 154 3892 XXIV.
172 3842 215 3894 De
226 3844 366 3898 'Iriuitate
382 3845 448 3895 divi·
470 3845 505 3905 la,
525 3848 554 3894 et
564 3853 635 3906 quae
646 3833 980 3888 causabeatitndtnisoo·
1082 3847 1086 3856 ‘¹
