2400 4312
235 179 295 238 DE
316 177 534 240 Cll'l'l'ATE
558 183 740 264 1213112113.
762 185 835 245 Vll.
1004 196 1063 254 199
1117 270 1124 276 .

60 347 164 400 ‚uuum
189 331 296 406 quibus
309 333 419 409 aliquid
431 333 466 391 fit
486 336 518 392 in
540 337 680 393 mundo.⁶‘
723 337 788 396 lloc
813 357 902 416 quam
928 361 1065 420 magnum

60 414 80 482 ι,
103 415 299 470 nobilissimo
312 415 434 494 Virgilii
446 436 550 476 versuo
565 421 615 474 illc
633 429 772 478 testeum
820 463 824 470 -

107 496 194 552 Felix
206 499 257 571 qui
269 500 366 572 potuit
378 518 477 557 reruni
490 520 669 578 cognoscere
682 521 795 560 caum.

60 579 146 634 deur
160 582 190 634 ci
202 584 395 654 praeponitur
408 582 511 654 lanus,
524 583 579 640 hoc
593 585 677 641 nobis
689 589 737 643 vir
749 590 799 643 ille
811 590 997 650 acutissimus
1011 591 1062 647 do-

60 665 230 737 cuimusque
243 664 430 737 respondeat.
457 667 625 735 „Quoniam
636 686 726 744 penes
740 669 855 740 lanum,
869 673 980 746 inquit,
994 685 1063 732 runt

61 747 155 816 rima,
180 765 273 818 penes
287 745 390 802 lorcin
403 766 523 804 summa.
566 747 673 806 Merito
688 753 759 830 er'go
773 772 828 809 rex
840 757 970 810 omnium
983 753 1062 829 lupi:-

60 847 88 884 er
113 826 250 884 habetur.
292 829 393 886 Prima
418 832 498 887 enim
520 833 684 889 vincuntur
704 838 870 892 aoummia:
900 838 968 912 quia
992 841 1063 895 lieet

60 917 113 966 mia
134 912 318 984 praecedant
331 923 479 987 tempore,
506 933 617 970 summa
630 928 768 990 superant
782 919 958 996 dignitate.“
1002 919 1062 978 Sed

60 1003 101 1048 etc
111 991 170 1049 hoc
184 994 351 1067 diceretur,
379 999 405 1052 ri
417 997 563 1053 factorum
579 1000 673 1072 prima
686 998 926 1060 discernerentur
939 1013 969 1058 ct
982 1021 1061 1060 rum-

60 1094 81 1131 i:
114 1079 197 1132 sicut
222 1080 342 1134 initium
367 1078 439 1135 facti
465 1091 511 1136 est
534 1081 698 1155 proficisci,
724 1101 866 1139 sunimum
891 1089 1060 1157 pervenire;

60 1161 137 1214 tium
149 1159 225 1214 sacti
238 1163 387 1236 incoeptio
400 1162 548 1232 discendi,
574 1181 716 1218 nummum
730 1168 880 1239 perceptio
894 1166 1060 1226 doetrinae:

61 1244 107 1298 oie
119 1243 155 1298 in
170 1243 306 1300 omnibus
319 1245 415 1316 prima
425 1253 496 1300 runt
508 1246 608 1313 initia,
632 1249 795 1321 summique
809 1258 878 1323 sunt
890 1248 973 1306 lineo.
1000 1250 1061 1307 Sed

60 1345 74 1380 n
98 1324 157 1380 hoc
185 1328 341 1402 negotium
363 1326 556 1383 interlanum
570 1327 797 1406 'forminumque
820 1332 1059 1389 discussum-eat.
1110 1371 1112 1376 ,

60 1425 129 1462 uoac
142 1416 247 1462 autem
262 1427 336 1482 quae
350 1409 457 1466 dantur
469 1408 547 1482 Iovi,
574 1409 731 1469 efficientia
753 1422 840 1482 aunt,
864 1411 925 1471 non
939 1411 1058 1472 effecta:

59 1509 111 1563 pue
129 1491 195 1545 ullo
218 1491 305 1547 modo
327 1491 394 1547 fieri
413 1502 526 1566 potest,
550 1503 584 1548 ut
595 1496 643 1550 vel
657 1505 788 1569 tempore
800 1500 1029 1570 praeveniantur
1042 1519 1059 1554 a

60 1575 101 1628 tic
125 1575 264 1629 initiisve
286 1573 441 1630 factorum.
470 1574 607 1650 ,Semper
620 1578 700 1633 enim
711 1580 793 1650 prior
807 1589 853 1633 eat
865 1597 913 1635 res
927 1598 1001 1654 quae
1015 1581 1057 1636 fa·

61 1697 72 1725 ,
100 1674 197 1730 quam-
219 1658 270 1712 illa
295 1675 370 1733 quae
393 1657 436 1712 fit.
480 1659 663 1733 Quapropter
686 1661 713 1715 ri
735 1660 772 1715 od
788 1659 891 1715 lanum
910 1665 1060 1735 pertinent

60 1741 102 1794 tia
116 1738 283 1811 factorum,
310 1758 371 1797 non
384 1733 449 1796 ideo
462 1743 561 1815 priora
574 1751 645 1798 aunt
655 1741 847 1798 efficientibus
860 1744 973 1811 causir,
987 1761 1058 1818 quaa

60 1825 77 1877 d
91 1822 241 1877 tribuunt.
285 1821 371 1879 Sicut
384 1825 464 1878 enim
476 1822 551 1880 nihil
563 1823 611 1895 fit,
637 1827 679 1880 ita
693 1824 767 1882 nihil
779 1823 937 1878 inchoatur
950 1833 984 1879 ut
995 1824 1057 1897 liat,
1066 1839 1076 1863 ··

60 1905 92 1960 od
105 1923 170 1960 non
186 1905 300 1961 iaciens
311 1923 399 1962 eausa
411 1909 613 1979 praecesserit.
658 1906 746 1963 Huno
761 1919 834 1961 sanc
847 1903 949 1977 deum,
968 1924 1058 1982 penes

60 2007 103 2042 cm
116 1996 192 2042 aunt
215 2006 324 2065 omnes⁸
332 2005 438 2044 eauoae
451 1988 596 2052 factarum
610 1991 741 2045 omnium
754 1997 925 2064 naturarum
938 1997 1057 2044 natura-

60 2089 147 2145 mque
161 2087 276 2141 rerum,
301 2073 329 2126 ai
339 2069 439 2130 lovem
450 2073 551 2145 pop-uli
564 2073 728 2148 appellant,
755 2080 785 2127 et
801 2073 892 2126 tantis
907 2080 1057 2126 contume-

60 2172 66 2208 ι
79 2163 199 2226 tamque
212 2155 347 2209 scelestis
362 2154 613 2209 criminationibus
629 2155 746 2224 colunt,
764 2154 886 2210 tetriore
900 2154 1056 2230 sacrilegio

60 2255 83 2290 ie
97 2236 308 2311 obstringunt,
329 2253 416 2322 quam
429 2237 455 2290 oi
467 2239 588 2309 prorsus
602 2236 712 2290 nullum
724 2243 862 2306 putarent
875 2234 970 2290 deum.
995 2234 1069 2314 vn:
1111 2269 1116 2276 ι

71 2320 161 2373 utino
176 2327 258 2373 esset
271 2319 314 2373 eir
328 2321 417 2373 alium
430 2319 557 2392 aliquem
570 2317 648 2374 lovis
662 2317 781 2372 nomine
793 2331 981 2390 nuncupare,
1012 2317 1056 2374 di-

60 2418 110 2455 um
119 2401 258 2473 turpibus
273 2409 303 2455 et
315 2399 473 2478 flagitiosis
482 2399 654 2466 honoribus,
668 2400 818 2472 supposito
828 2417 904 2455 vano
916 2399 1056 2478 figmento

60 2483 97 2538 od
114 2485 212 2557 potius
227 2482 461 2556 blasphemarent
484 2479 579 2556 (sicut
597 2479 725 2536 Saturno
750 2481 860 2537 dicitur
887 2477 1055 2556 suppositus

60 2567 107 2635 iia,
133 2583 223 2640 quem
247 2584 302 2639 pro
324 2566 385 2622 filio
409 2562 586 2638 devoraret,)
613 2564 802 2637 quamiatum
815 2562 1013 2620 doumdiccrc
1027 2576 1057 2621 ct

60 2658 171 2703 nantem
189 2657 221 2702 et
240 2648 471 2717 adulterantem,
495 2655 524 2700 et
537 2654 631 2700 totum
641 2643 784 2701 mundum
795 2655 949 2722 regentem
962 2657 992 2706 et
1003 2659 1056 2722 per

60 2741 188 2805 :stupra
215 2730 411 2799 diffluentem,
449 2738 479 2784 et
493 2725 644 2784 “naturam
669 2729 799 2784 omnium
822 2731 1056 2808 naturaliumque
1127 2775 1131 2782 .

60 2831 115 2868 rum
143 2830 250 2868 caueae
277 2830 404 2868 summas
429 2810 586 2868 habentem
612 2817 642 2866 et
667 2829 735 2866 suas
756 2827 865 2868 ‘causus
878 2811 969 2870 bonae
996 2832 1056 2870 nou

60 2896 181 2952 lentem.
253 2891 260 2898 ’

79 2976 198 3034 Deinde
225 2994 352 3052 quaero,
386 2995 471 3052 quem
494 2979 553 3033 iam
577 2979 676 3034 locum
702 2978 779 3034 inter
804 2976 874 3032 deos
899 2976 967 3034 huie
993 2976 1057 3033 lovi

60 3061 161 3131 bunut,
187 3062 215 3115 ci
241 3058 329 3117 lanua
357 3069 403 3114 est
426 3059 562 3116 mundun
606 3059 686 3116 Deos
711 3061 791 3114 enim
815 3077 901 3116 veros
928 3061 1056 3115 annnam

60 3143 119 3199 indi
133 3163 168 3198 ae
180 3152 279 3217 partes
294 3145 357 3198 cius
370 3145 426 3198 iste
437 3142 586 3198 definivit:
601 3159 634 3196 no
645 3161 697 3215 per
710 3140 764 3197 hoe
777 3142 914 3218 quicquid
927 3140 982 3196 hoc
996 3159 1055 3197 noa

60 3245 77 3296 z,
103 3243 166 3281 non
192 3235 239 3280 eat
260 3227 361 3300 utique
376 3225 534 3280 secundum
549 3226 621 3280 ictos
635 3242 723 3280 veruo
737 3223 817 3280 deus.
862 3223 940 3279 Num
965 3223 1056 3298 igitur

79 3308 190 3364 dicturi
216 3317 288 3364 eunt
306 3307 405 3364 lovem
431 3309 557 3363 animam
582 3305 698 3377 mundi,
725 3305 860 3362 nolanus
885 3306 924 3360 ait
950 3323 1055 3378 oorpuo

60 3410 94 3461 io,
118 3392 226 3459 idest,
252 3385 605 3447 istorioihilis'munduol
644 3386 708 3444 Hoc
732 3390 758 3443 oi
780 3388 900 3456 dieunt,
926 3389 1057 3444 nouerit

60 3473 263 3530 emadrnuduni
284 3472 387 3534 lanum
412 3471 497 3528 deum
523 3472 639 3541 dicant3
664 3473 801 3546 quoniam
826 3468 926 3546 mundi
952 3487 1055 3542 corpur
1079 3509 1081 3516 -

60 3573 79 3613 n
94 3567 143 3612 ert
155 3555 228 3611 deno
241 3557 290 3612 vel
302 3555 464 3612 seeundum
478 3555 574 3628 ipsos,
600 3552 651 3608 scd
665 3555 763 3608 anima
777 3549 877 3606 mundi
900 3568 934 3605 ae
957 3560 1055 3622 partos

60 3657 89 3694 ιι.
129 3637 215 3694 Vnde
228 3637 306 3694 idem
319 3639 500 3711 apertissime
514 3636 600 3706 dicit,
615 3635 701 3690 deum
716 3653 748 3689 oe
761 3633 899 3688 arbitrari
912 3639 976 3687 cose
992 3637 1056 3692 ani·
1133 3655 1134 3658 ¹

60 3741 92 3776 m
104 3721 226 3790 mundi,
247 3730 277 3775 et
290 3719 365 3776 hunc
374 3723 474 3793 ipsum
488 3719 627 3774 mundum
642 3717 820 3784 essedeum:
847 3713 897 3769 aed
913 3716 991 3770 sieut
1004 3716 1056 3774 ho-

60 3821 128 3860 uem
152 3805 331 3876 eapientem,
358 3821 422 3859 eum
446 3803 484 3857 rit
508 3819 544 3856 cx
569 3801 665 3855 aniruo
693 3809 722 3854 et
744 3816 880 3872 corpore,
908 3809 1006 3855 tamen
1022 3819 1058 3858 ex
