<?xml version="1.0" encoding="UTF-8"?>
<!DOCTYPE html PUBLIC "-//W3C//DTD XHTML 1.0 Transitional//EN"
    "http://www.w3.org/TR/xhtml1/DTD/xhtml1-transitional.dtd">
<html xmlns="http://www.w3.org/1999/xhtml" xml:lang="en" lang="en">
 <head>
  <title>
</title>
<meta http-equiv="Content-Type" content="text/html;charset=utf-8" />
  <meta name='ocr-system' content='tesseract 3.04.00' />
  <meta name='ocr-capabilities' content='ocr_page ocr_carea ocr_par ocr_line ocrx_word'/>
</head>
<body>
  <div class='ocr_page' id='page_1' title='image "./saureliiaugusti00augugoog_0623.png"; bbox 0 0 2310 4306; ppageno 0'>
   <div class='ocr_carea' id='block_1_1' title="bbox 139 165 989 302">
    <p class='ocr_par' dir='ltr' id='par_1_1' title="bbox 139 151 989 302">
     <span class='ocr_line' id='line_1_1' title="bbox 139 165 989 302; baseline 0.012 -32"><span class='ocrx_word' id='word_1_1' title='bbox 139 151 550 272; x_wconf 66' lang='lat' dir='ltr'><strong>nuenarianam</strong></span> <span class='ocrx_word' id='word_1_2' title='bbox 571 181 659 272; x_wconf 83' lang='lat' dir='ltr'><strong>mn</strong></span> <span class='ocrx_word' id='word_1_3' title='bbox 674 211 801 302; x_wconf 81' lang='lat' dir='ltr'><strong>xrnr.</strong></span> <span class='ocrx_word' id='word_1_4' title='bbox 928 223 989 279; x_wconf 69' lang='grc' dir='ltr'><strong>ιιι</strong></span> 
     </span>
    </p>
   </div>
   <div class='ocr_carea' id='block_1_2' title="bbox 42 363 1112 3906">
    <p class='ocr_par' dir='ltr' id='par_1_2' title="bbox 43 363 1091 1100">
     <span class='ocr_line' id='line_1_2' title="bbox 43 363 1087 440; baseline 0.006 -18"><span class='ocrx_word' id='word_1_5' title='bbox 43 371 150 422; x_wconf 75' lang='lat' dir='ltr'><strong>atatam</strong></span> <span class='ocrx_word' id='word_1_6' title='bbox 164 375 219 434; x_wconf 88' lang='lat' dir='ltr'><strong>est,</strong></span> <span class='ocrx_word' id='word_1_7' title='bbox 241 365 316 438; x_wconf 92' lang='lat' dir='ltr'><strong>quod</strong></span> <span class='ocrx_word' id='word_1_8' title='bbox 329 364 480 424; x_wconf 72' lang='lat' dir='ltr'><strong>Ecclesiae</strong></span> <span class='ocrx_word' id='word_1_9' title='bbox 495 363 617 421; x_wconf 76' lang='lat' dir='ltr'><strong>Latinae</strong></span> <span class='ocrx_word' id='word_1_10' title='bbox 632 374 753 421; x_wconf 90' lang='lat' dir='ltr'><strong>tenent..</strong></span> <span class='ocrx_word' id='word_1_11' title='bbox 779 367 919 432; x_wconf 82' lang='lat' dir='ltr'><strong>Quamvis</strong></span> <span class='ocrx_word' id='word_1_12' title='bbox 931 390 990 428; x_wconf 91' lang='lat' dir='ltr'><strong>non</strong></span> <span class='ocrx_word' id='word_1_13' title='bbox 1061 435 1063 440; x_wconf 21' lang='lat'><strong><em>¹</em></strong></span> <span class='ocrx_word' id='word_1_14' title='bbox 1084 419 1087 432; x_wconf 77' lang='grc'>,</span> 
     </span>
     <span class='ocr_line' id='line_1_3' title="bbox 43 443 991 522; baseline 0.007 -23"><span class='ocrx_word' id='word_1_15' title='bbox 43 443 87 500; x_wconf 87' lang='lat' dir='ltr'><strong>rit</strong></span> <span class='ocrx_word' id='word_1_16' title='bbox 99 447 279 520; x_wconf 73' lang='lat' dir='ltr'><strong>&#39;temporibus</strong></span> <span class='ocrx_word' id='word_1_17' title='bbox 298 449 407 514; x_wconf 81' lang='lat' dir='ltr'><strong>nostris</strong></span> <span class='ocrx_word' id='word_1_18' title='bbox 429 447 582 522; x_wconf 78' lang='lat' dir='ltr'><strong>presbyter</strong></span> <span class='ocrx_word' id='word_1_19' title='bbox 595 446 815 522; x_wconf 75' lang='lat' dir='ltr'><strong>Hieronymus,</strong></span> <span class='ocrx_word' id='word_1_20' title='bbox 838 446 925 505; x_wconf 88' lang='lat' dir='ltr'><strong>homo</strong></span> <span class='ocrx_word' id='word_1_21' title='bbox 940 451 991 506; x_wconf 88' lang='lat' dir='ltr'><strong>do-</strong></span> 
     </span>
     <span class='ocr_line' id='line_1_4' title="bbox 43 521 1040 606; baseline 0.003 -22"><span class='ocrx_word' id='word_1_22' title='bbox 43 545 124 597; x_wconf 86' lang='lat' dir='ltr'><strong>mus,</strong></span> <span class='ocrx_word' id='word_1_23' title='bbox 147 538 176 584; x_wconf 91' lang='lat' dir='ltr'><strong>et</strong></span> <span class='ocrx_word' id='word_1_24' title='bbox 199 521 327 586; x_wconf 90' lang='lat' dir='ltr'><strong>omnium</strong></span> <span class='ocrx_word' id='word_1_25' title='bbox 349 531 437 585; x_wconf 90' lang='lat' dir='ltr'><strong>trium</strong></span> <span class='ocrx_word' id='word_1_26' title='bbox 457 525 625 606; x_wconf 68' lang='lat' dir='ltr'><strong>linguarum</strong></span> <span class='ocrx_word' id='word_1_27' title='bbox 647 531 772 603; x_wconf 87' lang='lat' dir='ltr'><strong>peritus,</strong></span> <span class='ocrx_word' id='word_1_28' title='bbox 799 532 849 604; x_wconf 89' lang='lat' dir='ltr'><strong>qui</strong></span> <span class='ocrx_word' id='word_1_29' title='bbox 870 549 930 587; x_wconf 91' lang='lat' dir='ltr'><strong>non</strong></span> <span class='ocrx_word' id='word_1_30' title='bbox 954 549 992 587; x_wconf 84' lang='lat' dir='ltr'><strong>ex</strong></span> <span class='ocrx_word' id='word_1_31' title='bbox 1030 531 1040 541; x_wconf 90' lang='lat'>&#39;</span> 
     </span>
     <span class='ocr_line' id='line_1_5' title="bbox 43 609 1061 688; baseline 0.005 -24"><span class='ocrx_word' id='word_1_32' title='bbox 43 627 87 681; x_wconf 80' lang='lat' dir='ltr'><strong>ro,</strong></span> <span class='ocrx_word' id='word_1_33' title='bbox 110 610 160 666; x_wconf 89' lang='lat' dir='ltr'><strong>scd</strong></span> <span class='ocrx_word' id='word_1_34' title='bbox 173 627 211 664; x_wconf 82' lang='lat' dir='ltr'><strong>cx</strong></span> <span class='ocrx_word' id='word_1_35' title='bbox 226 609 362 667; x_wconf 86' lang='lat' dir='ltr'><strong>Hebraeo</strong></span> <span class='ocrx_word' id='word_1_36' title='bbox 376 614 407 667; x_wconf 92' lang='lat' dir='ltr'><strong>in</strong></span> <span class='ocrx_word' id='word_1_37' title='bbox 421 611 560 668; x_wconf 77' lang='lat' dir='ltr'><strong>Latinum</strong></span> <span class='ocrx_word' id='word_1_38' title='bbox 570 613 717 686; x_wconf 89' lang='lat' dir='ltr'><strong>eloquium</strong></span> <span class='ocrx_word' id='word_1_39' title='bbox 732 611 847 669; x_wconf 90' lang='lat' dir='ltr'><strong>easdem</strong></span> <span class='ocrx_word' id='word_1_40' title='bbox 861 611 993 688; x_wconf 83' lang='lat' dir='ltr'><strong>Scriptu-</strong></span> <span class='ocrx_word' id='word_1_41' title='bbox 1054 671 1061 680; x_wconf 71' lang='grc'>,</span> 
     </span>
     <span class='ocr_line' id='line_1_6' title="bbox 43 685 992 769; baseline 0.002 -21"><span class='ocrx_word' id='word_1_42' title='bbox 43 695 213 748; x_wconf 75' lang='lat' dir='ltr'><strong>&gt;averterit</strong></span> <span class='ocrx_word' id='word_1_43' title='bbox 249 691 308 750; x_wconf 88' lang='lat' dir='ltr'><strong>Sed</strong></span> <span class='ocrx_word' id='word_1_44' title='bbox 327 695 390 750; x_wconf 88' lang='lat' dir='ltr'><strong>cius</strong></span> <span class='ocrx_word' id='word_1_45' title='bbox 413 685 478 750; x_wconf 66' lang='lat' dir='ltr'><strong>tem&#39;</strong></span> <span class='ocrx_word' id='word_1_46' title='bbox 488 697 637 751; x_wconf 86' lang='lat' dir='ltr'><strong>literatum</strong></span> <span class='ocrx_word' id='word_1_47' title='bbox 654 695 783 751; x_wconf 89' lang='lat' dir='ltr'><strong>laborem</strong></span> <span class='ocrx_word' id='word_1_48' title='bbox 797 698 930 769; x_wconf 86' lang='lat' dir='ltr'><strong>quamvis</strong></span> <span class='ocrx_word' id='word_1_49' title='bbox 946 694 992 750; x_wconf 89' lang='lat' dir='ltr'><strong>lu-</strong></span> 
     </span>
     <span class='ocr_line' id='line_1_7' title="bbox 43 772 993 854; baseline 0.004 -24"><span class='ocrx_word' id='word_1_50' title='bbox 43 772 186 831; x_wconf 71' lang='lat' dir='ltr'><strong>?ateantur</strong></span> <span class='ocrx_word' id='word_1_51' title='bbox 205 789 271 830; x_wconf 88' lang='lat' dir='ltr'><strong>esse</strong></span> <span class='ocrx_word' id='word_1_52' title='bbox 290 795 444 846; x_wconf 76' lang='lat' dir='ltr'><strong>veracem,</strong></span> <span class='ocrx_word' id='word_1_53' title='bbox 469 775 665 854; x_wconf 78' lang='lat' dir='ltr'><strong>Septuaginta</strong></span> <span class='ocrx_word' id='word_1_54' title='bbox 685 795 756 834; x_wconf 81' lang='lat' dir='ltr'><strong>vcro</strong></span> <span class='ocrx_word' id='word_1_55' title='bbox 769 779 946 853; x_wconf 85' lang='lat' dir='ltr'><strong>interpretes</strong></span> <span class='ocrx_word' id='word_1_56' title='bbox 961 779 993 834; x_wconf 92' lang='lat' dir='ltr'><strong>in</strong></span> 
     </span>
     <span class='ocr_line' id='line_1_8' title="bbox 43 853 1091 941; baseline 0.006 -30"><span class='ocrx_word' id='word_1_57' title='bbox 43 872 193 914; x_wconf 86' lang='lat' dir='ltr'><strong>serrasse</strong></span> <span class='ocrx_word' id='word_1_58' title='bbox 214 859 408 926; x_wconf 84' lang='lat' dir='ltr'><strong>contendant:</strong></span> <span class='ocrx_word' id='word_1_59' title='bbox 435 869 531 915; x_wconf 91' lang='lat' dir='ltr'><strong>tamen</strong></span> <span class='ocrx_word' id='word_1_60' title='bbox 545 858 694 916; x_wconf 82' lang='lat' dir='ltr'><strong>Ecclesiae</strong></span> <span class='ocrx_word' id='word_1_61' title='bbox 708 857 818 917; x_wconf 86' lang='lat' dir='ltr'><strong>Christi</strong></span> <span class='ocrx_word' id='word_1_62' title='bbox 836 870 882 941; x_wconf 82' lang='lat' dir='ltr'><strong>tot</strong></span> <span class='ocrx_word' id='word_1_63' title='bbox 900 858 993 917; x_wconf 92' lang='lat' dir='ltr'><strong>homi·</strong></span> <span class='ocrx_word' id='word_1_64' title='bbox 1040 929 1042 932; x_wconf 22' lang='grc' dir='ltr'>Ι</span> <span class='ocrx_word' id='word_1_65' title='bbox 1085 853 1091 862; x_wconf 57' lang='grc'><em>“</em></span> 
     </span>
     <span class='ocr_line' id='line_1_9' title="bbox 43 940 994 1016; baseline 0.005 -22"><span class='ocrx_word' id='word_1_66' title='bbox 43 941 225 1011; x_wconf 79' lang='lat' dir='ltr'><strong>auctoritati,</strong></span> <span class='ocrx_word' id='word_1_67' title='bbox 240 942 274 997; x_wconf 87' lang='lat' dir='ltr'><strong>ab</strong></span> <span class='ocrx_word' id='word_1_68' title='bbox 288 940 429 1016; x_wconf 79' lang='lat' dir='ltr'><strong>Eleazaro</strong></span> <span class='ocrx_word' id='word_1_69' title='bbox 443 951 513 998; x_wconf 91' lang='lat' dir='ltr'><strong>tune</strong></span> <span class='ocrx_word' id='word_1_70' title='bbox 523 942 662 1016; x_wconf 85' lang='lat' dir='ltr'><strong>pontifice</strong></span> <span class='ocrx_word' id='word_1_71' title='bbox 676 942 711 997; x_wconf 88' lang='lat' dir='ltr'><strong>ad</strong></span> <span class='ocrx_word' id='word_1_72' title='bbox 725 940 781 999; x_wconf 90' lang='lat' dir='ltr'><strong>hoe</strong></span> <span class='ocrx_word' id='word_1_73' title='bbox 794 952 907 998; x_wconf 85' lang='lat' dir='ltr'><strong>tantum</strong></span> <span class='ocrx_word' id='word_1_74' title='bbox 922 961 994 1016; x_wconf 92' lang='lat' dir='ltr'><strong>opus</strong></span> 
     </span>
     <span class='ocr_line' id='line_1_10' title="bbox 43 1009 995 1100; baseline 0.007 -24"><span class='ocrx_word' id='word_1_75' title='bbox 43 1035 137 1093; x_wconf 76' lang='lat' dir='ltr'><strong>trum,</strong></span> <span class='ocrx_word' id='word_1_76' title='bbox 161 1025 307 1080; x_wconf 90' lang='lat' dir='ltr'><strong>neminem</strong></span> <span class='ocrx_word' id='word_1_77' title='bbox 327 1023 457 1080; x_wconf 84' lang='lat' dir='ltr'><strong>iudicant</strong></span> <span class='ocrx_word' id='word_1_78' title='bbox 475 1009 715 1096; x_wconf 69' lang='lat' dir='ltr'><strong>praeferendum:</strong></span> <span class='ocrx_word' id='word_1_79' title='bbox 739 1026 807 1100; x_wconf 89' lang='lat' dir='ltr'><strong>quia</strong></span> <span class='ocrx_word' id='word_1_80' title='bbox 821 1027 876 1081; x_wconf 87' lang='lat' dir='ltr'><strong>etsi</strong></span> <span class='ocrx_word' id='word_1_81' title='bbox 890 1044 949 1082; x_wconf 91' lang='lat' dir='ltr'><strong>non</strong></span> <span class='ocrx_word' id='word_1_82' title='bbox 964 1029 995 1083; x_wconf 90' lang='lat' dir='ltr'><strong>in</strong></span> 
     </span>
    </p>

    <p class='ocr_par' dir='ltr' id='par_1_3' title="bbox 43 1105 994 1180">
     <span class='ocr_line' id='line_1_11' title="bbox 43 1105 994 1180; baseline 0.005 -21"><span class='ocrx_word' id='word_1_83' title='bbox 43 1122 97 1160; x_wconf 90' lang='lat' dir='ltr'><strong>uns</strong></span> <span class='ocrx_word' id='word_1_84' title='bbox 111 1107 295 1179; x_wconf 84' lang='lat' dir='ltr'><strong>apparuisset</strong></span> <span class='ocrx_word' id='word_1_85' title='bbox 307 1105 445 1180; x_wconf 82' lang='lat' dir='ltr'><strong>Spiritus,</strong></span> <span class='ocrx_word' id='word_1_86' title='bbox 468 1107 533 1162; x_wconf 90' lang='lat' dir='ltr'><strong>sine</strong></span> <span class='ocrx_word' id='word_1_87' title='bbox 547 1107 728 1163; x_wconf 88' lang='lat' dir='ltr'><strong>dubitatione</strong></span> <span class='ocrx_word' id='word_1_88' title='bbox 742 1105 870 1178; x_wconf 86' lang='lat' dir='ltr'><strong>divinas,</strong></span> <span class='ocrx_word' id='word_1_89' title='bbox 884 1108 934 1163; x_wconf 90' lang='lat' dir='ltr'><strong>sed</strong></span> <span class='ocrx_word' id='word_1_90' title='bbox 949 1111 994 1164; x_wconf 91' lang='lat' dir='ltr'><strong>in·</strong></span> 
     </span>
    </p>

    <p class='ocr_par' dir='ltr' id='par_1_4' title="bbox 43 1187 995 1266">
     <span class='ocr_line' id='line_1_12' title="bbox 43 1187 995 1266; baseline 0.007 -26"><span class='ocrx_word' id='word_1_91' title='bbox 43 1203 58 1240; x_wconf 89' lang='lat' dir='ltr'><strong>e</strong></span> <span class='ocrx_word' id='word_1_92' title='bbox 76 1188 166 1244; x_wconf 86' lang='lat' dir='ltr'><strong>verba</strong></span> <span class='ocrx_word' id='word_1_93' title='bbox 177 1190 436 1263; x_wconf 82' lang='lat' dir='ltr'><strong>¹interpretationis</strong></span> <span class='ocrx_word' id='word_1_94' title='bbox 457 1199 528 1246; x_wconf 84' lang='lat' dir='ltr'><strong>suae</strong></span> <span class='ocrx_word' id='word_1_95' title='bbox 543 1187 737 1266; x_wconf 77' lang='lat' dir='ltr'><strong>Septuaginta</strong></span> <span class='ocrx_word' id='word_1_96' title='bbox 755 1189 835 1246; x_wconf 87' lang='lat' dir='ltr'><strong>docti</strong></span> <span class='ocrx_word' id='word_1_97' title='bbox 848 1209 929 1246; x_wconf 89' lang='lat' dir='ltr'><strong>more</strong></span> <span class='ocrx_word' id='word_1_98' title='bbox 942 1190 995 1247; x_wconf 91' lang='lat' dir='ltr'><strong>ho-</strong></span> 
     </span>
    </p>

    <p class='ocr_par' dir='ltr' id='par_1_5' title="bbox 42 1271 1091 1845">
     <span class='ocr_line' id='line_1_13' title="bbox 43 1271 1091 1346; baseline 0.005 -21"><span class='ocrx_word' id='word_1_99' title='bbox 43 1285 75 1325; x_wconf 84' lang='lat' dir='ltr'><strong>nr·</strong></span> <span class='ocrx_word' id='word_1_100' title='bbox 87 1273 298 1342; x_wconf 87' lang='lat' dir='ltr'><strong>contulissent,</strong></span> <span class='ocrx_word' id='word_1_101' title='bbox 319 1281 352 1326; x_wconf 92' lang='lat' dir='ltr'><strong>ut</strong></span> <span class='ocrx_word' id='word_1_102' title='bbox 364 1271 441 1346; x_wconf 92' lang='lat' dir='ltr'><strong>quod</strong></span> <span class='ocrx_word' id='word_1_103' title='bbox 453 1273 611 1344; x_wconf 87' lang='lat' dir='ltr'><strong>placuisset</strong></span> <span class='ocrx_word' id='word_1_104' title='bbox 628 1271 761 1327; x_wconf 89' lang='lat' dir='ltr'><strong>omnibus</strong></span> <span class='ocrx_word' id='word_1_105' title='bbox 780 1271 835 1328; x_wconf 87' lang='lat' dir='ltr'><strong>hoo</strong></span> <span class='ocrx_word' id='word_1_106' title='bbox 852 1284 996 1344; x_wconf 89' lang='lat' dir='ltr'><strong>maneret,</strong></span> <span class='ocrx_word' id='word_1_107' title='bbox 1082 1274 1091 1314; x_wconf 69' lang='grc' dir='ltr'>ἶ</span> 
     </span>
     <span class='ocr_line' id='line_1_14' title="bbox 43 1354 995 1428; baseline 0.007 -23"><span class='ocrx_word' id='word_1_108' title='bbox 43 1369 62 1406; x_wconf 87' lang='lat' dir='ltr'><strong>n</strong></span> <span class='ocrx_word' id='word_1_109' title='bbox 76 1354 118 1408; x_wconf 88' lang='lat' dir='ltr'><strong>eis</strong></span> <span class='ocrx_word' id='word_1_110' title='bbox 131 1371 208 1409; x_wconf 89' lang='lat' dir='ltr'><strong>unus</strong></span> <span class='ocrx_word' id='word_1_111' title='bbox 221 1355 367 1426; x_wconf 87' lang='lat' dir='ltr'><strong>interpres</strong></span> <span class='ocrx_word' id='word_1_112' title='bbox 381 1354 480 1409; x_wconf 88' lang='lat' dir='ltr'><strong>debuit</strong></span> <span class='ocrx_word' id='word_1_113' title='bbox 493 1354 645 1428; x_wconf 83' lang='lat' dir='ltr'><strong>anteponi:</strong></span> <span class='ocrx_word' id='word_1_114' title='bbox 673 1373 739 1409; x_wconf 89' lang='lat' dir='ltr'><strong>oum</strong></span> <span class='ocrx_word' id='word_1_115' title='bbox 751 1373 822 1410; x_wconf 82' lang='lat' dir='ltr'><strong>vero</strong></span> <span class='ocrx_word' id='word_1_116' title='bbox 837 1359 995 1412; x_wconf 78' lang='lat' dir='ltr'><strong>tantumr&#39;n</strong></span> 
     </span>
     <span class='ocr_line' id='line_1_15' title="bbox 42 1433 996 1512; baseline 0.006 -26"><span class='ocrx_word' id='word_1_117' title='bbox 42 1433 137 1510; x_wconf 88' lang='lat' dir='ltr'><strong>ignum</strong></span> <span class='ocrx_word' id='word_1_118' title='bbox 152 1436 315 1492; x_wconf 84' lang='lat' dir='ltr'><strong>divinitatis</strong></span> <span class='ocrx_word' id='word_1_119' title='bbox 329 1437 473 1512; x_wconf 86' lang='lat' dir='ltr'><strong>apparuit,</strong></span> <span class='ocrx_word' id='word_1_120' title='bbox 498 1437 630 1510; x_wconf 86' lang='lat' dir='ltr'><strong>profecto</strong></span> <span class='ocrx_word' id='word_1_121' title='bbox 646 1437 778 1510; x_wconf 86' lang='lat' dir='ltr'><strong>quisquis</strong></span> <span class='ocrx_word' id='word_1_122' title='bbox 792 1439 866 1492; x_wconf 89' lang='lat' dir='ltr'><strong>alius</strong></span> <span class='ocrx_word' id='word_1_123' title='bbox 880 1439 996 1494; x_wconf 89' lang='lat' dir='ltr'><strong>illarum</strong></span> 
     </span>
     <span class='ocr_line' id='line_1_16' title="bbox 43 1518 1030 1595; baseline 0.003 -23"><span class='ocrx_word' id='word_1_124' title='bbox 43 1527 180 1590; x_wconf 72' lang='lat' dir='ltr'><strong>ptrrrarnm</strong></span> <span class='ocrx_word' id='word_1_125' title='bbox 194 1536 232 1590; x_wconf 73' lang='lat' dir='ltr'><strong>err</strong></span> <span class='ocrx_word' id='word_1_126' title='bbox 245 1518 380 1580; x_wconf 88' lang='lat' dir='ltr'><strong>Hebraea</strong></span> <span class='ocrx_word' id='word_1_127' title='bbox 393 1520 424 1574; x_wconf 90' lang='lat' dir='ltr'><strong>in</strong></span> <span class='ocrx_word' id='word_1_128' title='bbox 438 1521 595 1594; x_wconf 84' lang='lat' dir='ltr'><strong>quamlibet</strong></span> <span class='ocrx_word' id='word_1_129' title='bbox 607 1520 693 1581; x_wconf 87' lang='lat' dir='ltr'><strong>aliam</strong></span> <span class='ocrx_word' id='word_1_130' title='bbox 706 1520 836 1595; x_wconf 89' lang='lat' dir='ltr'><strong>linguam</strong></span> <span class='ocrx_word' id='word_1_131' title='bbox 849 1521 995 1593; x_wconf 88' lang='lat' dir='ltr'><strong>interpres</strong></span> <span class='ocrx_word' id='word_1_132' title='bbox 1025 1585 1030 1590; x_wconf 45' lang='grc'><strong><em>,</em></strong></span> 
     </span>
     <span class='ocr_line' id='line_1_17' title="bbox 43 1595 1054 1679; baseline 0.003 -25"><span class='ocrx_word' id='word_1_133' title='bbox 43 1615 127 1671; x_wconf 82' lang='lat' dir='ltr'><strong>&#39;erax,</strong></span> <span class='ocrx_word' id='word_1_134' title='bbox 144 1610 204 1657; x_wconf 83' lang='lat' dir='ltr'><strong>aut</strong></span> <span class='ocrx_word' id='word_1_135' title='bbox 222 1603 360 1679; x_wconf 87' lang='lat' dir='ltr'><strong>congruit</strong></span> <span class='ocrx_word' id='word_1_136' title='bbox 375 1603 435 1658; x_wconf 86' lang='lat' dir='ltr'><strong>illis</strong></span> <span class='ocrx_word' id='word_1_137' title='bbox 450 1601 643 1679; x_wconf 81' lang='lat' dir='ltr'><strong>Septuaginta</strong></span> <span class='ocrx_word' id='word_1_138' title='bbox 658 1602 881 1674; x_wconf 80' lang='lat' dir='ltr'><strong>interpretibus,</strong></span> <span class='ocrx_word' id='word_1_139' title='bbox 908 1613 958 1675; x_wconf 79' lang='lat' dir='ltr'><strong>aut</strong></span> <span class='ocrx_word' id='word_1_140' title='bbox 971 1605 996 1658; x_wconf 87' lang='lat' dir='ltr'><strong>si</strong></span> <span class='ocrx_word' id='word_1_141' title='bbox 1042 1595 1054 1621; x_wconf 76' lang='lat'><strong>‘&#39;</strong></span> 
     </span>
     <span class='ocr_line' id='line_1_18' title="bbox 43 1682 1061 1758; baseline 0.002 -20"><span class='ocrx_word' id='word_1_142' title='bbox 43 1699 129 1754; x_wconf 74' lang='lat' dir='ltr'><strong>,unere</strong></span> <span class='ocrx_word' id='word_1_143' title='bbox 149 1703 208 1739; x_wconf 91' lang='lat' dir='ltr'><strong>non</strong></span> <span class='ocrx_word' id='word_1_144' title='bbox 225 1684 359 1755; x_wconf 85' lang='lat' dir='ltr'><strong>ridetur,</strong></span> <span class='ocrx_word' id='word_1_145' title='bbox 385 1683 509 1740; x_wconf 85' lang='lat' dir='ltr'><strong>altitudo</strong></span> <span class='ocrx_word' id='word_1_146' title='bbox 528 1685 569 1739; x_wconf 89' lang='lat' dir='ltr'><strong>ibi</strong></span> <span class='ocrx_word' id='word_1_147' title='bbox 587 1682 754 1758; x_wconf 89' lang='lat' dir='ltr'><strong>prophetica</strong></span> <span class='ocrx_word' id='word_1_148' title='bbox 775 1691 838 1738; x_wconf 78' lang='lat' dir='ltr'><strong>esse</strong></span> <span class='ocrx_word' id='word_1_149' title='bbox 853 1683 996 1744; x_wconf 87' lang='lat' dir='ltr'><strong>credenda</strong></span> <span class='ocrx_word' id='word_1_150' title='bbox 1052 1699 1061 1704; x_wconf 69' lang='lat'><strong><em>‘</em></strong></span> 
     </span>
     <span class='ocr_line' id='line_1_19' title="bbox 48 1762 996 1845; baseline -0.001 -25"><span class='ocrx_word' id='word_1_151' title='bbox 48 1762 168 1839; x_wconf 83' lang='lat' dir='ltr'><strong>Spiritus</strong></span> <span class='ocrx_word' id='word_1_152' title='bbox 177 1769 260 1845; x_wconf 36' lang='lat' dir='ltr'><strong>,enim</strong></span> <span class='ocrx_word' id='word_1_153' title='bbox 276 1768 325 1841; x_wconf 92' lang='lat' dir='ltr'><strong>qui</strong></span> <span class='ocrx_word' id='word_1_154' title='bbox 339 1768 369 1823; x_wconf 90' lang='lat' dir='ltr'><strong>in</strong></span> <span class='ocrx_word' id='word_1_155' title='bbox 383 1765 536 1840; x_wconf 89' lang='lat' dir='ltr'><strong>Prophetis</strong></span> <span class='ocrx_word' id='word_1_156' title='bbox 550 1776 627 1840; x_wconf 82' lang='lat' dir='ltr'><strong>erat,</strong></span> <span class='ocrx_word' id='word_1_157' title='bbox 656 1765 771 1840; x_wconf 88' lang='lat' dir='ltr'><strong>quando</strong></span> <span class='ocrx_word' id='word_1_158' title='bbox 785 1767 834 1821; x_wconf 91' lang='lat' dir='ltr'><strong>illa</strong></span> <span class='ocrx_word' id='word_1_159' title='bbox 848 1765 996 1836; x_wconf 78' lang='lat' dir='ltr'><strong>dixerunt,</strong></span> 
     </span>
    </p>

    <p class='ocr_par' dir='ltr' id='par_1_6' title="bbox 43 1841 996 1926">
     <span class='ocr_line' id='line_1_20' title="bbox 43 1841 996 1926; baseline 0.001 -26"><span class='ocrx_word' id='word_1_160' title='bbox 43 1849 117 1922; x_wconf 76' lang='lat' dir='ltr'><strong>lipsa</strong></span> <span class='ocrx_word' id='word_1_161' title='bbox 131 1859 194 1906; x_wconf 88' lang='lat' dir='ltr'><strong>erat</strong></span> <span class='ocrx_word' id='word_1_162' title='bbox 207 1852 295 1905; x_wconf 87' lang='lat' dir='ltr'><strong>etiam</strong></span> <span class='ocrx_word' id='word_1_163' title='bbox 308 1851 338 1904; x_wconf 92' lang='lat' dir='ltr'><strong>in</strong></span> <span class='ocrx_word' id='word_1_164' title='bbox 353 1848 547 1926; x_wconf 78' lang='lat' dir='ltr'><strong>Septuaginta</strong></span> <span class='ocrx_word' id='word_1_165' title='bbox 561 1851 644 1922; x_wconf 85' lang='lat' dir='ltr'><strong>viris,</strong></span> <span class='ocrx_word' id='word_1_166' title='bbox 658 1847 774 1922; x_wconf 90' lang='lat' dir='ltr'><strong>quando</strong></span> <span class='ocrx_word' id='word_1_167' title='bbox 787 1850 838 1902; x_wconf 90' lang='lat' dir='ltr'><strong>illa</strong></span> <span class='ocrx_word' id='word_1_168' title='bbox 851 1841 996 1921; x_wconf 78' lang='lat' dir='ltr'><strong>interpre-</strong></span> 
     </span>
    </p>

    <p class='ocr_par' dir='ltr' id='par_1_7' title="bbox 43 1930 997 2008">
     <span class='ocr_line' id='line_1_21' title="bbox 43 1930 997 2008; baseline 0.002 -26"><span class='ocrx_word' id='word_1_169' title='bbox 43 1939 115 1988; x_wconf 87' lang='lat' dir='ltr'><strong>suut:</strong></span> <span class='ocrx_word' id='word_1_170' title='bbox 134 1933 183 2008; x_wconf 90' lang='lat' dir='ltr'><strong>qui</strong></span> <span class='ocrx_word' id='word_1_171' title='bbox 195 1933 325 2005; x_wconf 82' lang='lat' dir='ltr'><strong>profecto</strong></span> <span class='ocrx_word' id='word_1_172' title='bbox 339 1933 515 1988; x_wconf 88' lang='lat' dir='ltr'><strong>auctoritate</strong></span> <span class='ocrx_word' id='word_1_173' title='bbox 529 1933 631 1989; x_wconf 84' lang='lat' dir='ltr'><strong>divina</strong></span> <span class='ocrx_word' id='word_1_174' title='bbox 643 1941 675 1986; x_wconf 91' lang='lat' dir='ltr'><strong>et</strong></span> <span class='ocrx_word' id='word_1_175' title='bbox 687 1930 765 1986; x_wconf 88' lang='lat' dir='ltr'><strong>aliud</strong></span> <span class='ocrx_word' id='word_1_176' title='bbox 779 1930 875 1985; x_wconf 89' lang='lat' dir='ltr'><strong>dicero</strong></span> <span class='ocrx_word' id='word_1_177' title='bbox 888 1932 997 2004; x_wconf 80' lang='lat' dir='ltr'><strong>potuit,</strong></span> 
     </span>
    </p>

    <p class='ocr_par' dir='ltr' id='par_1_8' title="bbox 43 2012 997 2089">
     <span class='ocr_line' id='line_1_22' title="bbox 43 2012 997 2089; baseline -0.001 -21"><span class='ocrx_word' id='word_1_178' title='bbox 43 2027 104 2080; x_wconf 91' lang='lat' dir='ltr'><strong>uam</strong></span> <span class='ocrx_word' id='word_1_179' title='bbox 117 2013 260 2089; x_wconf 85' lang='lat' dir='ltr'><strong>Propheta</strong></span> <span class='ocrx_word' id='word_1_180' title='bbox 274 2017 323 2070; x_wconf 87' lang='lat' dir='ltr'><strong>illc</strong></span> <span class='ocrx_word' id='word_1_181' title='bbox 339 2025 494 2089; x_wconf 85' lang='lat' dir='ltr'><strong>utramque</strong></span> <span class='ocrx_word' id='word_1_182' title='bbox 508 2015 647 2087; x_wconf 84' lang='lat' dir='ltr'><strong>dixisset,</strong></span> <span class='ocrx_word' id='word_1_183' title='bbox 673 2015 740 2087; x_wconf 86' lang='lat' dir='ltr'><strong>quia</strong></span> <span class='ocrx_word' id='word_1_184' title='bbox 754 2023 909 2086; x_wconf 88' lang='lat' dir='ltr'><strong>utrumque</strong></span> <span class='ocrx_word' id='word_1_185' title='bbox 922 2012 997 2068; x_wconf 88' lang='lat' dir='ltr'><strong>idem</strong></span> 
     </span>
    </p>

    <p class='ocr_par' dir='ltr' id='par_1_9' title="bbox 42 2093 1090 2504">
     <span class='ocr_line' id='line_1_23' title="bbox 44 2093 1046 2172; baseline 0.003 -23"><span class='ocrx_word' id='word_1_186' title='bbox 44 2093 95 2151; x_wconf 85' lang='lat' dir='ltr'><strong>itus</strong></span> <span class='ocrx_word' id='word_1_187' title='bbox 110 2097 236 2156; x_wconf 81' lang='lat' dir='ltr'><strong>diceret:</strong></span> <span class='ocrx_word' id='word_1_188' title='bbox 261 2107 291 2153; x_wconf 95' lang='lat' dir='ltr'><strong>et</strong></span> <span class='ocrx_word' id='word_1_189' title='bbox 309 2096 363 2153; x_wconf 90' lang='lat' dir='ltr'><strong>hoc</strong></span> <span class='ocrx_word' id='word_1_190' title='bbox 381 2099 475 2172; x_wconf 88' lang='lat' dir='ltr'><strong>ipsum</strong></span> <span class='ocrx_word' id='word_1_191' title='bbox 496 2099 596 2169; x_wconf 90' lang='lat' dir='ltr'><strong>aliter,</strong></span> <span class='ocrx_word' id='word_1_192' title='bbox 620 2107 654 2154; x_wconf 93' lang='lat' dir='ltr'><strong>ut</strong></span> <span class='ocrx_word' id='word_1_193' title='bbox 668 2097 693 2152; x_wconf 89' lang='lat' dir='ltr'><strong>si</strong></span> <span class='ocrx_word' id='word_1_194' title='bbox 708 2113 769 2152; x_wconf 91' lang='lat' dir='ltr'><strong>non</strong></span> <span class='ocrx_word' id='word_1_195' title='bbox 783 2095 997 2164; x_wconf 79' lang='lat' dir='ltr'><strong>eadem-rerba,</strong></span> <span class='ocrx_word' id='word_1_196' title='bbox 1042 2113 1046 2118; x_wconf 84' lang='grc'>’</span> 
     </span>
     <span class='ocr_line' id='line_1_24' title="bbox 43 2177 1090 2258; baseline -0.002 -25"><span class='ocrx_word' id='word_1_197' title='bbox 43 2186 155 2252; x_wconf 67' lang='lat' dir='ltr'><strong>[tamen</strong></span> <span class='ocrx_word' id='word_1_198' title='bbox 173 2198 276 2236; x_wconf 81' lang='lat' dir='ltr'><strong>sensus</strong></span> <span class='ocrx_word' id='word_1_199' title='bbox 289 2180 362 2236; x_wconf 90' lang='lat' dir='ltr'><strong>bene</strong></span> <span class='ocrx_word' id='word_1_200' title='bbox 374 2181 608 2258; x_wconf 86' lang='lat' dir='ltr'><strong>intelligentibus</strong></span> <span class='ocrx_word' id='word_1_201' title='bbox 623 2180 832 2251; x_wconf 81' lang='lat' dir='ltr'><strong>dilucesceret3</strong></span> <span class='ocrx_word' id='word_1_202' title='bbox 848 2188 877 2234; x_wconf 92' lang='lat' dir='ltr'><strong>ct</strong></span> <span class='ocrx_word' id='word_1_203' title='bbox 891 2177 1000 2252; x_wconf 83' lang='lat' dir='ltr'><strong>aliquid</strong></span> <span class='ocrx_word' id='word_1_204' title='bbox 1087 2229 1090 2232; x_wconf 87' lang='grc'><strong>,</strong></span> 
     </span>
     <span class='ocr_line' id='line_1_25' title="bbox 42 2261 1072 2336; baseline -0.001 -22"><span class='ocrx_word' id='word_1_205' title='bbox 42 2265 214 2336; x_wconf 82' lang='lat' dir='ltr'><strong>termittera,</strong></span> <span class='ocrx_word' id='word_1_206' title='bbox 241 2271 271 2318; x_wconf 89' lang='lat' dir='ltr'><strong>et</strong></span> <span class='ocrx_word' id='word_1_207' title='bbox 283 2262 527 2336; x_wconf 86' lang='lat' dir='ltr'><strong>aliquiduddere,</strong></span> <span class='ocrx_word' id='word_1_208' title='bbox 553 2273 586 2318; x_wconf 89' lang='lat' dir='ltr'><strong>ut</strong></span> <span class='ocrx_word' id='word_1_209' title='bbox 600 2265 687 2319; x_wconf 90' lang='lat' dir='ltr'><strong>etiam</strong></span> <span class='ocrx_word' id='word_1_210' title='bbox 702 2261 998 2330; x_wconf 86' lang='lat' dir='ltr'><strong>hino-ostenderetur,</strong></span> <span class='ocrx_word' id='word_1_211' title='bbox 1067 2309 1072 2324; x_wconf 73' lang='grc'>,</span> 
     </span>
     <span class='ocr_line' id='line_1_26' title="bbox 43 2337 1025 2420; baseline 0 -22"><span class='ocrx_word' id='word_1_212' title='bbox 43 2337 196 2402; x_wconf 85' lang='lat' dir='ltr'><strong>humanam</strong></span> <span class='ocrx_word' id='word_1_213' title='bbox 208 2346 301 2402; x_wconf 83' lang='lat' dir='ltr'><strong>luisse</strong></span> <span class='ocrx_word' id='word_1_214' title='bbox 315 2348 346 2400; x_wconf 91' lang='lat' dir='ltr'><strong>in</strong></span> <span class='ocrx_word' id='word_1_215' title='bbox 360 2347 410 2401; x_wconf 94' lang='lat' dir='ltr'><strong>illo</strong></span> <span class='ocrx_word' id='word_1_216' title='bbox 425 2362 512 2417; x_wconf 89' lang='lat' dir='ltr'><strong>opere</strong></span> <span class='ocrx_word' id='word_1_217' title='bbox 527 2348 715 2415; x_wconf 85' lang='lat' dir='ltr'><strong>servitutem,</strong></span> <span class='ocrx_word' id='word_1_218' title='bbox 740 2363 824 2420; x_wconf 88' lang='lat' dir='ltr'><strong>quarn</strong></span> <span class='ocrx_word' id='word_1_219' title='bbox 840 2345 934 2400; x_wconf 88' lang='lat' dir='ltr'><strong>verbis</strong></span> <span class='ocrx_word' id='word_1_220' title='bbox 948 2344 999 2419; x_wconf 61' lang='grc' dir='ltr'><strong>(1ιρ</strong></span> <span class='ocrx_word' id='word_1_221' title='bbox 1020 2358 1025 2362; x_wconf 81' lang='grc'><strong><em>’</em></strong></span> 
     </span>
     <span class='ocr_line' id='line_1_27' title="bbox 43 2427 1000 2504; baseline -0.002 -22"><span class='ocrx_word' id='word_1_222' title='bbox 43 2429 225 2504; x_wconf 88' lang='lat' dir='ltr'><strong>tinterpres,</strong></span> <span class='ocrx_word' id='word_1_223' title='bbox 251 2428 302 2484; x_wconf 84' lang='lat' dir='ltr'><strong>sed</strong></span> <span class='ocrx_word' id='word_1_224' title='bbox 317 2427 444 2484; x_wconf 89' lang='lat' dir='ltr'><strong>divinam</strong></span> <span class='ocrx_word' id='word_1_225' title='bbox 458 2430 556 2502; x_wconf 91' lang='lat' dir='ltr'><strong>potius</strong></span> <span class='ocrx_word' id='word_1_226' title='bbox 569 2436 758 2500; x_wconf 88' lang='lat' dir='ltr'><strong>potestatem,</strong></span> <span class='ocrx_word' id='word_1_227' title='bbox 784 2445 859 2502; x_wconf 89' lang='lat' dir='ltr'><strong>quae</strong></span> <span class='ocrx_word' id='word_1_228' title='bbox 873 2435 1000 2482; x_wconf 90' lang='lat' dir='ltr'><strong>mentem</strong></span> 
     </span>
    </p>

    <p class='ocr_par' dir='ltr' id='par_1_10' title="bbox 43 2506 1056 2669">
     <span class='ocr_line' id='line_1_28' title="bbox 43 2506 1056 2590; baseline 0 -27"><span class='ocrx_word' id='word_1_229' title='bbox 43 2506 97 2566; x_wconf 79' lang='lat' dir='ltr'><strong>bat</strong></span> <span class='ocrx_word' id='word_1_230' title='bbox 109 2521 138 2567; x_wconf 89' lang='lat' dir='ltr'><strong>et</strong></span> <span class='ocrx_word' id='word_1_231' title='bbox 150 2511 271 2590; x_wconf 87' lang='lat' dir='ltr'><strong>regebat</strong></span> <span class='ocrx_word' id='word_1_232' title='bbox 284 2511 461 2584; x_wconf 82' lang='lat' dir='ltr'><strong>interpretis.</strong></span> <span class='ocrx_word' id='word_1_233' title='bbox 498 2509 640 2565; x_wconf 89' lang='lat' dir='ltr'><strong>Nonnulli</strong></span> <span class='ocrx_word' id='word_1_234' title='bbox 661 2517 755 2568; x_wconf 85' lang='lat' dir='ltr'><strong>autem</strong></span> <span class='ocrx_word' id='word_1_235' title='bbox 776 2509 892 2564; x_wconf 86' lang='lat' dir='ltr'><strong>codices</strong></span> <span class='ocrx_word' id='word_1_236' title='bbox 907 2509 999 2564; x_wconf 87' lang='lat' dir='ltr'><strong>Grae·</strong></span> <span class='ocrx_word' id='word_1_237' title='bbox 1047 2545 1056 2554; x_wconf 88' lang='lat'>-</span> 
     </span>
     <span class='ocr_line' id='line_1_29' title="bbox 43 2581 999 2669; baseline -0.002 -21"><span class='ocrx_word' id='word_1_238' title='bbox 43 2581 288 2668; x_wconf 79' lang='lat' dir='ltr'><strong>interpretationis</strong></span> <span class='ocrx_word' id='word_1_239' title='bbox 310 2590 504 2669; x_wconf 83' lang='lat' dir='ltr'><strong>Septuaginta</strong></span> <span class='ocrx_word' id='word_1_240' title='bbox 524 2609 561 2669; x_wconf 73' lang='lat' dir='ltr'><strong>ou</strong></span> <span class='ocrx_word' id='word_1_241' title='bbox 574 2589 717 2645; x_wconf 89' lang='lat' dir='ltr'><strong>Hebraeis</strong></span> <span class='ocrx_word' id='word_1_242' title='bbox 739 2588 885 2646; x_wconf 87' lang='lat' dir='ltr'><strong>codicibus</strong></span> <span class='ocrx_word' id='word_1_243' title='bbox 900 2610 999 2646; x_wconf 75' lang='lat' dir='ltr'><strong>errictr-</strong></span> 
     </span>
    </p>

    <p class='ocr_par' dir='ltr' id='par_1_11' title="bbox 43 2670 1087 2918">
     <span class='ocr_line' id='line_1_30' title="bbox 44 2670 1087 2750; baseline -0.002 -21"><span class='ocrx_word' id='word_1_244' title='bbox 44 2691 79 2731; x_wconf 91' lang='lat' dir='ltr'><strong>os</strong></span> <span class='ocrx_word' id='word_1_245' title='bbox 91 2675 316 2750; x_wconf 74' lang='lat' dir='ltr'><strong>putaruntt&#39;nee</strong></span> <span class='ocrx_word' id='word_1_246' title='bbox 329 2686 427 2732; x_wconf 89' lang='lat' dir='ltr'><strong>tamen</strong></span> <span class='ocrx_word' id='word_1_247' title='bbox 441 2676 505 2730; x_wconf 88' lang='lat' dir='ltr'><strong>ausi</strong></span> <span class='ocrx_word' id='word_1_248' title='bbox 519 2682 588 2728; x_wconf 89' lang='lat' dir='ltr'><strong>sunt</strong></span> <span class='ocrx_word' id='word_1_249' title='bbox 600 2671 762 2743; x_wconf 89' lang='lat' dir='ltr'><strong>detrahere,</strong></span> <span class='ocrx_word' id='word_1_250' title='bbox 783 2670 859 2746; x_wconf 89' lang='lat' dir='ltr'><strong>quod</strong></span> <span class='ocrx_word' id='word_1_251' title='bbox 873 2671 1001 2728; x_wconf 85' lang='lat' dir='ltr'><strong>Hebraei</strong></span> <span class='ocrx_word' id='word_1_252' title='bbox 1081 2737 1087 2748; x_wconf 9' lang='lat' dir='ltr'><strong>,X</strong></span> 
     </span>
     <span class='ocr_line' id='line_1_31' title="bbox 43 2751 1037 2834; baseline -0.004 -20"><span class='ocrx_word' id='word_1_253' title='bbox 43 2751 201 2829; x_wconf 87' lang='lat' dir='ltr'><strong>habeba‘nt,</strong></span> <span class='ocrx_word' id='word_1_254' title='bbox 216 2769 246 2815; x_wconf 90' lang='lat' dir='ltr'><strong>et</strong></span> <span class='ocrx_word' id='word_1_255' title='bbox 258 2757 455 2834; x_wconf 87' lang='lat' dir='ltr'><strong>Septuaginta</strong></span> <span class='ocrx_word' id='word_1_256' title='bbox 468 2763 646 2829; x_wconf 88' lang='lat' dir='ltr'><strong>posuerunt;</strong></span> <span class='ocrx_word' id='word_1_257' title='bbox 671 2753 722 2810; x_wconf 87' lang='lat' dir='ltr'><strong>sed</strong></span> <span class='ocrx_word' id='word_1_258' title='bbox 736 2755 935 2830; x_wconf 85' lang='lat' dir='ltr'><strong>tantummodo</strong></span> <span class='ocrx_word' id='word_1_259' title='bbox 945 2753 1000 2810; x_wconf 72' lang='lat' dir='ltr'><strong>&#39;ad-</strong></span> <span class='ocrx_word' id='word_1_260' title='bbox 1035 2803 1037 2810; x_wconf 81' lang='grc'>,</span> 
     </span>
     <span class='ocr_line' id='line_1_32' title="bbox 43 2836 1001 2918; baseline -0.005 -21"><span class='ocrx_word' id='word_1_261' title='bbox 43 2852 106 2900; x_wconf 56' lang='lat' dir='ltr'><strong>*unt</strong></span> <span class='ocrx_word' id='word_1_262' title='bbox 129 2861 206 2918; x_wconf 86' lang='lat' dir='ltr'><strong>quae</strong></span> <span class='ocrx_word' id='word_1_263' title='bbox 231 2844 265 2897; x_wconf 88' lang='lat' dir='ltr'><strong>in·</strong></span> <span class='ocrx_word' id='word_1_264' title='bbox 288 2839 432 2896; x_wconf 87' lang='lat' dir='ltr'><strong>Hebraeis</strong></span> <span class='ocrx_word' id='word_1_265' title='bbox 456 2837 697 2912; x_wconf 80' lang='lat' dir='ltr'><strong>inventa,&#39;apud</strong></span> <span class='ocrx_word' id='word_1_266' title='bbox 723 2836 916 2912; x_wconf 82' lang='lat' dir='ltr'><strong>Septuaginta</strong></span> <span class='ocrx_word' id='word_1_267' title='bbox 939 2853 1001 2893; x_wconf 90' lang='lat' dir='ltr'><strong>non</strong></span> 
     </span>
    </p>

    <p class='ocr_par' dir='ltr' id='par_1_12' title="bbox 43 2919 1047 3081">
     <span class='ocr_line' id='line_1_33' title="bbox 43 2919 1047 3002; baseline -0.008 -21"><span class='ocrx_word' id='word_1_268' title='bbox 43 2929 69 2996; x_wconf 72' lang='lat' dir='ltr'><strong>i3</strong></span> <span class='ocrx_word' id='word_1_269' title='bbox 94 2943 188 2999; x_wconf 90' lang='lat' dir='ltr'><strong>eaque</strong></span> <span class='ocrx_word' id='word_1_270' title='bbox 202 2926 296 3002; x_wconf 83' lang='lat' dir='ltr'><strong>signis</strong></span> <span class='ocrx_word' id='word_1_271' title='bbox 309 2921 480 2998; x_wconf 88' lang='lat' dir='ltr'><strong>quibusdam</strong></span> <span class='ocrx_word' id='word_1_272' title='bbox 493 2924 526 2977; x_wconf 87' lang='lat' dir='ltr'><strong>in</strong></span> <span class='ocrx_word' id='word_1_273' title='bbox 540 2923 689 2982; x_wconf 81' lang='lat' dir='ltr'><strong>stellarum</strong></span> <span class='ocrx_word' id='word_1_274' title='bbox 702 2920 817 2976; x_wconf 91' lang='lat' dir='ltr'><strong>madum</strong></span> <span class='ocrx_word' id='word_1_275' title='bbox 835 2919 939 2988; x_wconf 79' lang='lat' dir='ltr'><strong>factis,</strong></span> <span class='ocrx_word' id='word_1_276' title='bbox 966 2919 1015 2988; x_wconf 33' lang='lat' dir='ltr'><strong>ad,</strong></span> <span class='ocrx_word' id='word_1_277' title='bbox 1044 2954 1047 2959; x_wconf 95' lang='lat'>-</span> 
     </span>
     <span class='ocr_line' id='line_1_34' title="bbox 43 2997 1002 3081; baseline -0.007 -19"><span class='ocrx_word' id='word_1_278' title='bbox 43 3021 64 3062; x_wconf 78' lang='lat' dir='ltr'><strong>a</strong></span> <span class='ocrx_word' id='word_1_279' title='bbox 84 3007 242 3064; x_wconf 89' lang='lat' dir='ltr'><strong>eorundem</strong></span> <span class='ocrx_word' id='word_1_280' title='bbox 264 3023 404 3066; x_wconf 88' lang='lat' dir='ltr'><strong>versuum</strong></span> <span class='ocrx_word' id='word_1_281' title='bbox 427 3013 615 3074; x_wconf 87' lang='lat' dir='ltr'><strong>notaverunt,</strong></span> <span class='ocrx_word' id='word_1_282' title='bbox 642 3020 716 3081; x_wconf 87' lang='lat' dir='ltr'><strong>quae</strong></span> <span class='ocrx_word' id='word_1_283' title='bbox 739 3004 825 3080; x_wconf 87' lang='lat' dir='ltr'><strong>signa</strong></span> <span class='ocrx_word' id='word_1_284' title='bbox 846 2997 1002 3056; x_wconf 81' lang='lat' dir='ltr'><strong>asteriscos</strong></span> 
     </span>
    </p>

    <p class='ocr_par' dir='ltr' id='par_1_13' title="bbox 43 3079 1042 3330">
     <span class='ocr_line' id='line_1_35' title="bbox 43 3079 1002 3163; baseline -0.01 -18"><span class='ocrx_word' id='word_1_285' title='bbox 43 3099 83 3146; x_wconf 89' lang='lat' dir='ltr'><strong>nt.</strong></span> <span class='ocrx_word' id='word_1_286' title='bbox 121 3089 175 3145; x_wconf 88' lang='lat' dir='ltr'><strong>Illa</strong></span> <span class='ocrx_word' id='word_1_287' title='bbox 188 3107 259 3145; x_wconf 87' lang='lat' dir='ltr'><strong>vcro</strong></span> <span class='ocrx_word' id='word_1_288' title='bbox 272 3104 347 3163; x_wconf 90' lang='lat' dir='ltr'><strong>qnae</strong></span> <span class='ocrx_word' id='word_1_289' title='bbox 360 3106 421 3143; x_wconf 91' lang='lat' dir='ltr'><strong>non</strong></span> <span class='ocrx_word' id='word_1_290' title='bbox 433 3086 541 3144; x_wconf 89' lang='lat' dir='ltr'><strong>habent</strong></span> <span class='ocrx_word' id='word_1_291' title='bbox 553 3085 692 3156; x_wconf 77' lang='lat' dir='ltr'><strong>Hebraei,</strong></span> <span class='ocrx_word' id='word_1_292' title='bbox 714 3079 823 3142; x_wconf 89' lang='lat' dir='ltr'><strong>habent</strong></span> <span class='ocrx_word' id='word_1_293' title='bbox 835 3092 932 3140; x_wconf 89' lang='lat' dir='ltr'><strong>antem</strong></span> <span class='ocrx_word' id='word_1_294' title='bbox 947 3082 1002 3138; x_wconf 84' lang='lat' dir='ltr'><strong>Se-</strong></span> 
     </span>
     <span class='ocr_line' id='line_1_36' title="bbox 43 3167 1005 3246; baseline -0.008 -19"><span class='ocrx_word' id='word_1_295' title='bbox 43 3175 132 3246; x_wconf 73' lang='lat' dir='ltr'><strong>ginta,</strong></span> <span class='ocrx_word' id='word_1_296' title='bbox 147 3173 284 3227; x_wconf 88' lang='lat' dir='ltr'><strong>similiter</strong></span> <span class='ocrx_word' id='word_1_297' title='bbox 296 3171 333 3226; x_wconf 87' lang='lat' dir='ltr'><strong>ad</strong></span> <span class='ocrx_word' id='word_1_298' title='bbox 347 3171 440 3243; x_wconf 88' lang='lat' dir='ltr'><strong>capita</strong></span> <span class='ocrx_word' id='word_1_299' title='bbox 453 3186 591 3227; x_wconf 85' lang='lat' dir='ltr'><strong>versuum</strong></span> <span class='ocrx_word' id='word_1_300' title='bbox 604 3169 764 3224; x_wconf 90' lang='lat' dir='ltr'><strong>iacentibus</strong></span> <span class='ocrx_word' id='word_1_301' title='bbox 776 3167 912 3246; x_wconf 84' lang='lat' dir='ltr'><strong>virgulis,</strong></span> <span class='ocrx_word' id='word_1_302' title='bbox 926 3167 1005 3220; x_wconf 89' lang='lat' dir='ltr'><strong>sient</strong></span> 
     </span>
     <span class='ocr_line' id='line_1_37' title="bbox 43 3243 1042 3330; baseline -0.01 -19"><span class='ocrx_word' id='word_1_303' title='bbox 43 3265 135 3311; x_wconf 89' lang='lat' dir='ltr'><strong>untur</strong></span> <span class='ocrx_word' id='word_1_304' title='bbox 149 3256 263 3324; x_wconf 85' lang='lat' dir='ltr'><strong>unciae,</strong></span> <span class='ocrx_word' id='word_1_305' title='bbox 277 3256 480 3330; x_wconf 83' lang='lat' dir='ltr'><strong>signaverunt.</strong></span> <span class='ocrx_word' id='word_1_306' title='bbox 512 3251 551 3308; x_wconf 83' lang='lat' dir='ltr'><strong>Et</strong></span> <span class='ocrx_word' id='word_1_307' title='bbox 563 3243 648 3306; x_wconf 91' lang='lat' dir='ltr'><strong>multi</strong></span> <span class='ocrx_word' id='word_1_308' title='bbox 661 3251 775 3306; x_wconf 89' lang='lat' dir='ltr'><strong>codices</strong></span> <span class='ocrx_word' id='word_1_309' title='bbox 789 3248 844 3310; x_wconf 80' lang='lat' dir='ltr'><strong>has</strong></span> <span class='ocrx_word' id='word_1_310' title='bbox 856 3256 940 3304; x_wconf 89' lang='lat' dir='ltr'><strong>notas</strong></span> <span class='ocrx_word' id='word_1_311' title='bbox 953 3245 1005 3302; x_wconf 86' lang='lat' dir='ltr'><strong>ha·</strong></span> <span class='ocrx_word' id='word_1_312' title='bbox 1039 3317 1042 3325; x_wconf 94' lang='lat'>.</span> 
     </span>
    </p>

    <p class='ocr_par' dir='ltr' id='par_1_14' title="bbox 43 3332 1112 3741">
     <span class='ocr_line' id='line_1_38' title="bbox 43 3332 1112 3412; baseline -0.005 -24"><span class='ocrx_word' id='word_1_313' title='bbox 43 3351 72 3392; x_wconf 82' lang='lat' dir='ltr'><strong>ea</strong></span> <span class='ocrx_word' id='word_1_314' title='bbox 95 3354 305 3412; x_wconf 88' lang='lat' dir='ltr'><strong>usquequaque</strong></span> <span class='ocrx_word' id='word_1_315' title='bbox 329 3332 426 3390; x_wconf 81' lang='lat' dir='ltr'><strong>diffusi</strong></span> <span class='ocrx_word' id='word_1_316' title='bbox 449 3343 519 3390; x_wconf 91' lang='lat' dir='ltr'><strong>sunt</strong></span> <span class='ocrx_word' id='word_1_317' title='bbox 536 3343 566 3389; x_wconf 90' lang='lat' dir='ltr'><strong>et</strong></span> <span class='ocrx_word' id='word_1_318' title='bbox 586 3332 694 3389; x_wconf 77' lang='lat' dir='ltr'><strong>Latini.</strong></span> <span class='ocrx_word' id='word_1_319' title='bbox 729 3334 810 3399; x_wconf 79' lang='lat' dir='ltr'><strong>Quae</strong></span> <span class='ocrx_word' id='word_1_320' title='bbox 830 3339 928 3386; x_wconf 90' lang='lat' dir='ltr'><strong>autem</strong></span> <span class='ocrx_word' id='word_1_321' title='bbox 943 3347 1004 3386; x_wconf 91' lang='lat' dir='ltr'><strong>non</strong></span> <span class='ocrx_word' id='word_1_322' title='bbox 1027 3387 1052 3400; x_wconf 15' lang='lat' dir='ltr'><strong>,y</strong></span> <span class='ocrx_word' id='word_1_323' title='bbox 1110 3347 1112 3354; x_wconf 66' lang='lat'><strong><em>¹</em></strong></span> 
     </span>
     <span class='ocr_line' id='line_1_39' title="bbox 43 3413 1004 3488; baseline -0.002 -18"><span class='ocrx_word' id='word_1_324' title='bbox 43 3423 174 3476; x_wconf 85' lang='lat' dir='ltr'><strong>termissa</strong></span> <span class='ocrx_word' id='word_1_325' title='bbox 188 3419 236 3476; x_wconf 85' lang='lat' dir='ltr'><strong>vcl</strong></span> <span class='ocrx_word' id='word_1_326' title='bbox 248 3417 363 3488; x_wconf 87' lang='lat' dir='ltr'><strong>addita,</strong></span> <span class='ocrx_word' id='word_1_327' title='bbox 389 3417 440 3472; x_wconf 86' lang='lat' dir='ltr'><strong>sed</strong></span> <span class='ocrx_word' id='word_1_328' title='bbox 453 3418 539 3473; x_wconf 87' lang='lat' dir='ltr'><strong>aliter</strong></span> <span class='ocrx_word' id='word_1_329' title='bbox 551 3415 628 3471; x_wconf 86' lang='lat' dir='ltr'><strong>dieta</strong></span> <span class='ocrx_word' id='word_1_330' title='bbox 643 3423 727 3486; x_wconf 88' lang='lat' dir='ltr'><strong>sunt,</strong></span> <span class='ocrx_word' id='word_1_331' title='bbox 753 3416 815 3470; x_wconf 87' lang='lat' dir='ltr'><strong>sive</strong></span> <span class='ocrx_word' id='word_1_332' title='bbox 835 3413 923 3468; x_wconf 83' lang='lat' dir='ltr'><strong>alium</strong></span> <span class='ocrx_word' id='word_1_333' title='bbox 936 3430 1004 3468; x_wconf 91' lang='lat' dir='ltr'><strong>sen-</strong></span> 
     </span>
     <span class='ocr_line' id='line_1_40' title="bbox 45 3492 1109 3574; baseline -0.008 -18"><span class='ocrx_word' id='word_1_334' title='bbox 45 3501 160 3559; x_wconf 81' lang='lat' dir='ltr'><strong>faeiant</strong></span> <span class='ocrx_word' id='word_1_335' title='bbox 173 3502 262 3556; x_wconf 87' lang='lat' dir='ltr'><strong>etiam</strong></span> <span class='ocrx_word' id='word_1_336' title='bbox 275 3501 369 3574; x_wconf 86' lang='lat' dir='ltr'><strong>ipsum</strong></span> <span class='ocrx_word' id='word_1_337' title='bbox 381 3516 443 3554; x_wconf 91' lang='lat' dir='ltr'><strong>non</strong></span> <span class='ocrx_word' id='word_1_338' title='bbox 457 3497 672 3568; x_wconf 85' lang='lat' dir='ltr'><strong>abhorrentem,</strong></span> <span class='ocrx_word' id='word_1_339' title='bbox 686 3498 749 3553; x_wconf 89' lang='lat' dir='ltr'><strong>sive</strong></span> <span class='ocrx_word' id='word_1_340' title='bbox 763 3497 821 3551; x_wconf 90' lang='lat' dir='ltr'><strong>alio</strong></span> <span class='ocrx_word' id='word_1_341' title='bbox 835 3492 919 3549; x_wconf 87' lang='lat' dir='ltr'><strong>modo</strong></span> <span class='ocrx_word' id='word_1_342' title='bbox 934 3512 1006 3549; x_wconf 90' lang='lat' dir='ltr'><strong>eun·</strong></span> <span class='ocrx_word' id='word_1_343' title='bbox 1106 3568 1109 3574; x_wconf 23' lang='grc'>1</span> 
     </span>
     <span class='ocr_line' id='line_1_41' title="bbox 49 3576 1056 3657; baseline -0.01 -16"><span class='ocrx_word' id='word_1_344' title='bbox 49 3603 169 3641; x_wconf 87' lang='lat' dir='ltr'><strong>sensum</strong></span> <span class='ocrx_word' id='word_1_345' title='bbox 183 3581 556 3657; x_wconf 67' lang='lat' dir='ltr'><strong>explicare&#39;monstrentur,</strong></span> <span class='ocrx_word' id='word_1_346' title='bbox 583 3580 640 3635; x_wconf 91' lang='lat' dir='ltr'><strong>nisi</strong></span> <span class='ocrx_word' id='word_1_347' title='bbox 653 3581 784 3652; x_wconf 91' lang='lat' dir='ltr'><strong>utrisque</strong></span> <span class='ocrx_word' id='word_1_348' title='bbox 798 3576 944 3633; x_wconf 89' lang='lat' dir='ltr'><strong>codicibus</strong></span> <span class='ocrx_word' id='word_1_349' title='bbox 958 3577 1005 3632; x_wconf 87' lang='lat' dir='ltr'><strong>in·</strong></span> <span class='ocrx_word' id='word_1_350' title='bbox 1054 3607 1056 3614; x_wconf 69' lang='lat'><strong>,</strong></span> 
     </span>
     <span class='ocr_line' id='line_1_42' title="bbox 43 3658 1006 3741; baseline -0.008 -18"><span class='ocrx_word' id='word_1_351' title='bbox 43 3669 79 3724; x_wconf 86' lang='lat' dir='ltr'><strong>tis</strong></span> <span class='ocrx_word' id='word_1_352' title='bbox 93 3674 246 3741; x_wconf 88' lang='lat' dir='ltr'><strong>nequeunt</strong></span> <span class='ocrx_word' id='word_1_353' title='bbox 259 3665 391 3739; x_wconf 85' lang='lat' dir='ltr'><strong>reperiri.</strong></span> <span class='ocrx_word' id='word_1_354' title='bbox 429 3663 463 3720; x_wconf 90' lang='lat' dir='ltr'><strong>Si</strong></span> <span class='ocrx_word' id='word_1_355' title='bbox 478 3665 579 3740; x_wconf 86' lang='lat' dir='ltr'><strong>igitur,</strong></span> <span class='ocrx_word' id='word_1_356' title='bbox 594 3671 627 3716; x_wconf 91' lang='lat' dir='ltr'><strong>ut</strong></span> <span class='ocrx_word' id='word_1_357' title='bbox 640 3670 765 3734; x_wconf 87' lang='lat' dir='ltr'><strong>oportet,</strong></span> <span class='ocrx_word' id='word_1_358' title='bbox 779 3658 853 3715; x_wconf 89' lang='lat' dir='ltr'><strong>nihil</strong></span> <span class='ocrx_word' id='word_1_359' title='bbox 867 3659 947 3714; x_wconf 90' lang='lat' dir='ltr'><strong>alind</strong></span> <span class='ocrx_word' id='word_1_360' title='bbox 957 3661 1006 3715; x_wconf 89' lang='lat' dir='ltr'><strong>in-</strong></span> 
     </span>
    </p>

    <p class='ocr_par' dir='ltr' id='par_1_15' title="bbox 43 3741 1009 3906">
     <span class='ocr_line' id='line_1_43' title="bbox 43 3741 1009 3822; baseline -0.012 -15"><span class='ocrx_word' id='word_1_361' title='bbox 43 3765 102 3806; x_wconf 83' lang='lat' dir='ltr'><strong>urur</strong></span> <span class='ocrx_word' id='word_1_362' title='bbox 118 3752 148 3804; x_wconf 91' lang='lat' dir='ltr'><strong>in</strong></span> <span class='ocrx_word' id='word_1_363' title='bbox 164 3748 324 3822; x_wconf 87' lang='lat' dir='ltr'><strong>Scriptnris</strong></span> <span class='ocrx_word' id='word_1_364' title='bbox 339 3747 413 3814; x_wconf 88' lang='lat' dir='ltr'><strong>illis,</strong></span> <span class='ocrx_word' id='word_1_365' title='bbox 438 3748 495 3802; x_wconf 91' lang='lat' dir='ltr'><strong>nisi</strong></span> <span class='ocrx_word' id='word_1_366' title='bbox 516 3743 583 3820; x_wconf 88' lang='lat' dir='ltr'><strong>quid</strong></span> <span class='ocrx_word' id='word_1_367' title='bbox 604 3762 656 3816; x_wconf 88' lang='lat' dir='ltr'><strong>per</strong></span> <span class='ocrx_word' id='word_1_368' title='bbox 676 3743 807 3798; x_wconf 87' lang='lat' dir='ltr'><strong>homines</strong></span> <span class='ocrx_word' id='word_1_369' title='bbox 829 3741 1009 3800; x_wconf 84' lang='lat' dir='ltr'><strong>dixeritDei</strong></span> 
     </span>
     <span class='ocr_line' id='line_1_44' title="bbox 43 3823 1009 3906; baseline -0.009 -18"><span class='ocrx_word' id='word_1_370' title='bbox 43 3832 117 3904; x_wconf 91' lang='lat' dir='ltr'><strong>itus,</strong></span> <span class='ocrx_word' id='word_1_371' title='bbox 146 3829 283 3906; x_wconf 83' lang='lat' dir='ltr'><strong>quicquid</strong></span> <span class='ocrx_word' id='word_1_372' title='bbox 297 3839 342 3883; x_wconf 88' lang='lat' dir='ltr'><strong>est</strong></span> <span class='ocrx_word' id='word_1_373' title='bbox 363 3830 393 3884; x_wconf 90' lang='lat' dir='ltr'><strong>in</strong></span> <span class='ocrx_word' id='word_1_374' title='bbox 407 3827 548 3902; x_wconf 74' lang='lat' dir='ltr'><strong>Hebraeis</strong></span> <span class='ocrx_word' id='word_1_375' title='bbox 572 3825 735 3898; x_wconf 86' lang='lat' dir='ltr'><strong>codicibus,</strong></span> <span class='ocrx_word' id='word_1_376' title='bbox 762 3834 790 3882; x_wconf 88' lang='lat' dir='ltr'><strong>et</strong></span> <span class='ocrx_word' id='word_1_377' title='bbox 803 3834 923 3882; x_wconf 84' lang='lat' dir='ltr'><strong>nonest</strong></span> <span class='ocrx_word' id='word_1_378' title='bbox 936 3823 1009 3899; x_wconf 90' lang='lat' dir='ltr'><strong>apud</strong></span> 
     </span>
    </p>
   </div>
   <div class='ocr_carea' id='block_1_3' title="bbox 0 0 1163 4306">
    <p class='ocr_par' dir='ltr' id='par_1_16' title="bbox 0 0 1163 4306">
     <span class='ocr_line' id='line_1_45' title="bbox 0 0 1163 4306; baseline 0 0"><span class='ocrx_word' id='word_1_379' title='bbox 0 0 1163 4306; x_wconf 95' lang='lat' dir='ltr'><strong> </strong></span> 
     </span>
    </p>
   </div>
  </div>
 </body>
</html>
