2362 4320
39 144 43 147 -
132 193 224 263 294¹
327 193 331 202 “
361 173 670 276 n'lvl'nvltsslll
693 177 955 260 ai'dvsrlut

36 423 37 426 Ἰ
80 405 89 414 ,
108 415 124 432 s
136 328 358 423 dominandent·,¹
373 369 407 407 ea
419 367 489 408 vere
502 352 537 410 ab
552 353 593 408 eis
607 355 656 409 vel
668 371 720 427 per
735 371 801 422 eos,
816 353 865 428 qui
879 371 935 408 nos
948 351 1112 410 seeundum
1124 373 1168 410 re·

54 429 59 434 ’
109 494 116 500 ,
134 440 252 494 ritatem
264 437 463 510 pietatemque
477 434 622 512 diligunt,
640 437 719 503 lieri,
743 438 807 509 ipso
822 434 887 490 Deo
903 437 1010 491 inillis
1026 447 1166 508 operante,

78 557 88 572 Ι
135 519 311 584 eredendum
325 527 379 573 est.
423 515 525 591 Neque
539 520 618 573 enirn
632 519 770 574 audiendi
787 528 870 588 sunt,
897 517 1060 592 quiDeum
1074 521 1165 574 invisi*

30 595 34 600 ’
133 605 220 660 bilem
234 602 362 658 visibilia
375 601 517 656 miracula
530 604 645 672 operari
658 609 783 676 neg'ant3
808 602 951 673 cumipse
966 603 1056 657 etiarn
1070 620 1164 656 seeun-

135 687 204 742 dum
222 687 301 758 ipsos
317 683 428 738 ¹feeerit
445 684 602 754 mundum,
629 702 714 757 quem
733 694 813 739 eerte
829 682 977 738 visibilem
991 702 1100 761 negare
1113 702 1162 738 non

133 776 268 844 possunt.
311 764 455 839 Quicquid
470 767 560 842 igitur
573 767 706 821 mirabile
720 765 754 821 fit
771 768 802 821 in
820 763 876 820 hoo
890 766 1017 836 msrndo,
1044 767 1160 841 prolecto

41 845 44 858 '¹
133 851 232 905 minus
251 857 296 903 est
313 865 398 920 quam
415 857 494 903 totus
514 845 561 902 hio
579 847 719 917 mundus,
747 849 852 918 idest,
880 849 995 903 eoelum
1010 859 1041 904 et
1053 857 1161 904 terrast

135 934 235 987 onmia
255 949 329 1005 quae
348 932 380 986 in
399 931 441 1004 eis
463 939 551 1000 sunt,
579 928 745 1008 quoe'eerte
758 929 837 986 Deus
851 930 932 985 feeit·
977 929 1065 988 Siout
1077 941 1160 986 auten

135 1017 197 1088 ipse
211 1016 260 1088 qui
274 1013 365 1083 feeit,
379 1014 422 1067 ita
432 1007 537 1067 modus
551 1031 607 1086 quo
621 1013 692 1068 feeit
704 1015 835 1068 oeeultus
848 1022 894 1067 est
907 1021 938 1067 et
950 1011 1159 1087 incomprehen-

52 1166 60 1171 .
136 1098 229 1152 sibilis
242 1096 364 1151 bomini.
378 1138 385 1158 ,
408 1097 546 1161 Quamvis
564 1096 661 1170 itaque
675 1097 815 1150 miracula
828 1085 991 1150 visibilium
1004 1106 1160 1152 naturarum

135 1179 252 1236 videndi
268 1179 441 1234 assiduitate
455 1179 610 1250 vilueriut3
624 1186 723 1234 tamen
733 1196 798 1234 oum
808 1179 1003 1251 easapienter
1016 1179 1159 1246 intuemur,

136 1263 372 1331 inusitatissimis
386 1262 605 1336 rarissimisque
617 1263 729 1318 rnaiora
743 1271 821 1316 sunt.
858 1260 935 1319 Nam
949 1269 978 1315 et
993 1261 1075 1316 omni
1087 1262 1158 1316 mira·

137 1347 202 1400 culo
217 1345 293 1420 quod
305 1345 340 1399 fit
352 1363 404 1418 per
417 1343 580 1421 bominem,
605 1345 884 1400 mainsiniraeulum
897 1353 943 1398 est
956 1342 1054 1399 homo.
1097 1344 1159 1408 Qua·

76 1479 85 1496 x
113 1442 121 1449 ·
136 1426 342 1502 propterDous
358 1429 407 1501 qui
420 1427 492 1482 feeit
505 1425 632 1482 visibilia
646 1426 765 1481 eoelum·
774 1436 804 1481 et
817 1437 941 1497 terram,
955 1444 1020 1482 non
1034 1425 1158 1502 dedigna-

137 1513 187 1565 tur
199 1511 296 1582 faeere
310 1511 438 1566 visibilia
451 1511 590 1564 miracula
604 1509 635 1564 in
650 1511 731 1575 eaelo
744 1510 791 1565 'vel
805 1511 837 1564 in
849 1518 946 1578 terra,
973 1508 1079 1583 quibus
1093 1507 1124 1563 ad
1134 1524 1157 1560 se

137 1583 314 1648 invisibilem
327 1591 480 1648 colendum
492 1583 602 1646 excitet
612 1592 739 1650 animans
752 1590 845 1649 adhue
856 1591 1025 1647 visibilibus
1036 1591 1157 1646 deditam:

137 1676 187 1730 ubi
200 1695 268 1732 vero
281 1685 311 1730 et
320 1675 433 1749 quando
445 1675 544 1741 faeiat,
559 1675 794 1729 ineommutabile
807 1676 964 1730 eonsilium
976 1693 1069 1748 penes
1083 1675 1158 1747 ipsun

138 1767 197 1828 est,
223 1759 254 1812 in
275 1760 358 1812 euius
379 1755 570 1826 dispositione
589 1757 647 1808 iam
660 1765 790 1830 tempora
803 1755 880 1811 faeta
895 1766 967 1811 sunt
986 1771 1160 1830 quaeeunque

84 1851 91 1860 “
138 1839 237 1895 futura
251 1848 327 1894 sunt.
364 1835 438 1891 Nam
453 1837 624 1907 temporalia
636 1855 774 1906 inurens,
789 1839 990 1911 temporaliter
1004 1857 1065 1896 non
1078 1853 1160 1892 moro-

139 1932 202 1992 tur3
229 1939 283 1976 nee
302 1921 387 1974 alitor
405 1919 489 1973 novit
503 1916 651 1988 molendo,
679 1937 766 1992 quam
779 1917 873 1989 lbetu3
902 1937 958 1974 nee
982 1922 1070 1976 aliter
1089 1922 1161 1974 inve·

52 2023 54 2028 ‘
76 2026 78 2028 ·
139 2005 239 2059 cantos
254 2001 373 2056 exaudit
379 2040 392 2080 z
416 2017 503 2073 quarn
517 2001 704 2072 invocaturos
719 2001 809 2066 videt.
852 2001 979 2066 Nsmot
998 2022 1065 2059 oum
1082 2019 1159 2056 exsu-

49 2157 50 2162 ἵ
139 2087 226 2141 diunt
239 2085 344 2160 angeli
359 2084 438 2151 eius,
464 2071 525 2156 ipse
538 2083 569 2137 in
583 2084 626 2138 eis
641 2084 775 2152 exaudit,
802 2093 942 2157 tanquam
955 2087 987 2140 in
1000 2104 1087 2156 vero,
1111 2099 1159 2138 noa

67 2223 72 2232 x
138 2167 306 2224 manasseto
320 2167 428 2237 templo
443 2183 511 2233 suo,
539 2167 617 2220 sieut
628 2168 661 2220 in
676 2167 809 2221 omnibu
823 2168 933 2236 sanatis
947 2171 1029 2239 suis3
1056 2171 1165 2238 eiusque

138 2251 339 2324 testtporalitor
349 2246 424 2305 liunt
436 2249 533 2318 iussa,
553 2250 749 2332 aeteqna‘oius
761 2250 827 2325 lege
842 2250 1010 2322 conspeetu.
1119 2299 1124 2306 .

111 2339 127 2370 b
681 2369 704 2400 ¹.
836 2327 855 2405 (
858 2336 873 2367 ¹*
885 2331 925 2388 el.
942 2331 1029 2390 GAP.
1041 2328 1127 2406 XII.)

102 2447 103 2450 =
168 2446 171 2452 ·
464 2433 466 2436 ·
511 2409 635 2470 CAP.
677 2411 800 2494 Xlll.

139 2505 182 2560 De
192 2505 323 2560 invisibili
332 2505 406 2572 Dee,
426 2507 473 2577 qui
485 2526 513 2560 se
527 2509 659 2576 visibitem
672 2525 751 2578 saepe
763 2507 952 2576 praestiterit,
970 2525 1025 2564 saon
1035 2508 1167 2563 secuntus·

175 2631 177 2636 ,
221 2626 222 2630 ,
251 2579 322 2645 quod
332 2587 385 2641 est,
405 2580 602 2650 sed'seeumlum
613 2578 905 2650 qaodqpeserantserre
916 2591 1066 2634 cernentes.

200 2665 263 2723 Nee
278 2687 393 2723 morere
408 2665 508 2738 debet,
532 2667 609 2743 quod
623 2685 688 2722 eum
702 2667 741 2720 sit
754 2667 930 2739 invisibilis,
950 2685 1040 2741 saepe
1052 2665 1163 2723 visibili-

140 2757 187 2804 ter
199 2749 334 2820 Patribus
349 2752 517 2823 apparuisse
530 2759 717 2808 memoratur.
754 2745 840 2804 Sie'ut
854 2752 933 2804 enim
946 2769 1037 2806 sonus
1051 2768 1105 2824 quo
1118 2765 1163 2808 su*

142 2831 221 2886 ditur
247 2834 395 2888 sententia
412 2835 444 2888 in
468 2835 586 2890 silentio
609 2833 834 2908 intelligentiae
850 2836 1031 2905 constituta,
1056 2833 1165 2888 nonest

72 2957 74 2959 .
139 2911 195 2969 hoe
215 2915 290 2989 quod
308 2916 385 2988 ipsa:
414 2917 456 2970 ira
470 2921 499 2971 'et
513 2919 624 2989 speeies
639 2932 696 2990 qna
709 2916 791 2970 visus
806 2923 852 2970 est
865 2914 948 2971 Deus
962 2917 994 2971 in
1009 2926 1111 2971 natura
1123 2915 1163 2966 in‘

139 2999 251 3053 visibili
266 2999 459 3068 constitutus,
485 3018 546 3055 non
560 3007 624 3053 erat
637 2989 714 3073 quod
728 2999 799 3076 ipse.
843 2995 1053 3056 Verumtamen
1068 2995 1162 3071 ipsein

109 3103 111 3108 ·
141 3080 240 3135 eadem
261 3082 356 3152 speeie
376 3083 519 3155 corporali
536 3081 704 3150 videbatur,
732 3082 810 3138 sieut
825 3081 877 3136 illa
896 3084 1050 3138 sententia
1068 3079 1163 3154 ipsalu

119 3150 309 3234 psonoveois
325 3157 456 3220 auditur:
483 3183 539 3220 noe
558 3164 602 3218 illi
622 3161 813 3242 ignorabant,
840 3164 1023 3220 invisibilem
1036 3162 1162 3220 nennio

140 3248 236 3319 speeie
251 3247 411 3320 corporali,
440 3248 515 3321 quod
534 3250 598 3320 ipse
614 3265 673 3302 non
695 3254 772 3315 erat,
800 3265 831 3300 se
845 3247 956 3301 videre.
1002 3245 1160 3303 Nametle-

125 3330 281 3402 quebatur
295 3347 360 3383 eum
373 3331 511 3402 loquente
524 3329 652 3404 Moyses,
667 3337 696 3382 et
710 3330 736 3383 ei
751 3338 848 3384 tamen
862 3329 991 3386 dicebat:
1016 3329 1054 3387 Si
1079 3321 1161 3385 isaei

138 3414 272 3484 gretiam
286 3422 356 3467 ante
370 3422 414 3479 te,
430 3415 550 3470 essenus
563 3412 635 3468 milti
650 3412 845 3487 temetipsam,
871 3414 1005 3478 seientes·
1016 3423 1051 3469 at
1062 3412 1158 3469 vidus

140 3501 178 3548 te.
206 3492 278 3550 Cum
292 3495 384 3570 igitur
397 3495 616 3567 oporteretDei
626 3497 721 3570 legem
735 3494 766 3548 in
780 3493 883 3553 odietis
891 3495 1074 3573 Angelorum
1087 3489 1157 3549 torri·

139 3573 238 3629 biliter
252 3575 330 3647 dari,
358 3595 419 3632 non
434 3579 485 3633 uni
500 3577 612 3644 homini
624 3577 762 3650 paucisve
776 3578 976 3650 saepientiae,
992 3578 1046 3634 sed
1057 3578 1159 3632 univor-

141 3673 190 3711 sae
204 3660 287 3734 genti
301 3667 331 3714 et
343 3662 451 3735 populo
465 3661 596 3738 ingenti,
623 3677 721 3714 eoram
735 3659 838 3714 eodem
854 3659 1086 3738 populo'magna
1099 3658 1160 3712 beta

141 3749 211 3795 sunt
224 3743 255 3795 in
269 3739 388 3811 monte‚'
408 3743 459 3797 ubi
473 3733 522 3798 lex
536 3762 589 3817 per
602 3761 692 3798 unum
705 3739 841 3812 dabatur,
860 3741 1065 3816 oonspieien'te
1077 3738 1161 3798 multi-

140 3821 243 3877 tudine
256 3823 411 3880 metuenda
424 3843 457 3880 ae
470 3824 620 3882 ueniente
634 3841 709 3900 quae
721 3823 839 3880 fiebant.
878 3825 948 3882 Non
962 3820 1160 3901 entm'pepan·
