<?xml version="1.0" encoding="UTF-8"?>
<!DOCTYPE html PUBLIC "-//W3C//DTD XHTML 1.0 Transitional//EN"
    "http://www.w3.org/TR/xhtml1/DTD/xhtml1-transitional.dtd">
<html xmlns="http://www.w3.org/1999/xhtml" xml:lang="en" lang="en">
 <head>
  <title>
</title>
<meta http-equiv="Content-Type" content="text/html;charset=utf-8" />
  <meta name='ocr-system' content='tesseract 3.04.00' />
  <meta name='ocr-capabilities' content='ocr_page ocr_carea ocr_par ocr_line ocrx_word'/>
</head>
<body>
  <div class='ocr_page' id='page_1' title='image "./saureliiaugusti00augugoog_0769.png"; bbox 0 0 2362 4314; ppageno 0'>
   <div class='ocr_carea' id='block_1_1' title="bbox 111 203 925 316">
    <p class='ocr_par' dir='ltr' id='par_1_1' title="bbox 111 203 925 316">
     <span class='ocr_line' id='line_1_1' title="bbox 111 203 925 316; baseline -0.021 -34"><span class='ocrx_word' id='word_1_1' title='bbox 111 227 174 316; x_wconf 70' lang='lat'><strong>³⁶4.</strong></span> <span class='ocrx_word' id='word_1_2' title='bbox 227 273 230 278; x_wconf 91' lang='lat'>.</span> <span class='ocrx_word' id='word_1_3' title='bbox 326 203 925 281; x_wconf 79' lang='lat' dir='ltr'><strong>&#39;DlVlAVRELllAVGVSTlNl</strong></span> 
     </span>
    </p>
   </div>
   <div class='ocr_carea' id='block_1_2' title="bbox 26 349 1156 698">
    <p class='ocr_par' dir='ltr' id='par_1_2' title="bbox 26 349 1156 698">
     <span class='ocr_line' id='line_1_2' title="bbox 93 349 1119 452; baseline -0.017 -20"><span class='ocrx_word' id='word_1_4' title='bbox 93 409 98 413; x_wconf 95' lang='lat'>-</span> <span class='ocrx_word' id='word_1_5' title='bbox 113 375 228 452; x_wconf 76' lang='lat' dir='ltr'><strong>diligat,</strong></span> <span class='ocrx_word' id='word_1_6' title='bbox 241 368 318 446; x_wconf 85' lang='lat' dir='ltr'><strong>quod</strong></span> <span class='ocrx_word' id='word_1_7' title='bbox 329 353 457 424; x_wconf 86' lang='lat' dir='ltr'><strong>membra</strong></span> <span class='ocrx_word' id='word_1_8' title='bbox 468 362 668 432; x_wconf 86' lang='lat' dir='ltr'><strong>sunthristi,</strong></span> <span class='ocrx_word' id='word_1_9' title='bbox 683 361 764 418; x_wconf 89' lang='lat' dir='ltr'><strong>absit</strong></span> <span class='ocrx_word' id='word_1_10' title='bbox 777 371 813 418; x_wconf 90' lang='lat' dir='ltr'><strong>ut</strong></span> <span class='ocrx_word' id='word_1_11' title='bbox 825 361 887 416; x_wconf 87' lang='lat' dir='ltr'><strong>ista·</strong></span> <span class='ocrx_word' id='word_1_12' title='bbox 894 349 1000 416; x_wconf 83' lang='lat' dir='ltr'><strong>dilectio</strong></span> <span class='ocrx_word' id='word_1_13' title='bbox 1009 361 1092 434; x_wconf 78' lang='lat' dir='ltr'><strong>reperia-</strong></span> <span class='ocrx_word' id='word_1_14' title='bbox 1117 383 1119 388; x_wconf 38' lang='lat' dir='ltr'><strong><em>s</em></strong></span> 
     </span>
     <span class='ocr_line' id='line_1_3' title="bbox 114 443 1093 530; baseline -0.018 -15"><span class='ocrx_word' id='word_1_15' title='bbox 114 472 164 515; x_wconf 87' lang='lat' dir='ltr'><strong>tur</strong></span> <span class='ocrx_word' id='word_1_16' title='bbox 178 460 208 511; x_wconf 93' lang='lat' dir='ltr'><strong>iu</strong></span> <span class='ocrx_word' id='word_1_17' title='bbox 223 455 325 530; x_wconf 82' lang='lat' dir='ltr'><strong>lignis,</strong></span> <span class='ocrx_word' id='word_1_18' title='bbox 338 452 425 507; x_wconf 84' lang='lat' dir='ltr'><strong>foeno</strong></span> <span class='ocrx_word' id='word_1_19' title='bbox 438 459 468 506; x_wconf 89' lang='lat' dir='ltr'><strong>et</strong></span> <span class='ocrx_word' id='word_1_20' title='bbox 481 450 586 523; x_wconf 84' lang='lat' dir='ltr'><strong>stipula</strong></span> <span class='ocrx_word' id='word_1_21' title='bbox 599 444 814 516; x_wconf 82' lang='lat' dir='ltr'><strong>consumenda,</strong></span> <span class='ocrx_word' id='word_1_22' title='bbox 827 444 881 500; x_wconf 89' lang='lat' dir='ltr'><strong>sed</strong></span> <span class='ocrx_word' id='word_1_23' title='bbox 893 461 999 519; x_wconf 84' lang='lat' dir='ltr'><strong>prorsus</strong></span> <span class='ocrx_word' id='word_1_24' title='bbox 1010 443 1093 498; x_wconf 76' lang='lat' dir='ltr'><strong>tellicio</strong></span> 
     </span>
     <span class='ocr_line' id='line_1_4' title="bbox 26 527 1156 616; baseline -0.016 -19"><span class='ocrx_word' id='word_1_25' title='bbox 26 533 28 540; x_wconf 70' lang='grc'><strong>’</strong></span> <span class='ocrx_word' id='word_1_26' title='bbox 51 605 54 616; x_wconf 23' lang='lat'>⁵</span> <span class='ocrx_word' id='word_1_27' title='bbox 116 559 217 610; x_wconf 88' lang='lat' dir='ltr'><strong>aureo,</strong></span> <span class='ocrx_word' id='word_1_28' title='bbox 231 544 382 613; x_wconf 83' lang='lat' dir='ltr'><strong>argenteo,</strong></span> <span class='ocrx_word' id='word_1_29' title='bbox 391 551 522 610; x_wconf 82' lang='lat' dir='ltr'><strong>gemmeo</strong></span> <span class='ocrx_word' id='word_1_30' title='bbox 531 529 722 605; x_wconf 81' lang='lat' dir='ltr'><strong>deputabitur.</strong></span> <span class='ocrx_word' id='word_1_31' title='bbox 738 527 1093 599; x_wconf 78' lang='lat' dir='ltr'><strong>Quomodoautempotertm</strong></span> <span class='ocrx_word' id='word_1_32' title='bbox 1153 533 1156 598; x_wconf 58' lang='grc' dir='ltr'>ζ</span> 
     </span>
     <span class='ocr_line' id='line_1_5' title="bbox 116 604 1093 698; baseline -0.016 -20"><span class='ocrx_word' id='word_1_33' title='bbox 116 626 180 698; x_wconf 81' lang='lat' dir='ltr'><strong>plus</strong></span> <span class='ocrx_word' id='word_1_34' title='bbox 195 638 292 677; x_wconf 88' lang='lat' dir='ltr'><strong>amare</strong></span> <span class='ocrx_word' id='word_1_35' title='bbox 306 634 391 693; x_wconf 88' lang='lat' dir='ltr'><strong>quam</strong></span> <span class='ocrx_word' id='word_1_36' title='bbox 397 616 558 687; x_wconf 75' lang='lat' dir='ltr'>Christum,</span> <span class='ocrx_word' id='word_1_37' title='bbox 572 631 643 690; x_wconf 86' lang='lat' dir='ltr'><strong>quos</strong></span> <span class='ocrx_word' id='word_1_38' title='bbox 657 621 736 668; x_wconf 87' lang='lat' dir='ltr'><strong>amat</strong></span> <span class='ocrx_word' id='word_1_39' title='bbox 749 613 854 687; x_wconf 90' lang='lat' dir='ltr'><strong>utique</strong></span> <span class='ocrx_word' id='word_1_40' title='bbox 864 604 1093 688; x_wconf 81' lang='lat' dir='ltr'><strong>propteerrirtml</strong></span> 
     </span>
    </p>
   </div>
   <div class='ocr_carea' id='block_1_3' title="bbox 461 708 814 771">
    <p class='ocr_par' dir='ltr' id='par_1_3' title="bbox 461 708 814 771">
     <span class='ocr_line' id='line_1_6' title="bbox 461 708 814 771; baseline -0.017 0"><span class='ocrx_word' id='word_1_41' title='bbox 461 708 814 771; x_wconf 74' lang='lat' dir='ltr'><strong>CAP..XXVll.=</strong></span> 
     </span>
    </p>
   </div>
   <div class='ocr_carea' id='block_1_4' title="bbox 117 775 1151 933">
    <p class='ocr_par' dir='ltr' id='par_1_4' title="bbox 117 775 1151 933">
     <span class='ocr_line' id='line_1_7' title="bbox 117 775 1151 875; baseline -0.015 -24"><span class='ocrx_word' id='word_1_42' title='bbox 117 800 222 852; x_wconf 64' lang='lat' dir='ltr'><strong>(luntre</strong></span> <span class='ocrx_word' id='word_1_43' title='bbox 233 811 323 849; x_wconf 86' lang='lat' dir='ltr'><strong>eorum</strong></span> <span class='ocrx_word' id='word_1_44' title='bbox 330 794 544 864; x_wconf 71' lang='lat' dir='ltr'><strong><em>persuasionem,</em></strong></span> <span class='ocrx_word' id='word_1_45' title='bbox 555 791 602 862; x_wconf 86' lang='lat' dir='ltr'><strong>qni</strong></span> <span class='ocrx_word' id='word_1_46' title='bbox 608 799 713 859; x_wconf 73' lang='lat' dir='ltr'><strong>putant</strong></span> <span class='ocrx_word' id='word_1_47' title='bbox 723 789 777 842; x_wconf 80' lang='lat' dir='ltr'><strong>eibi</strong></span> <span class='ocrx_word' id='word_1_48' title='bbox 786 807 839 842; x_wconf 84' lang='lat' dir='ltr'><strong>non</strong></span> <span class='ocrx_word' id='word_1_49' title='bbox 849 775 982 861; x_wconf 78' lang='lat' dir='ltr'><strong>obfutura</strong></span> <span class='ocrx_word' id='word_1_50' title='bbox 989 786 1086 858; x_wconf 63' lang='lat' dir='ltr'><strong>peeoris</strong></span> <span class='ocrx_word' id='word_1_51' title='bbox 1134 825 1151 875; x_wconf 58' lang='lat' dir='ltr'><strong>ui</strong></span> 
     </span>
     <span class='ocr_line' id='line_1_8' title="bbox 282 861 990 933; baseline -0.007 -18"><span class='ocrx_word' id='word_1_52' title='bbox 282 866 389 933; x_wconf 79' lang='lat' dir='ltr'><strong>quitus,</strong></span> <span class='ocrx_word' id='word_1_53' title='bbox 400 879 459 914; x_wconf 79' lang='lat' dir='ltr'><strong>eune</strong></span> <span class='ocrx_word' id='word_1_54' title='bbox 470 866 645 931; x_wconf 78' lang='lat' dir='ltr'><strong>eleemosynas</strong></span> <span class='ocrx_word' id='word_1_55' title='bbox 651 861 792 933; x_wconf 84' lang='lat' dir='ltr'><strong>fecerent,</strong></span> <span class='ocrx_word' id='word_1_56' title='bbox 800 862 990 928; x_wconf 77' lang='lat' dir='ltr'><strong>perstiterunt.</strong></span> 
     </span>
    </p>
   </div>
   <div class='ocr_carea' id='block_1_5' title="bbox 56 947 1156 2358">
    <p class='ocr_par' dir='ltr' id='par_1_5' title="bbox 120 947 1156 1364">
     <span class='ocr_line' id='line_1_9' title="bbox 184 947 1156 1041; baseline -0.012 -28"><span class='ocrx_word' id='word_1_57' title='bbox 184 957 288 1014; x_wconf 85' lang='lat' dir='ltr'><strong>Restat</strong></span> <span class='ocrx_word' id='word_1_58' title='bbox 302 955 343 1008; x_wconf 88' lang='lat' dir='ltr'><strong>eis</strong></span> <span class='ocrx_word' id='word_1_59' title='bbox 356 949 532 1025; x_wconf 87' lang='lat' dir='ltr'><strong>respondere</strong></span> <span class='ocrx_word' id='word_1_60' title='bbox 546 953 595 1027; x_wconf 92' lang='lat' dir='ltr'><strong>qui</strong></span> <span class='ocrx_word' id='word_1_61' title='bbox 609 949 721 1020; x_wconf 87' lang='lat' dir='ltr'><strong>dicunt,</strong></span> <span class='ocrx_word' id='word_1_62' title='bbox 736 947 859 1005; x_wconf 89' lang='lat' dir='ltr'><strong>aeterno</strong></span> <span class='ocrx_word' id='word_1_63' title='bbox 870 950 1008 1026; x_wconf 84' lang='lat' dir='ltr'><strong>igneillos</strong></span> <span class='ocrx_word' id='word_1_64' title='bbox 1019 956 1092 1004; x_wconf 77' lang='lat' dir='ltr'><strong>muna</strong></span> <span class='ocrx_word' id='word_1_65' title='bbox 1137 987 1156 1041; x_wconf 42' lang='grc' dir='ltr'><strong>ἢ</strong></span> 
     </span>
     <span class='ocr_line' id='line_1_10' title="bbox 120 1031 1156 1124; baseline -0.014 -27"><span class='ocrx_word' id='word_1_66' title='bbox 120 1040 205 1100; x_wconf 76' lang='lat' dir='ltr'><strong>niodo</strong></span> <span class='ocrx_word' id='word_1_67' title='bbox 222 1053 356 1106; x_wconf 85' lang='lat' dir='ltr'><strong>arsuros,</strong></span> <span class='ocrx_word' id='word_1_68' title='bbox 381 1035 431 1108; x_wconf 91' lang='lat' dir='ltr'><strong>qui</strong></span> <span class='ocrx_word' id='word_1_69' title='bbox 444 1053 496 1109; x_wconf 81' lang='lat' dir='ltr'><strong>pro</strong></span> <span class='ocrx_word' id='word_1_70' title='bbox 510 1036 636 1110; x_wconf 85' lang='lat' dir='ltr'><strong>peccatis</strong></span> <span class='ocrx_word' id='word_1_71' title='bbox 650 1034 712 1090; x_wconf 86' lang='lat' dir='ltr'><strong>suis</strong></span> <span class='ocrx_word' id='word_1_72' title='bbox 726 1031 826 1089; x_wconf 86' lang='lat' dir='ltr'><strong>faeere</strong></span> <span class='ocrx_word' id='word_1_73' title='bbox 838 1031 945 1110; x_wconf 82' lang='lat' dir='ltr'><strong>dignas</strong></span> <span class='ocrx_word' id='word_1_74' title='bbox 959 1034 1097 1104; x_wconf 82' lang='lat' dir='ltr'><strong>eleemoqm</strong></span> <span class='ocrx_word' id='word_1_75' title='bbox 1138 1079 1156 1124; x_wconf 57' lang='lat' dir='ltr'><strong>m</strong></span> 
     </span>
     <span class='ocr_line' id='line_1_11' title="bbox 121 1112 1156 1207; baseline -0.01 -31"><span class='ocrx_word' id='word_1_76' title='bbox 121 1123 292 1198; x_wconf 75' lang='lat' dir='ltr'><strong>negligunt,</strong></span> <span class='ocrx_word' id='word_1_77' title='bbox 318 1127 439 1191; x_wconf 86' lang='lat' dir='ltr'><strong>propter</strong></span> <span class='ocrx_word' id='word_1_78' title='bbox 452 1119 523 1174; x_wconf 89' lang='lat' dir='ltr'><strong>illud</strong></span> <span class='ocrx_word' id='word_1_79' title='bbox 537 1116 612 1194; x_wconf 92' lang='lat' dir='ltr'><strong>quod</strong></span> <span class='ocrx_word' id='word_1_80' title='bbox 625 1119 667 1172; x_wconf 91' lang='lat' dir='ltr'><strong>ait</strong></span> <span class='ocrx_word' id='word_1_81' title='bbox 679 1117 836 1191; x_wconf 82' lang='lat' dir='ltr'><strong>Apostolus</strong></span> <span class='ocrx_word' id='word_1_82' title='bbox 850 1114 983 1190; x_wconf 82' lang='lat' dir='ltr'><strong>lacobus:</strong></span> <span class='ocrx_word' id='word_1_83' title='bbox 1006 1112 1101 1170; x_wconf 71' lang='lat' dir='ltr'><strong>ludiim</strong></span> <span class='ocrx_word' id='word_1_84' title='bbox 1140 1154 1156 1207; x_wconf 46' lang='grc' dir='ltr'>ᾖ</span> 
     </span>
     <span class='ocr_line' id='line_1_12' title="bbox 121 1195 1156 1291; baseline -0.009 -30"><span class='ocrx_word' id='word_1_85' title='bbox 121 1215 218 1261; x_wconf 86' lang='lat' dir='ltr'><strong>entem</strong></span> <span class='ocrx_word' id='word_1_86' title='bbox 232 1203 296 1257; x_wconf 85' lang='lat' dir='ltr'><strong>eine</strong></span> <span class='ocrx_word' id='word_1_87' title='bbox 310 1202 520 1259; x_wconf 76' lang='lat' dir='ltr'><strong><em>misericordia</em></strong></span> <span class='ocrx_word' id='word_1_88' title='bbox 534 1203 580 1258; x_wconf 86' lang='lat' dir='ltr'><strong>illi</strong></span> <span class='ocrx_word' id='word_1_89' title='bbox 593 1202 643 1280; x_wconf 84' lang='lat' dir='ltr'><strong>qni</strong></span> <span class='ocrx_word' id='word_1_90' title='bbox 655 1219 712 1256; x_wconf 85' lang='lat' dir='ltr'><strong>non</strong></span> <span class='ocrx_word' id='word_1_91' title='bbox 724 1199 811 1270; x_wconf 88' lang='lat' dir='ltr'><strong>feeit</strong></span> <span class='ocrx_word' id='word_1_92' title='bbox 822 1199 1050 1256; x_wconf 82' lang='lat' dir='ltr'><strong>misericordium.</strong></span> <span class='ocrx_word' id='word_1_93' title='bbox 1071 1195 1103 1262; x_wconf 73' lang='lat' dir='ltr'><strong>lbi</strong></span> <span class='ocrx_word' id='word_1_94' title='bbox 1124 1259 1125 1264; x_wconf 7' lang='grc' dir='ltr'>ἵ</span> <span class='ocrx_word' id='word_1_95' title='bbox 1140 1254 1156 1291; x_wconf 55' lang='lat' dir='ltr'>m</span> 
     </span>
     <span class='ocr_line' id='line_1_13' title="bbox 121 1281 1105 1364; baseline -0.007 -23"><span class='ocrx_word' id='word_1_96' title='bbox 121 1303 190 1364; x_wconf 72' lang='lat' dir='ltr'><strong>ergo</strong></span> <span class='ocrx_word' id='word_1_97' title='bbox 210 1283 297 1355; x_wconf 88' lang='lat' dir='ltr'><strong>feeit,</strong></span> <span class='ocrx_word' id='word_1_98' title='bbox 325 1285 483 1359; x_wconf 91' lang='lat' dir='ltr'><strong>inquiunt,</strong></span> <span class='ocrx_word' id='word_1_99' title='bbox 510 1285 640 1361; x_wconf 87' lang='lat' dir='ltr'><strong>quamvis</strong></span> <span class='ocrx_word' id='word_1_100' title='bbox 655 1301 715 1340; x_wconf 86' lang='lat' dir='ltr'><strong>nou</strong></span> <span class='ocrx_word' id='word_1_101' title='bbox 730 1284 899 1339; x_wconf 84' lang='lat' dir='ltr'><strong>eorrexerit</strong></span> <span class='ocrx_word' id='word_1_102' title='bbox 910 1281 1105 1357; x_wconf 80' lang='lat' dir='ltr'><strong>perditosnoru,</strong></span> 
     </span>
    </p>

    <p class='ocr_par' dir='ltr' id='par_1_6' title="bbox 94 1363 1155 1776">
     <span class='ocr_line' id='line_1_14' title="bbox 94 1363 1155 1452; baseline -0.007 -29"><span class='ocrx_word' id='word_1_103' title='bbox 94 1435 97 1452; x_wconf 26' lang='lat' dir='ltr'>h</span> <span class='ocrx_word' id='word_1_104' title='bbox 120 1367 172 1423; x_wconf 87' lang='lat' dir='ltr'><strong>sed</strong></span> <span class='ocrx_word' id='word_1_105' title='bbox 190 1367 302 1421; x_wconf 67' lang='lat' dir='ltr'><strong>nefarie</strong></span> <span class='ocrx_word' id='word_1_106' title='bbox 323 1386 357 1422; x_wconf 90' lang='lat' dir='ltr'><strong>ac</strong></span> <span class='ocrx_word' id='word_1_107' title='bbox 375 1369 511 1441; x_wconf 91' lang='lat' dir='ltr'><strong>nequiter</strong></span> <span class='ocrx_word' id='word_1_108' title='bbox 529 1370 606 1424; x_wconf 89' lang='lat' dir='ltr'><strong>inter</strong></span> <span class='ocrx_word' id='word_1_109' title='bbox 624 1368 703 1442; x_wconf 85' lang='lat' dir='ltr'><strong>ipsas</strong></span> <span class='ocrx_word' id='word_1_110' title='bbox 725 1383 794 1421; x_wconf 87' lang='lat' dir='ltr'><strong>suas</strong></span> <span class='ocrx_word' id='word_1_111' title='bbox 815 1368 1011 1442; x_wconf 78' lang='lat' dir='ltr'><strong>eleemosynas</strong></span> <span class='ocrx_word' id='word_1_112' title='bbox 1028 1363 1106 1432; x_wconf 74' lang='lat' dir='ltr'><strong>ruent,</strong></span> <span class='ocrx_word' id='word_1_113' title='bbox 1151 1406 1155 1417; x_wconf 92' lang='lat'><em>.</em></span> 
     </span>
     <span class='ocr_line' id='line_1_15' title="bbox 120 1447 1107 1528; baseline -0.004 -23"><span class='ocrx_word' id='word_1_114' title='bbox 120 1465 209 1524; x_wconf 89' lang='lat' dir='ltr'><strong>quum</strong></span> <span class='ocrx_word' id='word_1_115' title='bbox 223 1450 423 1506; x_wconf 78' lang='lat' dir='ltr'><strong>misericordia</strong></span> <span class='ocrx_word' id='word_1_116' title='bbox 437 1452 480 1506; x_wconf 87' lang='lat' dir='ltr'><strong>illl</strong></span> <span class='ocrx_word' id='word_1_117' title='bbox 493 1452 623 1507; x_wconf 86' lang='lat' dir='ltr'><strong>futurum</strong></span> <span class='ocrx_word' id='word_1_118' title='bbox 633 1459 678 1528; x_wconf 81' lang='lat' dir='ltr'><strong>est</strong></span> <span class='ocrx_word' id='word_1_119' title='bbox 691 1448 847 1520; x_wconf 86' lang='lat' dir='ltr'><strong>iudicium,</strong></span> <span class='ocrx_word' id='word_1_120' title='bbox 860 1458 896 1505; x_wconf 92' lang='lat' dir='ltr'><strong>ut</strong></span> <span class='ocrx_word' id='word_1_121' title='bbox 906 1451 955 1506; x_wconf 89' lang='lat' dir='ltr'><strong>aut</strong></span> <span class='ocrx_word' id='word_1_122' title='bbox 967 1468 1020 1505; x_wconf 92' lang='lat' dir='ltr'><strong>non</strong></span> <span class='ocrx_word' id='word_1_123' title='bbox 1031 1447 1107 1502; x_wconf 84' lang='lat' dir='ltr'><strong>daune·</strong></span> 
     </span>
     <span class='ocr_line' id='line_1_16' title="bbox 119 1529 1133 1609; baseline -0.006 -21"><span class='ocrx_word' id='word_1_124' title='bbox 119 1542 168 1588; x_wconf 90' lang='lat' dir='ltr'><strong>tur</strong></span> <span class='ocrx_word' id='word_1_125' title='bbox 181 1535 318 1604; x_wconf 89' lang='lat' dir='ltr'><strong>omnino,</strong></span> <span class='ocrx_word' id='word_1_126' title='bbox 346 1543 396 1588; x_wconf 87' lang='lat' dir='ltr'><strong>aut</strong></span> <span class='ocrx_word' id='word_1_127' title='bbox 415 1545 480 1606; x_wconf 81' lang='lat' dir='ltr'><strong>post</strong></span> <span class='ocrx_word' id='word_1_128' title='bbox 498 1529 617 1609; x_wconf 88' lang='lat' dir='ltr'><strong>aliquod</strong></span> <span class='ocrx_word' id='word_1_129' title='bbox 635 1543 750 1607; x_wconf 86' lang='lat' dir='ltr'><strong>tempus</strong></span> <span class='ocrx_word' id='word_1_130' title='bbox 765 1529 988 1590; x_wconf 71' lang='lat' dir='ltr'><strong>adamnanum</strong></span> <span class='ocrx_word' id='word_1_131' title='bbox 1000 1530 1109 1588; x_wconf 77' lang='lat' dir='ltr'><strong>novissim</strong></span> <span class='ocrx_word' id='word_1_132' title='bbox 1132 1569 1133 1574; x_wconf 18' lang='grc' dir='ltr'>ι</span> 
     </span>
     <span class='ocr_line' id='line_1_17' title="bbox 119 1615 1109 1694; baseline -0.006 -21"><span class='ocrx_word' id='word_1_133' title='bbox 119 1617 271 1673; x_wconf 74' lang='lat' dir='ltr'><strong>liberetur.</strong></span> <span class='ocrx_word' id='word_1_134' title='bbox 300 1617 362 1673; x_wconf 84' lang='lat' dir='ltr'><strong>Nec</strong></span> <span class='ocrx_word' id='word_1_135' title='bbox 378 1617 413 1672; x_wconf 92' lang='lat' dir='ltr'><strong>ob</strong></span> <span class='ocrx_word' id='word_1_136' title='bbox 426 1618 506 1673; x_wconf 87' lang='lat' dir='ltr'><strong>aliud</strong></span> <span class='ocrx_word' id='word_1_137' title='bbox 515 1618 689 1680; x_wconf 85' lang='lat' dir='ltr'><strong>existimant</strong></span> <span class='ocrx_word' id='word_1_138' title='bbox 702 1615 853 1694; x_wconf 84' lang='lat' dir='ltr'><strong>Christum</strong></span> <span class='ocrx_word' id='word_1_139' title='bbox 867 1616 904 1673; x_wconf 82' lang='lat' dir='ltr'><strong>(le</strong></span> <span class='ocrx_word' id='word_1_140' title='bbox 918 1619 977 1673; x_wconf 78' lang='lat' dir='ltr'><strong>solo</strong></span> <span class='ocrx_word' id='word_1_141' title='bbox 991 1616 1109 1670; x_wconf 85' lang='lat' dir='ltr'><strong>dileetual·</strong></span> 
     </span>
     <span class='ocr_line' id='line_1_18' title="bbox 121 1695 1110 1776; baseline -0.004 -22"><span class='ocrx_word' id='word_1_142' title='bbox 121 1717 177 1774; x_wconf 90' lang='lat' dir='ltr'><strong>quc</strong></span> <span class='ocrx_word' id='word_1_143' title='bbox 192 1703 329 1776; x_wconf 86' lang='lat' dir='ltr'><strong>neglectu</strong></span> <span class='ocrx_word' id='word_1_144' title='bbox 343 1702 593 1776; x_wconf 81' lang='lat' dir='ltr'><strong>eleemosynarum</strong></span> <span class='ocrx_word' id='word_1_145' title='bbox 606 1700 816 1756; x_wconf 80' lang='lat' dir='ltr'><strong>discretionem</strong></span> <span class='ocrx_word' id='word_1_146' title='bbox 829 1701 910 1756; x_wconf 89' lang='lat' dir='ltr'><strong>inter</strong></span> <span class='ocrx_word' id='word_1_147' title='bbox 924 1701 1047 1756; x_wconf 81' lang='lat' dir='ltr'><strong>dexteros</strong></span> <span class='ocrx_word' id='word_1_148' title='bbox 1058 1706 1078 1752; x_wconf 88' lang='lat' dir='ltr'><strong>et</strong></span> <span class='ocrx_word' id='word_1_149' title='bbox 1087 1695 1110 1750; x_wconf 80' lang='lat' dir='ltr'><strong>si·</strong></span> 
     </span>
    </p>

    <p class='ocr_par' dir='ltr' id='par_1_7' title="bbox 69 1779 1111 1860">
     <span class='ocr_line' id='line_1_19' title="bbox 69 1779 1111 1860; baseline -0.005 -23"><span class='ocrx_word' id='word_1_150' title='bbox 69 1783 72 1790; x_wconf 83' lang='grc'><em>“</em></span> <span class='ocrx_word' id='word_1_151' title='bbox 121 1784 230 1837; x_wconf 84' lang='lat' dir='ltr'><strong>nistros</strong></span> <span class='ocrx_word' id='word_1_152' title='bbox 246 1801 309 1838; x_wconf 86' lang='lat' dir='ltr'><strong>esse</strong></span> <span class='ocrx_word' id='word_1_153' title='bbox 323 1784 484 1854; x_wconf 85' lang='lat' dir='ltr'><strong>facturum,</strong></span> <span class='ocrx_word' id='word_1_154' title='bbox 499 1803 620 1859; x_wconf 88' lang='lat' dir='ltr'><strong>quorum</strong></span> <span class='ocrx_word' id='word_1_155' title='bbox 633 1785 704 1839; x_wconf 87' lang='lat' dir='ltr'><strong>alios</strong></span> <span class='ocrx_word' id='word_1_156' title='bbox 718 1785 750 1838; x_wconf 92' lang='lat' dir='ltr'><strong>in</strong></span> <span class='ocrx_word' id='word_1_157' title='bbox 763 1803 905 1860; x_wconf 85' lang='lat' dir='ltr'><strong>regnum,</strong></span> <span class='ocrx_word' id='word_1_158' title='bbox 919 1786 990 1840; x_wconf 88' lang='lat' dir='ltr'><strong>alios</strong></span> <span class='ocrx_word' id='word_1_159' title='bbox 1003 1785 1030 1838; x_wconf 91' lang='lat' dir='ltr'><strong>in</strong></span> <span class='ocrx_word' id='word_1_160' title='bbox 1042 1779 1111 1854; x_wconf 80' lang='lat' dir='ltr'><strong>suppli·</strong></span> 
     </span>
    </p>

    <p class='ocr_par' dir='ltr' id='par_1_8' title="bbox 56 1867 1113 1942">
     <span class='ocr_line' id='line_1_20' title="bbox 56 1867 1113 1942; baseline -0.003 -22"><span class='ocrx_word' id='word_1_161' title='bbox 56 1887 59 1892; x_wconf 23' lang='grc' dir='ltr'><strong>Δ</strong></span> <span class='ocrx_word' id='word_1_162' title='bbox 122 1867 199 1920; x_wconf 87' lang='lat' dir='ltr'><strong>cium</strong></span> <span class='ocrx_word' id='word_1_163' title='bbox 214 1869 312 1921; x_wconf 89' lang='lat' dir='ltr'><strong>mittat</strong></span> <span class='ocrx_word' id='word_1_164' title='bbox 331 1876 492 1923; x_wconf 82' lang='lat' dir='ltr'><strong>aeternum.</strong></span> <span class='ocrx_word' id='word_1_165' title='bbox 539 1867 578 1923; x_wconf 80' lang='lat' dir='ltr'><strong>Vt</strong></span> <span class='ocrx_word' id='word_1_166' title='bbox 600 1876 698 1922; x_wconf 89' lang='lat' dir='ltr'><strong>autem</strong></span> <span class='ocrx_word' id='word_1_167' title='bbox 718 1867 893 1942; x_wconf 88' lang='lat' dir='ltr'><strong>quotidiana</strong></span> <span class='ocrx_word' id='word_1_168' title='bbox 914 1868 970 1923; x_wconf 86' lang='lat' dir='ltr'><strong>sibi</strong></span> <span class='ocrx_word' id='word_1_169' title='bbox 991 1869 1113 1941; x_wconf 79' lang='lat' dir='ltr'><strong>opinentur,</strong></span> 
     </span>
    </p>

    <p class='ocr_par' dir='ltr' id='par_1_9' title="bbox 122 1948 1113 2025">
     <span class='ocr_line' id='line_1_21' title="bbox 122 1948 1113 2025; baseline -0.003 -22"><span class='ocrx_word' id='word_1_170' title='bbox 122 1967 197 2022; x_wconf 87' lang='lat' dir='ltr'><strong>quae</strong></span> <span class='ocrx_word' id='word_1_171' title='bbox 211 1948 309 2004; x_wconf 86' lang='lat' dir='ltr'><strong>facere</strong></span> <span class='ocrx_word' id='word_1_172' title='bbox 324 1951 442 2005; x_wconf 92' lang='lat' dir='ltr'><strong>omnino</strong></span> <span class='ocrx_word' id='word_1_173' title='bbox 457 1969 516 2006; x_wconf 90' lang='lat' dir='ltr'><strong>non</strong></span> <span class='ocrx_word' id='word_1_174' title='bbox 530 1959 662 2020; x_wconf 85' lang='lat' dir='ltr'><strong>cessant,</strong></span> <span class='ocrx_word' id='word_1_175' title='bbox 689 1951 906 2025; x_wconf 79' lang='lat' dir='ltr'><strong>qualiacunque</strong></span> <span class='ocrx_word' id='word_1_176' title='bbox 927 1959 956 2006; x_wconf 90' lang='lat' dir='ltr'><strong>et</strong></span> <span class='ocrx_word' id='word_1_177' title='bbox 979 1959 1113 2024; x_wconf 81' lang='lat' dir='ltr'><strong>quantacun</strong></span> 
     </span>
    </p>

    <p class='ocr_par' dir='ltr' id='par_1_10' title="bbox 122 2033 1156 2108">
     <span class='ocr_line' id='line_1_22' title="bbox 122 2033 1156 2108; baseline -0.002 -23"><span class='ocrx_word' id='word_1_178' title='bbox 122 2033 269 2106; x_wconf 88' lang='lat' dir='ltr'><strong>quesint,</strong></span> <span class='ocrx_word' id='word_1_179' title='bbox 294 2049 346 2105; x_wconf 85' lang='lat' dir='ltr'><strong>per</strong></span> <span class='ocrx_word' id='word_1_180' title='bbox 368 2034 569 2108; x_wconf 86' lang='lat' dir='ltr'><strong>eleemosynas</strong></span> <span class='ocrx_word' id='word_1_181' title='bbox 593 2033 699 2088; x_wconf 88' lang='lat' dir='ltr'><strong>dimitti</strong></span> <span class='ocrx_word' id='word_1_182' title='bbox 722 2051 811 2108; x_wconf 83' lang='lat' dir='ltr'><strong>posse</strong></span> <span class='ocrx_word' id='word_1_183' title='bbox 832 2044 973 2108; x_wconf 86' lang='lat' dir='ltr'><strong>peecata,</strong></span> <span class='ocrx_word' id='word_1_184' title='bbox 997 2033 1114 2087; x_wconf 78' lang='lat' dir='ltr'><strong>orationes</strong></span> <span class='ocrx_word' id='word_1_185' title='bbox 1155 2103 1156 2106; x_wconf 7' lang='grc' dir='ltr'><strong>Ἰ</strong></span> 
     </span>
    </p>

    <p class='ocr_par' dir='ltr' id='par_1_11' title="bbox 116 2113 1155 2193">
     <span class='ocr_line' id='line_1_23' title="bbox 116 2113 1155 2193; baseline -0.001 -25"><span class='ocrx_word' id='word_1_186' title='bbox 116 2131 210 2188; x_wconf 71' lang='lat' dir='ltr'><strong>vquam</strong></span> <span class='ocrx_word' id='word_1_187' title='bbox 224 2115 322 2171; x_wconf 90' lang='lat' dir='ltr'><strong>docuit</strong></span> <span class='ocrx_word' id='word_1_188' title='bbox 333 2117 395 2188; x_wconf 87' lang='lat' dir='ltr'><strong>ipse</strong></span> <span class='ocrx_word' id='word_1_189' title='bbox 409 2114 572 2187; x_wconf 80' lang='lat' dir='ltr'><strong>Dominus,</strong></span> <span class='ocrx_word' id='word_1_190' title='bbox 597 2126 625 2172; x_wconf 89' lang='lat' dir='ltr'><strong>et</strong></span> <span class='ocrx_word' id='word_1_191' title='bbox 639 2113 877 2193; x_wconf 84' lang='lat' dir='ltr'><strong>suffragatricem</strong></span> <span class='ocrx_word' id='word_1_192' title='bbox 891 2119 947 2174; x_wconf 83' lang='lat' dir='ltr'><strong>sibi</strong></span> <span class='ocrx_word' id='word_1_193' title='bbox 960 2116 1113 2172; x_wconf 72' lang='lat' dir='ltr'><strong>adhiberem</strong></span> <span class='ocrx_word' id='word_1_194' title='bbox 1153 2155 1155 2163; x_wconf 93' lang='lat'>.</span> 
     </span>
    </p>

    <p class='ocr_par' dir='ltr' id='par_1_12' title="bbox 123 2199 1113 2275">
     <span class='ocr_line' id='line_1_24' title="bbox 123 2199 1113 2275; baseline 0.001 -23"><span class='ocrx_word' id='word_1_195' title='bbox 123 2205 246 2268; x_wconf 83' lang='lat' dir='ltr'><strong>nentur,</strong></span> <span class='ocrx_word' id='word_1_196' title='bbox 267 2206 297 2253; x_wconf 88' lang='lat' dir='ltr'><strong>et</strong></span> <span class='ocrx_word' id='word_1_197' title='bbox 310 2207 424 2254; x_wconf 87' lang='lat' dir='ltr'><strong>testem.</strong></span> <span class='ocrx_word' id='word_1_198' title='bbox 460 2199 546 2256; x_wconf 87' lang='lat' dir='ltr'><strong>Sicut</strong></span> <span class='ocrx_word' id='word_1_199' title='bbox 559 2200 748 2264; x_wconf 74' lang='lat' dir='ltr'><strong>enimurullus</strong></span> <span class='ocrx_word' id='word_1_200' title='bbox 763 2209 827 2271; x_wconf 89' lang='lat' dir='ltr'><strong>est,</strong></span> <span class='ocrx_word' id='word_1_201' title='bbox 843 2202 996 2275; x_wconf 91' lang='lat' dir='ltr'><strong>inquiunt,</strong></span> <span class='ocrx_word' id='word_1_202' title='bbox 1009 2199 1113 2270; x_wconf 63' lang='lat' dir='ltr'><strong>dicem</strong></span> 
     </span>
    </p>

    <p class='ocr_par' dir='ltr' id='par_1_13' title="bbox 121 2278 1146 2358">
     <span class='ocr_line' id='line_1_25' title="bbox 121 2278 1146 2358; baseline -0.001 -25"><span class='ocrx_word' id='word_1_203' title='bbox 121 2278 326 2352; x_wconf 86' lang='lat' dir='ltr'><strong>oCb1·istianis</strong></span> <span class='ocrx_word' id='word_1_204' title='bbox 339 2279 411 2336; x_wconf 88' lang='lat' dir='ltr'><strong>baec</strong></span> <span class='ocrx_word' id='word_1_205' title='bbox 425 2287 518 2340; x_wconf 88' lang='lat' dir='ltr'><strong>oratio</strong></span> <span class='ocrx_word' id='word_1_206' title='bbox 532 2303 592 2340; x_wconf 87' lang='lat' dir='ltr'><strong>nou</strong></span> <span class='ocrx_word' id='word_1_207' title='bbox 606 2282 730 2340; x_wconf 91' lang='lat' dir='ltr'><strong>dicatur:</strong></span> <span class='ocrx_word' id='word_1_208' title='bbox 759 2285 801 2339; x_wconf 87' lang='lat' dir='ltr'><strong>ita</strong></span> <span class='ocrx_word' id='word_1_209' title='bbox 822 2285 937 2340; x_wconf 88' lang='lat' dir='ltr'><strong>nullum</strong></span> <span class='ocrx_word' id='word_1_210' title='bbox 957 2295 1000 2340; x_wconf 87' lang='lat' dir='ltr'><strong>est</strong></span> <span class='ocrx_word' id='word_1_211' title='bbox 1013 2279 1113 2358; x_wconf 73' lang='lat' dir='ltr'><strong>quotilb</strong></span> <span class='ocrx_word' id='word_1_212' title='bbox 1144 2316 1146 2324; x_wconf 71' lang='lat'><strong>,</strong></span> 
     </span>
    </p>
   </div>
   <div class='ocr_carea' id='block_1_6' title="bbox 120 2336 1156 2457">
    <p class='ocr_par' dir='ltr' id='par_1_14' title="bbox 120 2336 1156 2457">
     <span class='ocr_line' id='line_1_26' title="bbox 120 2336 1156 2457; baseline 0.002 -41"><span class='ocrx_word' id='word_1_213' title='bbox 120 2380 190 2416; x_wconf 92' lang='lat' dir='ltr'><strong>num</strong></span> <span class='ocrx_word' id='word_1_214' title='bbox 216 2364 417 2438; x_wconf 85' lang='lat' dir='ltr'><strong>qualecunque</strong></span> <span class='ocrx_word' id='word_1_215' title='bbox 443 2376 610 2440; x_wconf 82' lang='lat' dir='ltr'><strong>peecatum,</strong></span> <span class='ocrx_word' id='word_1_216' title='bbox 637 2366 713 2441; x_wconf 88' lang='lat' dir='ltr'><strong>quod</strong></span> <span class='ocrx_word' id='word_1_217' title='bbox 729 2386 782 2443; x_wconf 84' lang='lat' dir='ltr'><strong>per</strong></span> <span class='ocrx_word' id='word_1_218' title='bbox 800 2368 882 2424; x_wconf 87' lang='lat' dir='ltr'><strong>illam</strong></span> <span class='ocrx_word' id='word_1_219' title='bbox 906 2385 971 2424; x_wconf 89' lang='lat' dir='ltr'><strong>non·</strong></span> <span class='ocrx_word' id='word_1_220' title='bbox 986 2368 1114 2428; x_wconf 76' lang='lat' dir='ltr'><strong>dimittatur,</strong></span> <span class='ocrx_word' id='word_1_221' title='bbox 1150 2336 1156 2457; x_wconf 57' lang='grc' dir='ltr'><strong>ἱ</strong></span> 
     </span>
    </p>
   </div>
   <div class='ocr_carea' id='block_1_7' title="bbox 25 2445 1115 2526">
    <p class='ocr_par' dir='ltr' id='par_1_15' title="bbox 25 2445 1115 2526">
     <span class='ocr_line' id='line_1_27' title="bbox 25 2445 1115 2526; baseline 0.01 -31"><span class='ocrx_word' id='word_1_222' title='bbox 25 2485 26 2488; x_wconf 63' lang='lat'><strong>,</strong></span> <span class='ocrx_word' id='word_1_223' title='bbox 120 2461 208 2518; x_wconf 91' lang='lat' dir='ltr'><strong>quum</strong></span> <span class='ocrx_word' id='word_1_224' title='bbox 223 2445 364 2518; x_wconf 88' lang='lat' dir='ltr'><strong>dicimus,</strong></span> <span class='ocrx_word' id='word_1_225' title='bbox 391 2447 521 2508; x_wconf 83' lang='lat' dir='ltr'><strong>Dimitte</strong></span> <span class='ocrx_word' id='word_1_226' title='bbox 539 2451 620 2506; x_wconf 84' lang='lat' dir='ltr'><strong>nobis</strong></span> <span class='ocrx_word' id='word_1_227' title='bbox 634 2451 733 2507; x_wconf 84' lang='lat' dir='ltr'><strong>debite</strong></span> <span class='ocrx_word' id='word_1_228' title='bbox 747 2460 872 2508; x_wconf 82' lang='lat' dir='ltr'><strong>nostre:</strong></span> <span class='ocrx_word' id='word_1_229' title='bbox 884 2447 887 2452; x_wconf 76' lang='grc'><em>’</em></span> <span class='ocrx_word' id='word_1_230' title='bbox 900 2453 927 2508; x_wconf 89' lang='lat' dir='ltr'><strong>si</strong></span> <span class='ocrx_word' id='word_1_231' title='bbox 941 2450 1014 2526; x_wconf 93' lang='lat' dir='ltr'><strong>quod</strong></span> <span class='ocrx_word' id='word_1_232' title='bbox 1025 2447 1115 2523; x_wconf 65' lang='lat' dir='ltr'><strong>sequitur</strong></span> 
     </span>
    </p>
   </div>
   <div class='ocr_carea' id='block_1_8' title="bbox 24 2526 1156 3935">
    <p class='ocr_par' dir='ltr' id='par_1_16' title="bbox 119 2526 1110 2600">
     <span class='ocr_line' id='line_1_28' title="bbox 119 2526 1110 2600; baseline 0.007 -20"><span class='ocrx_word' id='word_1_233' title='bbox 119 2526 213 2582; x_wconf 84' lang='lat' dir='ltr'><strong>facere</strong></span> <span class='ocrx_word' id='word_1_234' title='bbox 235 2547 399 2600; x_wconf 69' lang='lat' dir='ltr'><strong>curemus,</strong></span> <span class='ocrx_word' id='word_1_235' title='bbox 413 2535 493 2590; x_wconf 83' lang='lat' dir='ltr'><strong>sient</strong></span> <span class='ocrx_word' id='word_1_236' title='bbox 514 2545 544 2592; x_wconf 89' lang='lat' dir='ltr'><strong>et</strong></span> <span class='ocrx_word' id='word_1_237' title='bbox 563 2551 616 2590; x_wconf 83' lang='lat' dir='ltr'><strong>nos</strong></span> <span class='ocrx_word' id='word_1_238' title='bbox 640 2535 819 2594; x_wconf 82' lang='lat' dir='ltr'><strong>dimittimus</strong></span> <span class='ocrx_word' id='word_1_239' title='bbox 838 2535 1017 2592; x_wconf 80' lang='lat' dir='ltr'><strong>debitoribus</strong></span> <span class='ocrx_word' id='word_1_240' title='bbox 1032 2529 1110 2589; x_wconf 76' lang='lat' dir='ltr'><strong>antri</strong></span> 
     </span>
    </p>

    <p class='ocr_par' dir='ltr' id='par_1_17' title="bbox 55 2608 1114 2694">
     <span class='ocr_line' id='line_1_29' title="bbox 55 2608 1114 2694; baseline 0.004 -28"><span class='ocrx_word' id='word_1_241' title='bbox 55 2681 57 2684; x_wconf 81' lang='lat'>.</span> <span class='ocrx_word' id='word_1_242' title='bbox 119 2608 185 2666; x_wconf 90' lang='lat' dir='ltr'><strong>Nou</strong></span> <span class='ocrx_word' id='word_1_243' title='bbox 200 2613 279 2668; x_wconf 87' lang='lat' dir='ltr'><strong>euim</strong></span> <span class='ocrx_word' id='word_1_244' title='bbox 293 2614 334 2668; x_wconf 92' lang='lat' dir='ltr'><strong>ait</strong></span> <span class='ocrx_word' id='word_1_245' title='bbox 348 2612 506 2688; x_wconf 86' lang='lat' dir='ltr'><strong>Dominus,</strong></span> <span class='ocrx_word' id='word_1_246' title='bbox 520 2609 672 2692; x_wconf 89' lang='lat' dir='ltr'><strong>inquiunt,</strong></span> <span class='ocrx_word' id='word_1_247' title='bbox 699 2615 733 2674; x_wconf 86' lang='lat' dir='ltr'><strong>Si</strong></span> <span class='ocrx_word' id='word_1_248' title='bbox 747 2617 921 2688; x_wconf 75' lang='lat' dir='ltr'><strong>dinriseritis</strong></span> <span class='ocrx_word' id='word_1_249' title='bbox 934 2628 1045 2694; x_wconf 87' lang='lat' dir='ltr'><strong>peecata</strong></span> <span class='ocrx_word' id='word_1_250' title='bbox 1055 2609 1114 2669; x_wconf 77' lang='lat' dir='ltr'><strong>boui·</strong></span> 
     </span>
    </p>

    <p class='ocr_par' dir='ltr' id='par_1_18' title="bbox 119 2692 1116 2776">
     <span class='ocr_line' id='line_1_30' title="bbox 119 2692 1116 2776; baseline 0.003 -28"><span class='ocrx_word' id='word_1_251' title='bbox 119 2692 223 2764; x_wconf 87' lang='lat' dir='ltr'><strong>nibus,</strong></span> <span class='ocrx_word' id='word_1_252' title='bbox 238 2695 365 2751; x_wconf 88' lang='lat' dir='ltr'><strong>dimittet</strong></span> <span class='ocrx_word' id='word_1_253' title='bbox 378 2700 460 2754; x_wconf 88' lang='lat' dir='ltr'><strong>vobis</strong></span> <span class='ocrx_word' id='word_1_254' title='bbox 473 2698 562 2774; x_wconf 89' lang='lat' dir='ltr'><strong>Pater</strong></span> <span class='ocrx_word' id='word_1_255' title='bbox 574 2709 672 2757; x_wconf 83' lang='lat' dir='ltr'><strong>vester</strong></span> <span class='ocrx_word' id='word_1_256' title='bbox 686 2699 858 2775; x_wconf 89' lang='lat' dir='ltr'><strong>quotidiana</strong></span> <span class='ocrx_word' id='word_1_257' title='bbox 871 2721 964 2776; x_wconf 81' lang='lat' dir='ltr'><strong>parra</strong></span> <span class='ocrx_word' id='word_1_258' title='bbox 974 2707 1116 2775; x_wconf 79' lang='lat' dir='ltr'><strong>peccatam·</strong></span> 
     </span>
    </p>

    <p class='ocr_par' dir='ltr' id='par_1_19' title="bbox 53 2777 1156 2944">
     <span class='ocr_line' id='line_1_31' title="bbox 119 2777 1156 2864; baseline 0.009 -36"><span class='ocrx_word' id='word_1_259' title='bbox 119 2783 195 2846; x_wconf 82' lang='lat' dir='ltr'><strong>stra3</strong></span> <span class='ocrx_word' id='word_1_260' title='bbox 210 2777 277 2848; x_wconf 90' lang='lat' dir='ltr'><strong>sed,</strong></span> <span class='ocrx_word' id='word_1_261' title='bbox 289 2779 420 2837; x_wconf 85' lang='lat' dir='ltr'><strong>dimittet</strong></span> <span class='ocrx_word' id='word_1_262' title='bbox 433 2782 526 2852; x_wconf 84' lang='lat' dir='ltr'><strong>nolis,</strong></span> <span class='ocrx_word' id='word_1_263' title='bbox 537 2784 648 2858; x_wconf 91' lang='lat' dir='ltr'><strong>inquit,</strong></span> <span class='ocrx_word' id='word_1_264' title='bbox 655 2795 788 2862; x_wconf 82' lang='lat' dir='ltr'><strong>peecata</strong></span> <span class='ocrx_word' id='word_1_265' title='bbox 799 2796 913 2842; x_wconf 79' lang='lat' dir='ltr'><strong>vestre.</strong></span> <span class='ocrx_word' id='word_1_266' title='bbox 941 2787 1115 2852; x_wconf 78' lang='lat' dir='ltr'><strong>Qualiaeunqu</strong></span> <span class='ocrx_word' id='word_1_267' title='bbox 1155 2839 1156 2864; x_wconf 74' lang='lat'><strong>,</strong></span> 
     </span>
     <span class='ocr_line' id='line_1_32' title="bbox 53 2862 1115 2944; baseline 0.009 -33"><span class='ocrx_word' id='word_1_268' title='bbox 53 2931 56 2936; x_wconf 87' lang='lat'>.</span> <span class='ocrx_word' id='word_1_269' title='bbox 118 2875 189 2934; x_wconf 82' lang='lat' dir='ltr'><strong>ergo</strong></span> <span class='ocrx_word' id='word_1_270' title='bbox 203 2862 251 2918; x_wconf 86' lang='lat' dir='ltr'><strong>vel</strong></span> <span class='ocrx_word' id='word_1_271' title='bbox 264 2870 487 2939; x_wconf 88' lang='lat' dir='ltr'><strong>quantacunque</strong></span> <span class='ocrx_word' id='word_1_272' title='bbox 502 2869 576 2936; x_wconf 85' lang='lat' dir='ltr'><strong>sint,</strong></span> <span class='ocrx_word' id='word_1_273' title='bbox 592 2868 707 2922; x_wconf 84' lang='lat' dir='ltr'><strong>etiamsi</strong></span> <span class='ocrx_word' id='word_1_274' title='bbox 721 2867 853 2941; x_wconf 87' lang='lat' dir='ltr'><strong>quotidie</strong></span> <span class='ocrx_word' id='word_1_275' title='bbox 866 2875 1115 2944; x_wconf 49' lang='lat' dir='ltr'><strong>perperentinus</strong></span> 
     </span>
    </p>

    <p class='ocr_par' dir='ltr' id='par_1_20' title="bbox 40 2939 1115 3026">
     <span class='ocr_line' id='line_1_33' title="bbox 40 2939 1115 3026; baseline 0.007 -33"><span class='ocrx_word' id='word_1_276' title='bbox 40 2945 49 2964; x_wconf 63' lang='lat'>²</span> <span class='ocrx_word' id='word_1_277' title='bbox 116 2939 152 2994; x_wconf 91' lang='lat' dir='ltr'><strong>ab</strong></span> <span class='ocrx_word' id='word_1_278' title='bbox 167 2943 208 2996; x_wconf 87' lang='lat' dir='ltr'><strong>eis</strong></span> <span class='ocrx_word' id='word_1_279' title='bbox 222 2945 283 2998; x_wconf 87' lang='lat' dir='ltr'><strong>vita</strong></span> <span class='ocrx_word' id='word_1_280' title='bbox 297 2943 449 3002; x_wconf 87' lang='lat' dir='ltr'><strong>discedant</strong></span> <span class='ocrx_word' id='word_1_281' title='bbox 464 2945 617 3026; x_wconf 89' lang='lat' dir='ltr'><strong>[discedat]</strong></span> <span class='ocrx_word' id='word_1_282' title='bbox 633 2951 665 3006; x_wconf 90' lang='lat' dir='ltr'><strong>in</strong></span> <span class='ocrx_word' id='word_1_283' title='bbox 679 2945 783 3006; x_wconf 84' lang='lat' dir='ltr'><strong>melius</strong></span> <span class='ocrx_word' id='word_1_284' title='bbox 798 2962 992 3022; x_wconf 87' lang='lat' dir='ltr'><strong>commutata,</strong></span> <span class='ocrx_word' id='word_1_285' title='bbox 1012 2968 1057 3026; x_wconf 84' lang='lat' dir='ltr'><strong>per</strong></span> <span class='ocrx_word' id='word_1_286' title='bbox 1068 2947 1115 3001; x_wconf 80' lang='lat' dir='ltr'><strong>clet-</strong></span> 
     </span>
    </p>

    <p class='ocr_par' dir='ltr' id='par_1_21' title="bbox 30 3021 1115 3112">
     <span class='ocr_line' id='line_1_34' title="bbox 30 3021 1115 3112; baseline 0.006 -37"><span class='ocrx_word' id='word_1_287' title='bbox 30 3073 31 3076; x_wconf 73' lang='grc'>,</span> <span class='ocrx_word' id='word_1_288' title='bbox 115 3039 269 3098; x_wconf 82' lang='lat' dir='ltr'><strong>urosynam</strong></span> <span class='ocrx_word' id='word_1_289' title='bbox 281 3030 386 3084; x_wconf 87' lang='lat' dir='ltr'><strong>veniae</strong></span> <span class='ocrx_word' id='word_1_290' title='bbox 401 3049 462 3086; x_wconf 91' lang='lat' dir='ltr'><strong>non</strong></span> <span class='ocrx_word' id='word_1_291' title='bbox 476 3042 600 3110; x_wconf 78' lang='lat' dir='ltr'><strong>negatae</strong></span> <span class='ocrx_word' id='word_1_292' title='bbox 623 3029 730 3109; x_wconf 76' lang='lat' dir='ltr'><strong>[uenia</strong></span> <span class='ocrx_word' id='word_1_293' title='bbox 743 3021 803 3090; x_wconf 87' lang='lat' dir='ltr'><strong>non</strong></span> <span class='ocrx_word' id='word_1_294' title='bbox 816 3032 945 3112; x_wconf 86' lang='lat' dir='ltr'><strong>negata]</strong></span> <span class='ocrx_word' id='word_1_295' title='bbox 967 3023 1066 3092; x_wconf 84' lang='lat' dir='ltr'><strong>remitti</strong></span> <span class='ocrx_word' id='word_1_296' title='bbox 1082 3022 1115 3083; x_wconf 83' lang='lat' dir='ltr'><strong>sill</strong></span> 
     </span>
    </p>

    <p class='ocr_par' dir='ltr' id='par_1_22' title="bbox 115 3111 988 3182">
     <span class='ocr_line' id='line_1_35' title="bbox 115 3111 988 3182; baseline 0.022 -24"><span class='ocrx_word' id='word_1_297' title='bbox 115 3111 201 3175; x_wconf 80' lang='lat' dir='ltr'><strong>posse</strong></span> <span class='ocrx_word' id='word_1_298' title='bbox 214 3121 410 3182; x_wconf 83' lang='lat' dir='ltr'><strong>praesumunt.</strong></span> <span class='ocrx_word' id='word_1_299' title='bbox 983 3115 988 3119; x_wconf 67' lang='grc'><strong>’</strong></span> 
     </span>
    </p>

    <p class='ocr_par' dir='ltr' id='par_1_23' title="bbox 77 3187 1118 3702">
     <span class='ocr_line' id='line_1_36' title="bbox 180 3187 1115 3276; baseline 0.006 -32"><span class='ocrx_word' id='word_1_300' title='bbox 180 3187 238 3244; x_wconf 86' lang='lat' dir='ltr'><strong>Sed</strong></span> <span class='ocrx_word' id='word_1_301' title='bbox 251 3192 339 3263; x_wconf 87' lang='lat' dir='ltr'><strong>bene,</strong></span> <span class='ocrx_word' id='word_1_302' title='bbox 355 3194 429 3269; x_wconf 91' lang='lat' dir='ltr'><strong>quod</strong></span> <span class='ocrx_word' id='word_1_303' title='bbox 441 3197 491 3252; x_wconf 82' lang='lat' dir='ltr'><strong>isti</strong></span> <span class='ocrx_word' id='word_1_304' title='bbox 501 3197 607 3276; x_wconf 85' lang='lat' dir='ltr'><strong>dignas</strong></span> <span class='ocrx_word' id='word_1_305' title='bbox 619 3218 674 3274; x_wconf 84' lang='lat' dir='ltr'><strong>pro</strong></span> <span class='ocrx_word' id='word_1_306' title='bbox 686 3202 817 3273; x_wconf 86' lang='lat' dir='ltr'><strong>peccatis</strong></span> <span class='ocrx_word' id='word_1_307' title='bbox 832 3211 1018 3260; x_wconf 89' lang='lat' dir='ltr'><strong>commonent</strong></span> <span class='ocrx_word' id='word_1_308' title='bbox 1029 3201 1115 3255; x_wconf 74' lang='lat' dir='ltr'><strong>eleeur</strong></span> 
     </span>
     <span class='ocr_line' id='line_1_37' title="bbox 114 3276 1116 3361; baseline 0.01 -40"><span class='ocrx_word' id='word_1_309' title='bbox 114 3285 206 3342; x_wconf 78' lang='lat' dir='ltr'><strong>synar</strong></span> <span class='ocrx_word' id='word_1_310' title='bbox 219 3291 284 3328; x_wconf 90' lang='lat' dir='ltr'><strong>esse</strong></span> <span class='ocrx_word' id='word_1_311' title='bbox 297 3276 460 3336; x_wconf 86' lang='lat' dir='ltr'><strong>faciendas:</strong></span> <span class='ocrx_word' id='word_1_312' title='bbox 487 3283 625 3355; x_wconf 88' lang='lat' dir='ltr'><strong>quoniam</strong></span> <span class='ocrx_word' id='word_1_313' title='bbox 639 3286 665 3339; x_wconf 90' lang='lat' dir='ltr'><strong>si</strong></span> <span class='ocrx_word' id='word_1_314' title='bbox 678 3282 830 3356; x_wconf 86' lang='lat' dir='ltr'><strong>dicerent,</strong></span> <span class='ocrx_word' id='word_1_315' title='bbox 848 3288 1057 3361; x_wconf 85' lang='lat' dir='ltr'><strong>qualescunque</strong></span> <span class='ocrx_word' id='word_1_316' title='bbox 1067 3279 1116 3334; x_wconf 80' lang='lat' dir='ltr'><strong>eleo·</strong></span> 
     </span>
     <span class='ocr_line' id='line_1_38' title="bbox 114 3359 1117 3446; baseline 0.011 -36"><span class='ocrx_word' id='word_1_317' title='bbox 114 3367 252 3425; x_wconf 71' lang='lat' dir='ltr'><strong>musyum</strong></span> <span class='ocrx_word' id='word_1_318' title='bbox 265 3374 318 3430; x_wconf 87' lang='lat' dir='ltr'><strong>pro</strong></span> <span class='ocrx_word' id='word_1_319' title='bbox 332 3364 460 3431; x_wconf 85' lang='lat' dir='ltr'><strong>peccatis</strong></span> <span class='ocrx_word' id='word_1_320' title='bbox 474 3359 504 3419; x_wconf 80' lang='lat' dir='ltr'><strong>et</strong></span> <span class='ocrx_word' id='word_1_321' title='bbox 518 3366 694 3439; x_wconf 88' lang='lat' dir='ltr'><strong>quotidianis</strong></span> <span class='ocrx_word' id='word_1_322' title='bbox 708 3376 739 3422; x_wconf 91' lang='lat' dir='ltr'><strong>et</strong></span> <span class='ocrx_word' id='word_1_323' title='bbox 750 3371 870 3446; x_wconf 79' lang='lat' dir='ltr'><strong>maguis</strong></span> <span class='ocrx_word' id='word_1_324' title='bbox 885 3381 915 3426; x_wconf 90' lang='lat' dir='ltr'><strong>et</strong></span> <span class='ocrx_word' id='word_1_325' title='bbox 934 3372 1117 3445; x_wconf 62' lang='lat' dir='ltr'><strong>quantacunque</strong></span> 
     </span>
     <span class='ocr_line' id='line_1_39' title="bbox 116 3435 1118 3528; baseline 0.02 -43"><span class='ocrx_word' id='word_1_326' title='bbox 116 3435 260 3495; x_wconf 83' lang='lat' dir='ltr'><strong>scelerum</strong></span> <span class='ocrx_word' id='word_1_327' title='bbox 273 3443 485 3502; x_wconf 86' lang='lat' dir='ltr'><strong>consuetudine</strong></span> <span class='ocrx_word' id='word_1_328' title='bbox 498 3449 729 3506; x_wconf 84' lang='lat' dir='ltr'><strong>misericordiam</strong></span> <span class='ocrx_word' id='word_1_329' title='bbox 741 3470 831 3526; x_wconf 83' lang='lat' dir='ltr'><strong>posse</strong></span> <span class='ocrx_word' id='word_1_330' title='bbox 845 3453 1002 3528; x_wconf 72' lang='lat' dir='ltr'><strong>impetrare</strong></span> <span class='ocrx_word' id='word_1_331' title='bbox 1014 3450 1118 3505; x_wconf 65' lang='lat' dir='ltr'><strong>diuum</strong></span> 
     </span>
     <span class='ocr_line' id='line_1_40' title="bbox 79 3521 1118 3607; baseline 0.023 -45"><span class='ocrx_word' id='word_1_332' title='bbox 79 3559 86 3573; x_wconf 15' lang='grc' dir='ltr'><strong>,χ</strong></span> <span class='ocrx_word' id='word_1_333' title='bbox 113 3521 149 3566; x_wconf 89' lang='lat' dir='ltr'><strong>ut</strong></span> <span class='ocrx_word' id='word_1_334' title='bbox 168 3533 202 3570; x_wconf 90' lang='lat' dir='ltr'><strong>ea</strong></span> <span class='ocrx_word' id='word_1_335' title='bbox 225 3521 395 3592; x_wconf 88' lang='lat' dir='ltr'><strong>quotidiano</strong></span> <span class='ocrx_word' id='word_1_336' title='bbox 418 3531 551 3585; x_wconf 86' lang='lat' dir='ltr'><strong>remissio</strong></span> <span class='ocrx_word' id='word_1_337' title='bbox 572 3542 762 3607; x_wconf 86' lang='lat' dir='ltr'><strong>sequeretur,</strong></span> <span class='ocrx_word' id='word_1_338' title='bbox 789 3530 1118 3594; x_wconf 74' lang='lat' dir='ltr'><strong>viderentremeedieo</strong></span> 
     </span>
     <span class='ocr_line' id='line_1_41' title="bbox 77 3591 1118 3702; baseline 0.031 -60"><span class='ocrx_word' id='word_1_339' title='bbox 77 3637 78 3640; x_wconf 74' lang='grc'>,</span> <span class='ocrx_word' id='word_1_340' title='bbox 114 3591 269 3656; x_wconf 77' lang='lat' dir='ltr'><strong>absurdam</strong></span> <span class='ocrx_word' id='word_1_341' title='bbox 294 3613 381 3680; x_wconf 87' lang='lat' dir='ltr'><strong>atque</strong></span> <span class='ocrx_word' id='word_1_342' title='bbox 407 3609 570 3669; x_wconf 88' lang='lat' dir='ltr'><strong>ridiculam.</strong></span> <span class='ocrx_word' id='word_1_343' title='bbox 614 3605 669 3670; x_wconf 74' lang='lat' dir='ltr'><strong>sie</strong></span> <span class='ocrx_word' id='word_1_344' title='bbox 688 3619 776 3674; x_wconf 86' lang='lat' dir='ltr'><strong>enim</strong></span> <span class='ocrx_word' id='word_1_345' title='bbox 789 3630 971 3702; x_wconf 79' lang='lat' dir='ltr'><strong>cogerentur</strong></span> <span class='ocrx_word' id='word_1_346' title='bbox 986 3615 1062 3675; x_wconf 83' lang='lat' dir='ltr'><strong>fateri</strong></span> <span class='ocrx_word' id='word_1_347' title='bbox 1075 3603 1118 3666; x_wconf 60' lang='lat' dir='ltr'><strong>filli</strong></span> 
     </span>
    </p>

    <p class='ocr_par' dir='ltr' id='par_1_24' title="bbox 24 3689 1119 3935">
     <span class='ocr_line' id='line_1_42' title="bbox 95 3689 1118 3778; baseline 0.033 -55"><span class='ocrx_word' id='word_1_348' title='bbox 95 3769 96 3772; x_wconf 7' lang='grc' dir='ltr'><strong>Ἰ</strong></span> <span class='ocrx_word' id='word_1_349' title='bbox 112 3689 212 3746; x_wconf 82' lang='lat' dir='ltr'><strong>posse,</strong></span> <span class='ocrx_word' id='word_1_350' title='bbox 226 3689 507 3778; x_wconf 28' lang='lat' dir='ltr'><strong>utuopuleutissimus</strong></span> <span class='ocrx_word' id='word_1_351' title='bbox 521 3695 605 3752; x_wconf 91' lang='lat' dir='ltr'><strong>bomo</strong></span> <span class='ocrx_word' id='word_1_352' title='bbox 619 3697 720 3754; x_wconf 87' lang='lat' dir='ltr'><strong>decem</strong></span> <span class='ocrx_word' id='word_1_353' title='bbox 733 3705 895 3760; x_wconf 89' lang='lat' dir='ltr'><strong>nummulis</strong></span> <span class='ocrx_word' id='word_1_354' title='bbox 909 3703 1018 3760; x_wconf 87' lang='lat' dir='ltr'><strong>diurnis</strong></span> <span class='ocrx_word' id='word_1_355' title='bbox 1031 3702 1057 3756; x_wconf 89' lang='lat' dir='ltr'><strong>in</strong></span> <span class='ocrx_word' id='word_1_356' title='bbox 1067 3695 1118 3749; x_wconf 50' lang='grc' dir='ltr'><strong>εἷθ’</strong></span> 
     </span>
     <span class='ocr_line' id='line_1_43' title="bbox 113 3767 1118 3882; baseline 0.043 -81"><span class='ocrx_word' id='word_1_357' title='bbox 113 3767 250 3882; x_wconf 57' lang='lat' dir='ltr'><strong>qrosqnm</strong></span> <span class='ocrx_word' id='word_1_358' title='bbox 264 3772 419 3859; x_wconf 74' lang='lat' dir='ltr'><strong>nupeusis,</strong></span> <span class='ocrx_word' id='word_1_359' title='bbox 432 3773 604 3850; x_wconf 86' lang='lat' dir='ltr'><strong>homicidia,</strong></span> <span class='ocrx_word' id='word_1_360' title='bbox 619 3790 648 3836; x_wconf 90' lang='lat' dir='ltr'><strong>et</strong></span> <span class='ocrx_word' id='word_1_361' title='bbox 660 3781 825 3858; x_wconf 85' lang='lat' dir='ltr'><strong>adulteria,</strong></span> <span class='ocrx_word' id='word_1_362' title='bbox 856 3797 888 3844; x_wconf 85' lang='lat' dir='ltr'><strong>et</strong></span> <span class='ocrx_word' id='word_1_363' title='bbox 901 3779 1011 3844; x_wconf 70' lang='lat' dir='ltr'><strong>nolitia</strong></span> <span class='ocrx_word' id='word_1_364' title='bbox 1022 3787 1118 3859; x_wconf 66' lang='lat' dir='ltr'><strong>quatll‘</strong></span> 
     </span>
     <span class='ocr_line' id='line_1_44' title="bbox 24 3843 1119 3935; baseline 0.039 -53"><span class='ocrx_word' id='word_1_365' title='bbox 24 3885 25 3892; x_wconf 38' lang='lat'><strong>,</strong></span> <span class='ocrx_word' id='word_1_366' title='bbox 126 3843 191 3928; x_wconf 81' lang='lat' dir='ltr'><strong>aeta</strong></span> <span class='ocrx_word' id='word_1_367' title='bbox 214 3843 377 3908; x_wconf 75' lang='lat' dir='ltr'><strong>redimeret.</strong></span> <span class='ocrx_word' id='word_1_368' title='bbox 423 3859 546 3924; x_wconf 71' lang='lat' dir='ltr'><strong>Quodsi</strong></span> <span class='ocrx_word' id='word_1_369' title='bbox 563 3863 810 3935; x_wconf 80' lang='lat' dir='ltr'><strong>absurdissimum</strong></span> <span class='ocrx_word' id='word_1_370' title='bbox 830 3879 862 3928; x_wconf 88' lang='lat' dir='ltr'><strong>et</strong></span> <span class='ocrx_word' id='word_1_371' title='bbox 881 3853 1119 3930; x_wconf 47' lang='lat' dir='ltr'><strong>insanissimum&amp;</strong></span> 
     </span>
    </p>
   </div>
   <div class='ocr_carea' id='block_1_9' title="bbox 0 0 1186 4314">
    <p class='ocr_par' dir='ltr' id='par_1_25' title="bbox 0 0 1186 4314">
     <span class='ocr_line' id='line_1_45' title="bbox 0 0 1186 4314; baseline 0 0"><span class='ocrx_word' id='word_1_372' title='bbox 0 0 1186 4314; x_wconf 95' lang='lat' dir='ltr'><strong> </strong></span> 
     </span>
    </p>
   </div>
  </div>
 </body>
</html>
