2362 4320
248 183 304 242 oa
327 147 542 276 entrare
565 183 646 242 nni
667 185 751 272 mn..
770 185 831 246 x1.
908 227 910 232 -
940 241 944 250 2
997 195 1057 251 aas

21 336 182 394 Exaudisti
194 355 241 392 me
254 335 351 407 Deus,
365 338 504 411 quoniam
517 337 649 416 clamavi.
685 336 744 395 Sed
759 357 825 396 eum
839 338 977 413 dixisset,
992 341 1056 420 Ego

21 422 169 493 clamavi,
192 421 377 494 tanquam'ab
392 440 426 475 eo
441 432 647 494 quaereretur,
673 421 751 476 unde
770 418 801 478 se
820 424 958 478 clamasse
973 443 1056 480 mon-

19 511 144 572 straret,
173 500 208 559 ab
228 501 331 558 effectu
351 503 764 560 exauditionislleielamoris
778 507 823 562 sui
837 506 966 567 ostendit
985 505 1055 562 affe-

3 597 113 656 ·etnm;
140 595 286 659 tanquam,
296 585 421 656 dieeret,
447 583 528 650 Hine
540 585 662 642 ostendo
677 573 816 644 clamasse
829 609 891 659 me,
918 591 1055 664 quoniam

15 669 236 726 exaudistinse.

321 761 323 766 '
417 750 658 810 catlexv.

52 850 130 914 Quid
142 847 363 901 sentiendumss't
379 847 669 969 deeoqnodscgs'ptam
683 859 738 914 est,
758 831 799 902 Ab
810 851 890 903 initio
899 850 1020 904 diabolus

219 935 220 942 ¹
482 934 588 984 perca.
638 947 658 972 ,·

86 1008 156 1064 lllud
172 1009 261 1063 etiam
273 1006 350 1080 quod
363 1008 405 1062 ait
417 1005 453 1062 de
466 1005 580 1068 diabolo
593 1005 736 1079 loannes,
761 1006 805 1065 Ab
819 1009 906 1066 initio
920 1009 1054 1066 diodolus
1130 1047 1134 1064 .

13 1102 141 1171 peceat,
167 1110 231 1162 nou
245 1091 432 1166 intelligunt,
451 1091 478 1144 si
490 1093 624 1146 naturale
639 1102 699 1162 est,
714 1087 893 1154 nullomodo
909 1111 973 1148 esse
984 1112 1053 1167 pee-

19 1185 124 1230 meunt.
147 1173 209 1230 Sed
223 1171 292 1247 quid
304 1171 497 1247 respondetur
509 1172 686 1247 propheticis
700 1176 887 1246 testimoniis,
901 1179 962 1247 sive
977 1177 1053 1250 quod
1148 1171 1168 1240 J

11 1258 121 1314 Esaias
135 1259 196 1328 ait,
215 1254 267 1310 sub
283 1255 409 1332 figurata
422 1273 547 1329 persona
560 1259 701 1331 principis
714 1256 893 1332 Babyloniae
907 1259 1053 1316 diabolum

9 1351 142 1411 nomas,
175 1338 322 1408 Quomodo
336 1339 444 1396 cecidit
457 1333 599 1409 Lucifer,
624 1342 674 1414 qui
686 1331 955 1398 mnne'oriedetnr:
982 1337 1053 1399 Sive
1105 1355 1129 1404 ,’

8 1425 94 1500 quod
108 1421 266 1492 Ezechiel,
292 1417 328 1477 In
345 1421 459 1488 deliciis
474 1423 620 1497 paradisi
632 1421 693 1478 Dei
709 1423 825 1493 fuisti,
851 1409 929 1479 omni
953 1425 1053 1502 lapide

4 1509 159 1583 pretioso
169 1515 292 1561 ornatus
304 1501 355 1560 es?
377 1501 433 1560 Vbi
445 1505 622 1580 intelligitur
635 1504 726 1560 fuisse
740 1506 895 1578 aliqnando
909 1510 973 1563 sine
985 1527 1054 1582 pec-4¹
1095 1531 1102 1540 ’

7 1601 94 1646 eatoa
126 1588 206 1645 Nam
219 1588 389 1660 expressius
401 1587 428 1640 ei
439 1588 525 1660 paulo
537 1597 604 1660 post
617 1587 739 1642 dieitur:
765 1586 934 1645 Ambulaati
945 1592 976 1646 s'n
990 1593 1051 1647 die-

6 1674 63 1729 bus
79 1675 146 1729 tuis
161 1674 226 1726 sine
237 1672 320 1726 vitio.
364 1669 447 1732 Quae
457 1670 489 1724 'si
507 1671 593 1724 aliter
614 1671 836 1726 convenientius
855 1672 982 1750 intelligi
999 1693 1052 1728 ne-

7 1765 145 1829 queunt,
172 1761 284 1827 oportet
302 1747 389 1806 etium
406 1751 479 1808 illud
496 1753 574 1826 qnod
593 1753 703 1809 dietum
721 1761 781 1823 est,
804 1749 841 1808 Ia
853 1755 982 1810 veritate
995 1775 1051 1811 non
1146 1805 1148 1810 .

8 1840 121 1906 stetit,
150 1838 193 1892 sic
206 1837 397 1908 accipiamus,
423 1835 499 1909 quod
520 1836 553 1890 in
570 1836 821 1906 veritateefuerit,
848 1835 899 1891 sed
912 1855 972 1892 non
984 1856 1050 1916 Rer-

7 1922 173 1976 manserit.
215 1917 254 1974 Et
267 1917 355 1989 illud,
384 1918 461 1992 quod
480 1917 515 1974 ab
535 1919 621 1976 initio
641 1919 774 1976 diadolus
792 1929 918 1996 peceat,
943 1938 1002 1976 non
1015 1921 1050 1976 ab

8 2005 104 2060 initio
117 2021 158 2058 ex
170 2021 225 2077 quo
236 2010 349 2058 oreatus
360 2011 405 2058 est
413 2020 535 2075 peecare
545 1995 690 2076 putandus
705 2012 766 2074 est3
779 2002 828 2058 sed
840 2003 874 2058 ab
886 2001 971 2059 initio
983 2023 1050 2078 pec·
1072 2061 1078 2082 ἡ

11 2089 95 2157 eati,
124 2085 205 2160 quod
219 2083 253 2140 ab
267 2085 359 2156 ipsius
373 2085 506 2158 superbia
521 2087 897 2159 eoeperitessepeoentum.
940 2085 1001 2142 Nee
1014 2088 1050 2142 il·
1100 2117 1109 2134 κ

8 2170 63 2225 lud
77 2168 161 2244 qued
175 2169 316 2240 seriptum
329 2176 373 2230 est
382 2169 416 2226 in
430 2167 505 2226 libro
517 2165 582 2238 lob,
597 2187 662 2224 enm
677 2169 712 2224 de
726 2169 947 2226 diabolosermo
962 2156 1049 2241 esset,

10 2250 82 2310 Hoc
97 2262 147 2309 est
160 2253 277 2322 initium
288 2249 466 2326 figmentum
475 2249 613 2320 Domini,
638 2253 715 2329 qnod
720 2253 806 2323 feeit
819 2253 860 2308 ad
873 2253 1050 2310 illudendum
1090 2247 1092 2252 ’

11 2337 50 2392 ab
65 2334 195 2410 Angelis
210 2335 288 2406 suis,
312 2335 359 2387 eui
371 2351 531 2390 consonare
543 2333 657 2390 videtur
671 2337 758 2390 etiam
770 2334 917 2405 Psalmus,
944 2337 993 2391 ubi
1006 2337 1049 2390 le·

11 2421 114 2494 gitur,
139 2414 315 2474 Draco—te
338 2435 419 2492 quem
435 2415 561 2486 finxisti
573 2417 614 2473 nd
625 2418 801 2476 illudendum
815 2419 858 2491 εὴ·
883 2421 925 2474 sie
938 2420 1049 2478 intelli-

3 2501 147 2577 gendum
160 2509 221 2569 est,
248 2508 283 2555 ut
301 2500 500 2559 existimemus
519 2500 606 2562 telem
622 2501 657 2556 ab
676 2501 761 2556 initio
780 2511 924 2572 ereatura,
952 2505 1000 2558 eui
1013 2502 1048 2557 ab

11 2585 137 2662 Angelis
152 2581 340 2654 illuderetur,
355 2580 405 2648 sed
418 2583 450 2636 in
463 2579 516 2638 hae
529 2591 622 2656 poena
635 2593 701 2656 post
714 2591 861 2656 peceatum
874 2584 1047 2642 ordinatum.
1088 2585 1094 2608 '
1144 2589 1145 2596 ’

13 2662 139 2724 initium
163 2683 235 2742 ergo
259 2667 322 2724 eius
344 2665 515 2741 figmentum
539 2675 583 2720 est
602 2665 736 2720 Domini:
766 2681 825 2720 non
841 2667 918 2720 enirn
932 2678 977 2723 est
990 2671 1048 2724 ulla

15 2762 123 2808 natura
141 2750 231 2804 etiam
248 2750 278 2804 in
300 2749 437 2824 extresnis
456 2748 625 2822 infimisque
645 2747 794 2818 bestiolis,
821 2766 905 2823 quam
920 2767 978 2806 non
998 2752 1047 2808 ille

19 2835 188 2901 eonstituit,
211 2850 228 2888 a
243 2851 300 2906 quo
317 2841 360 2886 est
372 2833 466 2887 omnis
480 2831 596 2903 modus,
611 2832 704 2887 omnis
719 2833 843 2904 speeies,
859 2833 952 2888 omnis
966 2833 1046 2904 ordo„
1074 2863 1077 2872 t

14 2919 78 2973 sine
103 2916 211 2992 quibus
236 2913 309 2971 nihil
331 2915 573 2974 reruminveniri
593 2916 640 2970 vel
663 2916 789 2992 eogitari
801 2924 913 2987 potest:
940 2926 1046 2988 quanto

13 3003 109 3078 magis
123 2998 260 3076 angelica
273 3007 424 3065 creatura,
439 3015 511 3070 quae
525 2999 621 3054 omnia
635 3008 749 3054 caetera
762 3016 837 3074 quae
851 2996 933 3054 Deus
944 2996 1045 3054 eondi-

12 3081 70 3156 dit,
94 3093 220 3140 naturae
233 3081 376 3158 dignitate
386 3077 551 3154 praeeedit?
608 3127 609 3146 ,

378 3227 512 3286 ,CAR
544 3225 651 3286 XVI.

10 3327 53 3384 De
59 3329 200 3402 gradibus
209 3336 237 3379 et
248 3324 410 3395 differentiis
421 3334 609 3378 ereaturarum
615 3363 623 3388 ,
644 3327 716 3395 quod
723 3323 804 3380 aliter
811 3327 910 3396 pendet
920 3343 983 3388 usus
993 3327 1047 3382 ati.-

327 3395 430 3457 litatis,
449 3395 530 3445 aliter
541 3393 604 3446 ordo
614 3396 737 3449 rationis.
1125 3403 1128 3410 '

71 3491 106 3547 ln
129 3488 178 3544 his
204 3486 285 3542 enim
305 3481 382 3559 uuae
405 3502 519 3558 quoquo
542 3483 626 3544 modo
651 3495 736 3556 sunt,
764 3494 793 3540 et
811 3505 870 3542 non
885 3495 954 3541 sunt
969 3487 1046 3559 quod

11 3574 92 3633 Deus
106 3583 188 3630 esta
203 3588 261 3644 quo
274 3567 352 3623 faeta
366 3576 456 3636 sunt,
473 3577 690 3642 praeponuntur
700 3571 830 3624 viventia
843 3587 904 3624 non
917 3571 1045 3625 viventi-

12 3659 76 3731 bus;
104 3661 189 3715 sieut
210 3671 246 3708 ea
265 3669 338 3725 quae
354 3647 462 3704 habent
478 3652 538 3706 vim
555 3649 698 3728 gignendi
710 3653 756 3707 vel
771 3653 857 3706 etiam
878 3651 1043 3724 appetendi,

12 3739 53 3798 bis
68 3761 146 3818 quae
161 3742 223 3794 isto
240 3742 322 3790 motu
337 3741 445 3796 carent.
468 3731 507 3788 Et
521 3733 609 3788 iubis
625 3753 698 3808 quae
710 3735 832 3804 vivunt,
858 3752 1043 3808 praeponun-

12 3835 56 3882 tur
67 3821 239 3884 sentientia
252 3835 313 3873 non
328 3815 537 3890 sentientibus,
564 3817 642 3873 sieut
652 3817 804 3890 arboribus
818 3818 963 3874 animalia.
1006 3818 1046 3874 Et
