<?xml version="1.0" encoding="UTF-8"?>
<!DOCTYPE html PUBLIC "-//W3C//DTD XHTML 1.0 Transitional//EN"
    "http://www.w3.org/TR/xhtml1/DTD/xhtml1-transitional.dtd">
<html xmlns="http://www.w3.org/1999/xhtml" xml:lang="en" lang="en">
 <head>
  <title>
</title>
<meta http-equiv="Content-Type" content="text/html;charset=utf-8" />
  <meta name='ocr-system' content='tesseract 3.04.00' />
  <meta name='ocr-capabilities' content='ocr_page ocr_carea ocr_par ocr_line ocrx_word'/>
</head>
<body>
  <div class='ocr_page' id='page_1' title='image "./saureliiaugusti00augugoog_0539.png"; bbox 0 0 2340 4312; ppageno 0'>
   <div class='ocr_carea' id='block_1_1' title="bbox 194 165 1017 420">
    <p class='ocr_par' dir='ltr' id='par_1_1' title="bbox 194 165 1017 420">
     <span class='ocr_line' id='line_1_1' title="bbox 194 165 1017 302; baseline 0.017 -32"><span class='ocrx_word' id='word_1_1' title='bbox 194 171 602 272; x_wconf 74' lang='lat' dir='ltr'><strong>oacrvrrlraosr</strong></span> <span class='ocrx_word' id='word_1_2' title='bbox 625 215 702 272; x_wconf 81' lang='lat' dir='ltr'><strong>ma</strong></span> <span class='ocrx_word' id='word_1_3' title='bbox 726 217 813 274; x_wconf 80' lang='lat' dir='ltr'><strong>xm.</strong></span> <span class='ocrx_word' id='word_1_4' title='bbox 862 165 868 178; x_wconf 22' lang='lat' dir='ltr'>x</span> <span class='ocrx_word' id='word_1_5' title='bbox 956 207 1017 302; x_wconf 70' lang='lat' dir='ltr'><strong>rei</strong></span> 
     </span>
     <span class='ocr_line' id='line_1_2' title="bbox 313 346 707 420; baseline 0.005 -1"><span class='ocrx_word' id='word_1_6' title='bbox 313 357 454 420; x_wconf 70' lang='lat' dir='ltr'><strong>‘cra</strong></span> <span class='ocrx_word' id='word_1_7' title='bbox 499 346 707 420; x_wconf 49' lang='lat' dir='ltr'><strong>xant*</strong></span> 
     </span>
    </p>
   </div>
   <div class='ocr_carea' id='block_1_2' title="bbox 22 439 1015 662">
    <p class='ocr_par' dir='ltr' id='par_1_2' title="bbox 22 439 1015 662">
     <span class='ocr_line' id='line_1_3' title="bbox 22 439 1015 530; baseline 0.008 -21"><span class='ocrx_word' id='word_1_8' title='bbox 22 458 197 526; x_wconf 77' lang='lat' dir='ltr'><strong>ternpora‘bus</strong></span> <span class='ocrx_word' id='word_1_9' title='bbox 210 453 300 526; x_wconf 78' lang='lat' dir='ltr'><strong>Moysi</strong></span> <span class='ocrx_word' id='word_1_10' title='bbox 310 467 336 509; x_wconf 84' lang='lat' dir='ltr'><strong>et</strong></span> <span class='ocrx_word' id='word_1_11' title='bbox 346 459 408 509; x_wconf 84' lang='lat' dir='ltr'><strong>lesa</strong></span> <span class='ocrx_word' id='word_1_12' title='bbox 421 457 507 521; x_wconf 82' lang='lat' dir='ltr'><strong>Noae,</strong></span> <span class='ocrx_word' id='word_1_13' title='bbox 519 475 551 510; x_wconf 86' lang='lat' dir='ltr'><strong>ac</strong></span> <span class='ocrx_word' id='word_1_14' title='bbox 562 439 694 522; x_wconf 79' lang='lat' dir='ltr'><strong>lodicum,</strong></span> <span class='ocrx_word' id='word_1_15' title='bbox 704 451 1015 530; x_wconf 73' lang='lat' dir='ltr'><strong>atqae&#39;exinteltegum:</strong></span> 
     </span>
     <span class='ocr_line' id='line_1_4' title="bbox 39 525 973 596; baseline 0.004 -18"><span class='ocrx_word' id='word_1_16' title='bbox 39 543 162 596; x_wconf 79' lang='lat' dir='ltr'><strong>puerum</strong></span> <span class='ocrx_word' id='word_1_17' title='bbox 171 525 280 596; x_wconf 77' lang='lat' dir='ltr'><strong>quidem</strong></span> <span class='ocrx_word' id='word_1_18' title='bbox 292 525 360 577; x_wconf 79' lang='lat' dir='ltr'><strong>Saul</strong></span> <span class='ocrx_word' id='word_1_19' title='bbox 363 527 469 594; x_wconf 66' lang='lat' dir='ltr'><strong>priseae</strong></span> <span class='ocrx_word' id='word_1_20' title='bbox 480 535 529 590; x_wconf 84' lang='lat' dir='ltr'><strong>eat,</strong></span> <span class='ocrx_word' id='word_1_21' title='bbox 539 527 586 578; x_wconf 79' lang='lat' dir='ltr'><strong>aed</strong></span> <span class='ocrx_word' id='word_1_22' title='bbox 593 525 688 584; x_wconf 82' lang='lat' dir='ltr'><strong>David</strong></span> <span class='ocrx_word' id='word_1_23' title='bbox 692 528 857 596; x_wconf 79' lang='lat' dir='ltr'><strong>praecipuos</strong></span> <span class='ocrx_word' id='word_1_24' title='bbox 867 540 894 582; x_wconf 87' lang='lat' dir='ltr'><strong>et</strong></span> <span class='ocrx_word' id='word_1_25' title='bbox 904 547 945 582; x_wconf 85' lang='lat' dir='ltr'><strong>sa·</strong></span> <span class='ocrx_word' id='word_1_26' title='bbox 971 531 973 534; x_wconf 78' lang='grc'><strong>’</strong></span> 
     </span>
     <span class='ocr_line' id='line_1_5' title="bbox 293 594 722 662; baseline 0.005 -16"><span class='ocrx_word' id='word_1_27' title='bbox 293 603 430 646; x_wconf 84' lang='lat' dir='ltr'><strong>eramento</strong></span> <span class='ocrx_word' id='word_1_28' title='bbox 439 594 553 647; x_wconf 83' lang='lat' dir='ltr'><strong>hebetur</strong></span> <span class='ocrx_word' id='word_1_29' title='bbox 563 604 590 646; x_wconf 86' lang='lat' dir='ltr'><strong>et</strong></span> <span class='ocrx_word' id='word_1_30' title='bbox 599 595 704 648; x_wconf 81' lang='lat' dir='ltr'><strong>merito.</strong></span> <span class='ocrx_word' id='word_1_31' title='bbox 719 657 722 662; x_wconf 18' lang='grc' dir='ltr'>ἱ</span> 
     </span>
    </p>
   </div>
   <div class='ocr_carea' id='block_1_3' title="bbox 22 699 1097 1766">
    <p class='ocr_par' dir='ltr' id='par_1_3' title="bbox 22 699 1079 1190">
     <span class='ocr_line' id='line_1_6' title="bbox 32 699 1079 786; baseline 0.004 -28"><span class='ocrx_word' id='word_1_32' title='bbox 32 699 194 758; x_wconf 76' lang='lat' dir='ltr'><strong>Defuncto</strong></span> <span class='ocrx_word' id='word_1_33' title='bbox 208 699 311 772; x_wconf 89' lang='lat' dir='ltr'><strong>laceb,</strong></span> <span class='ocrx_word' id='word_1_34' title='bbox 338 701 477 758; x_wconf 79' lang='lat' dir='ltr'><strong>defuneto</strong></span> <span class='ocrx_word' id='word_1_35' title='bbox 491 700 713 776; x_wconf 84' lang='lat' dir='ltr'><strong>etiamloseph,</strong></span> <span class='ocrx_word' id='word_1_36' title='bbox 738 703 931 779; x_wconf 76' lang='lat' dir='ltr'><strong>perrellquos</strong></span> <span class='ocrx_word' id='word_1_37' title='bbox 947 723 1016 762; x_wconf 87' lang='lat' dir='ltr'><strong>een·</strong></span> <span class='ocrx_word' id='word_1_38' title='bbox 1067 771 1079 786; x_wconf 36' lang='lat'><em>⁶</em></span> 
     </span>
     <span class='ocr_line' id='line_1_7' title="bbox 22 779 1016 864; baseline 0.002 -24"><span class='ocrx_word' id='word_1_39' title='bbox 22 804 34 840; x_wconf 86' lang='grc' dir='ltr'>ι</span> <span class='ocrx_word' id='word_1_40' title='bbox 50 779 256 860; x_wconf 81' lang='lat' dir='ltr'><strong>quadraginta</strong></span> <span class='ocrx_word' id='word_1_41' title='bbox 269 792 394 856; x_wconf 85' lang='lat' dir='ltr'><strong>quatuor</strong></span> <span class='ocrx_word' id='word_1_42' title='bbox 407 801 513 855; x_wconf 87' lang='lat' dir='ltr'><strong>annes,</strong></span> <span class='ocrx_word' id='word_1_43' title='bbox 527 783 619 839; x_wconf 90' lang='lat' dir='ltr'><strong>donee</strong></span> <span class='ocrx_word' id='word_1_44' title='bbox 633 785 763 840; x_wconf 80' lang='lat' dir='ltr'><strong>exiretur</strong></span> <span class='ocrx_word' id='word_1_45' title='bbox 777 785 812 841; x_wconf 89' lang='lat' dir='ltr'><strong>de</strong></span> <span class='ocrx_word' id='word_1_46' title='bbox 826 796 905 842; x_wconf 90' lang='lat' dir='ltr'><strong>terra</strong></span> <span class='ocrx_word' id='word_1_47' title='bbox 917 787 1016 864; x_wconf 80' lang='lat' dir='ltr'><strong>Aegy-</strong></span> 
     </span>
     <span class='ocr_line' id='line_1_8' title="bbox 38 864 1018 944; baseline 0.004 -23"><span class='ocrx_word' id='word_1_48' title='bbox 38 867 72 922; x_wconf 91' lang='lat' dir='ltr'><strong>in</strong></span> <span class='ocrx_word' id='word_1_49' title='bbox 86 864 213 920; x_wconf 88' lang='lat' dir='ltr'><strong>modum</strong></span> <span class='ocrx_word' id='word_1_50' title='bbox 226 865 427 922; x_wconf 74' lang='lat' dir='ltr'><strong>incredibilem</strong></span> <span class='ocrx_word' id='word_1_51' title='bbox 440 866 491 924; x_wconf 89' lang='lat' dir='ltr'><strong>illa</strong></span> <span class='ocrx_word' id='word_1_52' title='bbox 503 883 580 944; x_wconf 80' lang='lat' dir='ltr'><strong>gens</strong></span> <span class='ocrx_word' id='word_1_53' title='bbox 593 869 698 936; x_wconf 82' lang='lat' dir='ltr'><strong>crevit,</strong></span> <span class='ocrx_word' id='word_1_54' title='bbox 712 869 801 924; x_wconf 87' lang='lat' dir='ltr'><strong>etiam</strong></span> <span class='ocrx_word' id='word_1_55' title='bbox 813 871 902 926; x_wconf 86' lang='lat' dir='ltr'><strong>tantis</strong></span> <span class='ocrx_word' id='word_1_56' title='bbox 916 872 1018 930; x_wconf 85' lang='lat' dir='ltr'><strong>attrita</strong></span> 
     </span>
     <span class='ocr_line' id='line_1_9' title="bbox 22 947 1028 1026; baseline 0.008 -24"><span class='ocrx_word' id='word_1_57' title='bbox 22 947 254 1015; x_wconf 86' lang='lat' dir='ltr'><strong>secutionibus,</strong></span> <span class='ocrx_word' id='word_1_58' title='bbox 277 957 310 1002; x_wconf 91' lang='lat' dir='ltr'><strong>ut</strong></span> <span class='ocrx_word' id='word_1_59' title='bbox 324 947 447 1023; x_wconf 85' lang='lat' dir='ltr'><strong>quodam</strong></span> <span class='ocrx_word' id='word_1_60' title='bbox 460 956 590 1022; x_wconf 88' lang='lat' dir='ltr'><strong>tempore</strong></span> <span class='ocrx_word' id='word_1_61' title='bbox 604 949 666 1004; x_wconf 90' lang='lat' dir='ltr'><strong>nati</strong></span> <span class='ocrx_word' id='word_1_62' title='bbox 684 952 805 1024; x_wconf 86' lang='lat' dir='ltr'><strong>maseuli</strong></span> <span class='ocrx_word' id='word_1_63' title='bbox 827 961 1028 1026; x_wconf 59' lang='lat' dir='ltr'><strong>necarentur„</strong></span> 
     </span>
     <span class='ocr_line' id='line_1_10' title="bbox 22 1029 1017 1106; baseline 0.005 -22"><span class='ocrx_word' id='word_1_64' title='bbox 22 1032 207 1085; x_wconf 77' lang='lat' dir='ltr'><strong>amir-antes</strong></span> <span class='ocrx_word' id='word_1_65' title='bbox 222 1029 383 1106; x_wconf 78' lang='lat' dir='ltr'><strong>Aegyptios</strong></span> <span class='ocrx_word' id='word_1_66' title='bbox 402 1031 493 1086; x_wconf 87' lang='lat' dir='ltr'><strong>nimia</strong></span> <span class='ocrx_word' id='word_1_67' title='bbox 511 1030 610 1105; x_wconf 89' lang='lat' dir='ltr'><strong>pepuli</strong></span> <span class='ocrx_word' id='word_1_68' title='bbox 629 1031 707 1086; x_wconf 91' lang='lat' dir='ltr'><strong>illius</strong></span> <span class='ocrx_word' id='word_1_69' title='bbox 725 1033 906 1089; x_wconf 86' lang='lat' dir='ltr'><strong>incrementa</strong></span> <span class='ocrx_word' id='word_1_70' title='bbox 925 1043 1017 1089; x_wconf 86' lang='lat' dir='ltr'><strong>terre-</strong></span> 
     </span>
     <span class='ocr_line' id='line_1_11' title="bbox 23 1109 1070 1190; baseline 0.005 -24"><span class='ocrx_word' id='word_1_71' title='bbox 23 1121 51 1168; x_wconf 88' lang='lat' dir='ltr'><strong>t.</strong></span> <span class='ocrx_word' id='word_1_72' title='bbox 74 1111 165 1168; x_wconf 89' lang='lat' dir='ltr'><strong>Tunc</strong></span> <span class='ocrx_word' id='word_1_73' title='bbox 178 1109 296 1189; x_wconf 85' lang='lat' dir='ltr'><strong>Moyses</strong></span> <span class='ocrx_word' id='word_1_74' title='bbox 310 1112 474 1170; x_wconf 84' lang='lat' dir='ltr'><strong>subtractus</strong></span> <span class='ocrx_word' id='word_1_75' title='bbox 488 1111 565 1168; x_wconf 84' lang='lat' dir='ltr'><strong>furto</strong></span> <span class='ocrx_word' id='word_1_76' title='bbox 578 1113 805 1190; x_wconf 80' lang='lat' dir='ltr'><strong>trucidatoribus</strong></span> <span class='ocrx_word' id='word_1_77' title='bbox 818 1118 1017 1190; x_wconf 84' lang='lat' dir='ltr'><strong>parvulorum,</strong></span> <span class='ocrx_word' id='word_1_78' title='bbox 1065 1177 1070 1182; x_wconf 58' lang='grc'><em>,</em></span> 
     </span>
    </p>

    <p class='ocr_par' dir='ltr' id='par_1_4' title="bbox 22 1192 1097 1766">
     <span class='ocr_line' id='line_1_12' title="bbox 22 1192 1097 1271; baseline 0.005 -23"><span class='ocrx_word' id='word_1_79' title='bbox 22 1193 147 1250; x_wconf 88' lang='lat' dir='ltr'><strong>domum</strong></span> <span class='ocrx_word' id='word_1_80' title='bbox 161 1195 287 1271; x_wconf 87' lang='lat' dir='ltr'><strong>regiam,</strong></span> <span class='ocrx_word' id='word_1_81' title='bbox 300 1195 434 1271; x_wconf 85' lang='lat' dir='ltr'><strong>ingentia</strong></span> <span class='ocrx_word' id='word_1_82' title='bbox 446 1213 499 1267; x_wconf 88' lang='lat' dir='ltr'><strong>per</strong></span> <span class='ocrx_word' id='word_1_83' title='bbox 509 1213 573 1249; x_wconf 92' lang='lat' dir='ltr'><strong>eum</strong></span> <span class='ocrx_word' id='word_1_84' title='bbox 581 1192 645 1251; x_wconf 87' lang='lat' dir='ltr'><strong>Dee</strong></span> <span class='ocrx_word' id='word_1_85' title='bbox 656 1208 857 1269; x_wconf 73' lang='lat' dir='ltr'><strong>praeparante,</strong></span> <span class='ocrx_word' id='word_1_86' title='bbox 871 1200 1017 1271; x_wconf 83' lang='lat' dir='ltr'><strong>peryenit,</strong></span> <span class='ocrx_word' id='word_1_87' title='bbox 1070 1227 1071 1231; x_wconf 57' lang='lat'><em>=</em></span> <span class='ocrx_word' id='word_1_88' title='bbox 1095 1217 1097 1222; x_wconf 75' lang='grc'>’</span> 
     </span>
     <span class='ocr_line' id='line_1_13' title="bbox 22 1273 1017 1354; baseline 0.004 -23"><span class='ocrx_word' id='word_1_89' title='bbox 22 1278 169 1351; x_wconf 80' lang='lat' dir='ltr'><strong>ritusque</strong></span> <span class='ocrx_word' id='word_1_90' title='bbox 182 1286 213 1332; x_wconf 91' lang='lat' dir='ltr'><strong>et</strong></span> <span class='ocrx_word' id='word_1_91' title='bbox 226 1276 377 1350; x_wconf 83' lang='lat' dir='ltr'><strong>adoptatus</strong></span> <span class='ocrx_word' id='word_1_92' title='bbox 391 1295 409 1332; x_wconf 88' lang='lat' dir='ltr'><strong>a</strong></span> <span class='ocrx_word' id='word_1_93' title='bbox 423 1276 484 1334; x_wconf 84' lang='lat' dir='ltr'><strong>filia</strong></span> <span class='ocrx_word' id='word_1_94' title='bbox 495 1276 683 1354; x_wconf 69' lang='lat' dir='ltr'><strong>Pharaonis,</strong></span> <span class='ocrx_word' id='word_1_95' title='bbox 691 1273 781 1352; x_wconf 89' lang='lat' dir='ltr'><strong>(quod</strong></span> <span class='ocrx_word' id='word_1_96' title='bbox 793 1298 901 1336; x_wconf 88' lang='lat' dir='ltr'><strong>nomen</strong></span> <span class='ocrx_word' id='word_1_97' title='bbox 914 1282 946 1337; x_wconf 90' lang='lat' dir='ltr'><strong>in</strong></span> <span class='ocrx_word' id='word_1_98' title='bbox 958 1282 1017 1337; x_wconf 86' lang='lat' dir='ltr'><strong>Ae·</strong></span> 
     </span>
     <span class='ocr_line' id='line_1_14' title="bbox 22 1355 1085 1437; baseline 0.009 -25"><span class='ocrx_word' id='word_1_99' title='bbox 22 1368 68 1414; x_wconf 72' lang='lat' dir='ltr'><strong>ote</strong></span> <span class='ocrx_word' id='word_1_100' title='bbox 85 1360 224 1415; x_wconf 87' lang='lat' dir='ltr'><strong>omnium</strong></span> <span class='ocrx_word' id='word_1_101' title='bbox 235 1377 340 1435; x_wconf 81' lang='lat' dir='ltr'><strong>regum</strong></span> <span class='ocrx_word' id='word_1_102' title='bbox 352 1355 431 1436; x_wconf 67' lang='lat' dir='ltr'><strong>fitia)</strong></span> <span class='ocrx_word' id='word_1_103' title='bbox 454 1359 487 1415; x_wconf 89' lang='lat' dir='ltr'><strong>in</strong></span> <span class='ocrx_word' id='word_1_104' title='bbox 501 1368 615 1415; x_wconf 86' lang='lat' dir='ltr'><strong>tantum</strong></span> <span class='ocrx_word' id='word_1_105' title='bbox 627 1361 763 1433; x_wconf 86' lang='lat' dir='ltr'><strong>pervenit</strong></span> <span class='ocrx_word' id='word_1_106' title='bbox 774 1363 885 1432; x_wconf 83' lang='lat' dir='ltr'><strong>virum,</strong></span> <span class='ocrx_word' id='word_1_107' title='bbox 911 1373 944 1418; x_wconf 91' lang='lat' dir='ltr'><strong>ut</strong></span> <span class='ocrx_word' id='word_1_108' title='bbox 957 1365 1018 1437; x_wconf 89' lang='lat' dir='ltr'><strong>ipsc</strong></span> <span class='ocrx_word' id='word_1_109' title='bbox 1077 1415 1085 1422; x_wconf 83' lang='lat'>.</span> 
     </span>
     <span class='ocr_line' id='line_1_15' title="bbox 22 1434 1018 1530; baseline 0.004 -32"><span class='ocrx_word' id='word_1_110' title='bbox 22 1457 58 1498; x_wconf 83' lang='lat' dir='ltr'><strong>m</strong></span> <span class='ocrx_word' id='word_1_111' title='bbox 71 1449 197 1519; x_wconf 83' lang='lat' dir='ltr'><strong>gentem</strong></span> <span class='ocrx_word' id='word_1_112' title='bbox 209 1440 382 1514; x_wconf 86' lang='lat' dir='ltr'><strong>mirabiliter</strong></span> <span class='ocrx_word' id='word_1_113' title='bbox 387 1434 626 1530; x_wconf 73' lang='lat' dir='ltr'><strong>puultiplieatam,</strong></span> <span class='ocrx_word' id='word_1_114' title='bbox 641 1459 679 1495; x_wconf 84' lang='lat' dir='ltr'><strong>ex</strong></span> <span class='ocrx_word' id='word_1_115' title='bbox 690 1440 846 1498; x_wconf 85' lang='lat' dir='ltr'><strong>durissimo</strong></span> <span class='ocrx_word' id='word_1_116' title='bbox 861 1453 891 1499; x_wconf 91' lang='lat' dir='ltr'><strong>et</strong></span> <span class='ocrx_word' id='word_1_117' title='bbox 904 1448 1018 1521; x_wconf 81' lang='lat' dir='ltr'><strong>gravis·</strong></span> 
     </span>
     <span class='ocr_line' id='line_1_16' title="bbox 22 1521 1020 1600; baseline 0.008 -25"><span class='ocrx_word' id='word_1_118' title='bbox 22 1541 64 1595; x_wconf 76' lang='lat' dir='ltr'><strong>le,</strong></span> <span class='ocrx_word' id='word_1_119' title='bbox 80 1523 162 1598; x_wconf 87' lang='lat' dir='ltr'><strong>quod</strong></span> <span class='ocrx_word' id='word_1_120' title='bbox 175 1523 218 1578; x_wconf 91' lang='lat' dir='ltr'><strong>ibi</strong></span> <span class='ocrx_word' id='word_1_121' title='bbox 230 1522 353 1595; x_wconf 83' lang='lat' dir='ltr'><strong>ferebat,</strong></span> <span class='ocrx_word' id='word_1_122' title='bbox 371 1525 440 1600; x_wconf 80' lang='lat' dir='ltr'><strong>iugo</strong></span> <span class='ocrx_word' id='word_1_123' title='bbox 455 1524 607 1580; x_wconf 84' lang='lat' dir='ltr'><strong>servitutis</strong></span> <span class='ocrx_word' id='word_1_124' title='bbox 621 1521 873 1595; x_wconf 57' lang='lat' dir='ltr'><strong>extraheretpimo</strong></span> <span class='ocrx_word' id='word_1_125' title='bbox 887 1545 939 1600; x_wconf 91' lang='lat' dir='ltr'><strong>per</strong></span> <span class='ocrx_word' id='word_1_126' title='bbox 953 1546 1020 1584; x_wconf 80' lang='lat' dir='ltr'><strong>eunt</strong></span> 
     </span>
     <span class='ocr_line' id='line_1_17' title="bbox 22 1604 1019 1680; baseline 0.005 -20"><span class='ocrx_word' id='word_1_127' title='bbox 22 1620 74 1678; x_wconf 81' lang='lat' dir='ltr'><strong>us,</strong></span> <span class='ocrx_word' id='word_1_128' title='bbox 99 1608 153 1680; x_wconf 86' lang='lat' dir='ltr'><strong>q&#39;ui</strong></span> <span class='ocrx_word' id='word_1_129' title='bbox 172 1604 229 1660; x_wconf 90' lang='lat' dir='ltr'><strong>hee</strong></span> <span class='ocrx_word' id='word_1_130' title='bbox 247 1607 421 1678; x_wconf 84' lang='lat' dir='ltr'><strong>promiserat</strong></span> <span class='ocrx_word' id='word_1_131' title='bbox 437 1604 579 1663; x_wconf 78' lang='lat' dir='ltr'><strong>Abrahae.</strong></span> <span class='ocrx_word' id='word_1_132' title='bbox 622 1604 707 1661; x_wconf 81' lang='lat' dir='ltr'><strong>Prius</strong></span> <span class='ocrx_word' id='word_1_133' title='bbox 728 1608 833 1680; x_wconf 85' lang='lat' dir='ltr'><strong>quippe</strong></span> <span class='ocrx_word' id='word_1_134' title='bbox 851 1608 958 1663; x_wconf 80' lang='lat' dir='ltr'><strong>exinde</strong></span> <span class='ocrx_word' id='word_1_135' title='bbox 971 1609 1019 1665; x_wconf 86' lang='lat' dir='ltr'><strong>fu-</strong></span> 
     </span>
     <span class='ocr_line' id='line_1_18' title="bbox 22 1686 1044 1766; baseline 0.005 -24"><span class='ocrx_word' id='word_1_136' title='bbox 22 1703 78 1758; x_wconf 85' lang='lat' dir='ltr'><strong>ns,</strong></span> <span class='ocrx_word' id='word_1_137' title='bbox 100 1687 153 1763; x_wconf 89' lang='lat' dir='ltr'><strong>[ad</strong></span> <span class='ocrx_word' id='word_1_138' title='bbox 168 1696 276 1742; x_wconf 86' lang='lat' dir='ltr'><strong>terram</strong></span> <span class='ocrx_word' id='word_1_139' title='bbox 288 1687 406 1745; x_wconf 78' lang='lat' dir='ltr'><strong>Madian</strong></span> <span class='ocrx_word' id='word_1_140' title='bbox 420 1687 530 1766; x_wconf 76' lang='lat' dir='ltr'><strong>fugisse</strong></span> <span class='ocrx_word' id='word_1_141' title='bbox 543 1686 681 1763; x_wconf 87' lang='lat' dir='ltr'><strong>refertur]</strong></span> <span class='ocrx_word' id='word_1_142' title='bbox 700 1688 787 1762; x_wconf 91' lang='lat' dir='ltr'><strong>qued,</strong></span> <span class='ocrx_word' id='word_1_143' title='bbox 802 1707 889 1763; x_wconf 89' lang='lat' dir='ltr'><strong>quum</strong></span> <span class='ocrx_word' id='word_1_144' title='bbox 902 1688 1019 1746; x_wconf 82' lang='lat' dir='ltr'><strong>Israeli·</strong></span> <span class='ocrx_word' id='word_1_145' title='bbox 1043 1727 1044 1730; x_wconf 59' lang='lat'><em>=</em></span> 
     </span>
    </p>
   </div>
   <div class='ocr_carea' id='block_1_4' title="bbox 22 1769 1140 2019">
    <p class='ocr_par' dir='ltr' id='par_1_5' title="bbox 22 1769 1140 2019">
     <span class='ocr_line' id='line_1_19' title="bbox 22 1769 1126 1847; baseline 0.008 -26"><span class='ocrx_word' id='word_1_146' title='bbox 22 1785 33 1821; x_wconf 90' lang='grc' dir='ltr'>ι</span> <span class='ocrx_word' id='word_1_147' title='bbox 51 1769 237 1839; x_wconf 85' lang='lat' dir='ltr'><strong>defenderet,</strong></span> <span class='ocrx_word' id='word_1_148' title='bbox 250 1770 428 1846; x_wconf 82' lang='lat' dir='ltr'><strong>Aegyptium</strong></span> <span class='ocrx_word' id='word_1_149' title='bbox 441 1770 596 1840; x_wconf 88' lang='lat' dir='ltr'><strong>occiderat,</strong></span> <span class='ocrx_word' id='word_1_150' title='bbox 611 1773 775 1836; x_wconf 82' lang='lat' dir='ltr'><strong>atterritus</strong></span> <span class='ocrx_word' id='word_1_151' title='bbox 789 1771 900 1843; x_wconf 81' lang='lat' dir='ltr'><strong>fuerat3</strong></span> <span class='ocrx_word' id='word_1_152' title='bbox 916 1783 1028 1847; x_wconf 87' lang='lat' dir='ltr'><strong>postea</strong></span> <span class='ocrx_word' id='word_1_153' title='bbox 1094 1781 1097 1792; x_wconf 64' lang='lat'><em>¹</em></span> <span class='ocrx_word' id='word_1_154' title='bbox 1119 1771 1126 1777; x_wconf 81' lang='grc'><strong>’</strong></span> 
     </span>
     <span class='ocr_line' id='line_1_20' title="bbox 22 1843 1140 1927; baseline 0.006 -23"><span class='ocrx_word' id='word_1_155' title='bbox 22 1850 123 1908; x_wconf 87' lang='lat' dir='ltr'><strong>initus</strong></span> <span class='ocrx_word' id='word_1_156' title='bbox 138 1852 248 1906; x_wconf 83' lang='lat' dir='ltr'><strong>missus</strong></span> <span class='ocrx_word' id='word_1_157' title='bbox 261 1853 294 1906; x_wconf 89' lang='lat' dir='ltr'><strong>in</strong></span> <span class='ocrx_word' id='word_1_158' title='bbox 306 1861 452 1926; x_wconf 78' lang='lat' dir='ltr'><strong>potestate</strong></span> <span class='ocrx_word' id='word_1_159' title='bbox 465 1843 592 1927; x_wconf 84' lang='lat' dir='ltr'><strong>Spiritus</strong></span> <span class='ocrx_word' id='word_1_160' title='bbox 606 1852 664 1910; x_wconf 90' lang='lat' dir='ltr'><strong>Dei</strong></span> <span class='ocrx_word' id='word_1_161' title='bbox 683 1856 834 1925; x_wconf 74' lang='lat' dir='ltr'><strong>superauit</strong></span> <span class='ocrx_word' id='word_1_162' title='bbox 845 1856 1020 1910; x_wconf 83' lang='lat' dir='ltr'><strong>resistentes</strong></span> <span class='ocrx_word' id='word_1_163' title='bbox 1101 1915 1102 1918; x_wconf 8' lang='grc' dir='ltr'><strong>Ἴ</strong></span> <span class='ocrx_word' id='word_1_164' title='bbox 1139 1877 1140 1884; x_wconf 54' lang='grc'><strong>“</strong></span> 
     </span>
     <span class='ocr_line' id='line_1_21' title="bbox 22 1930 1117 2019; baseline 0.003 -29"><span class='ocrx_word' id='word_1_165' title='bbox 22 1930 143 1991; x_wconf 75' lang='lat' dir='ltr'><strong>araonis</strong></span> <span class='ocrx_word' id='word_1_166' title='bbox 158 1951 270 2010; x_wconf 80' lang='lat' dir='ltr'><strong>magos.</strong></span> <span class='ocrx_word' id='word_1_167' title='bbox 305 1932 389 1989; x_wconf 89' lang='lat' dir='ltr'><strong>Tune</strong></span> <span class='ocrx_word' id='word_1_168' title='bbox 402 1953 454 2007; x_wconf 91' lang='lat' dir='ltr'><strong>per</strong></span> <span class='ocrx_word' id='word_1_169' title='bbox 468 1954 533 1990; x_wconf 87' lang='lat' dir='ltr'><strong>eum</strong></span> <span class='ocrx_word' id='word_1_170' title='bbox 545 1935 698 2012; x_wconf 80' lang='lat' dir='ltr'><strong>Aegyptiis</strong></span> <span class='ocrx_word' id='word_1_171' title='bbox 717 1937 816 1992; x_wconf 88' lang='lat' dir='ltr'><strong>illatae</strong></span> <span class='ocrx_word' id='word_1_172' title='bbox 833 1946 902 1992; x_wconf 81' lang='lat' dir='ltr'><strong>sunt</strong></span> <span class='ocrx_word' id='word_1_173' title='bbox 920 1937 1019 1998; x_wconf 82' lang='lat' dir='ltr'><strong>decem</strong></span> <span class='ocrx_word' id='word_1_174' title='bbox 1034 1947 1035 1950; x_wconf 76' lang='grc'>’</span> <span class='ocrx_word' id='word_1_175' title='bbox 1112 2009 1117 2019; x_wconf 68' lang='lat'><strong>,</strong></span> 
     </span>
    </p>
   </div>
   <div class='ocr_carea' id='block_1_5' title="bbox 22 2015 1019 2342">
    <p class='ocr_par' dir='ltr' id='par_1_6' title="bbox 22 2015 1019 2342">
     <span class='ocr_line' id='line_1_22' title="bbox 22 2015 1019 2094; baseline 0.005 -22"><span class='ocrx_word' id='word_1_176' title='bbox 22 2018 185 2074; x_wconf 81' lang='lat' dir='ltr'><strong>morabiles</strong></span> <span class='ocrx_word' id='word_1_177' title='bbox 198 2018 313 2093; x_wconf 87' lang='lat' dir='ltr'><strong>plagae,</strong></span> <span class='ocrx_word' id='word_1_178' title='bbox 327 2034 416 2090; x_wconf 90' lang='lat' dir='ltr'><strong>quum</strong></span> <span class='ocrx_word' id='word_1_179' title='bbox 429 2015 575 2072; x_wconf 87' lang='lat' dir='ltr'><strong>dimittere</strong></span> <span class='ocrx_word' id='word_1_180' title='bbox 588 2021 726 2091; x_wconf 90' lang='lat' dir='ltr'><strong>populum</strong></span> <span class='ocrx_word' id='word_1_181' title='bbox 736 2017 794 2074; x_wconf 91' lang='lat' dir='ltr'><strong>Dei</strong></span> <span class='ocrx_word' id='word_1_182' title='bbox 807 2021 928 2089; x_wconf 85' lang='lat' dir='ltr'><strong>nollent,</strong></span> <span class='ocrx_word' id='word_1_183' title='bbox 943 2037 1019 2094; x_wconf 88' lang='lat' dir='ltr'><strong>aqua</strong></span> 
     </span>
     <span class='ocr_line' id='line_1_23' title="bbox 22 2099 1018 2177; baseline 0.002 -21"><span class='ocrx_word' id='word_1_184' title='bbox 22 2101 203 2177; x_wconf 66' lang='lat' dir='ltr'><strong>sanguinem</strong></span> <span class='ocrx_word' id='word_1_185' title='bbox 214 2103 316 2168; x_wconf 80' lang='lat' dir='ltr'><strong>versa,</strong></span> <span class='ocrx_word' id='word_1_186' title='bbox 329 2117 419 2155; x_wconf 86' lang='lat' dir='ltr'><strong>ranae</strong></span> <span class='ocrx_word' id='word_1_187' title='bbox 433 2110 463 2155; x_wconf 89' lang='lat' dir='ltr'><strong>et</strong></span> <span class='ocrx_word' id='word_1_188' title='bbox 477 2099 646 2173; x_wconf 80' lang='lat' dir='ltr'><strong>scyniphes,</strong></span> <span class='ocrx_word' id='word_1_189' title='bbox 658 2103 824 2176; x_wconf 81' lang='lat' dir='ltr'><strong>cynomyia,</strong></span> <span class='ocrx_word' id='word_1_190' title='bbox 838 2120 917 2157; x_wconf 90' lang='lat' dir='ltr'><strong>mors</strong></span> <span class='ocrx_word' id='word_1_191' title='bbox 930 2119 1018 2176; x_wconf 80' lang='lat' dir='ltr'><strong>peeo-</strong></span> 
     </span>
     <span class='ocr_line' id='line_1_24' title="bbox 22 2181 1016 2262; baseline 0.004 -24"><span class='ocrx_word' id='word_1_192' title='bbox 22 2198 54 2252; x_wconf 80' lang='lat' dir='ltr'><strong>a,</strong></span> <span class='ocrx_word' id='word_1_193' title='bbox 67 2185 181 2252; x_wconf 89' lang='lat' dir='ltr'><strong>ulcera,</strong></span> <span class='ocrx_word' id='word_1_194' title='bbox 195 2181 320 2257; x_wconf 82' lang='lat' dir='ltr'><strong>grande,</strong></span> <span class='ocrx_word' id='word_1_195' title='bbox 334 2183 459 2252; x_wconf 81' lang='lat' dir='ltr'><strong>locusta,</strong></span> <span class='ocrx_word' id='word_1_196' title='bbox 482 2183 629 2260; x_wconf 82' lang='lat' dir='ltr'><strong>tenebrae,</strong></span> <span class='ocrx_word' id='word_1_197' title='bbox 652 2203 730 2240; x_wconf 89' lang='lat' dir='ltr'><strong>mors</strong></span> <span class='ocrx_word' id='word_1_198' title='bbox 744 2186 1016 2262; x_wconf 81' lang='lat' dir='ltr'><strong>primogenitorum.</strong></span> 
     </span>
     <span class='ocr_line' id='line_1_25' title="bbox 30 2259 1018 2342; baseline 0.005 -23"><span class='ocrx_word' id='word_1_199' title='bbox 30 2275 205 2322; x_wconf 81' lang='lat' dir='ltr'><strong>extremum</strong></span> <span class='ocrx_word' id='word_1_200' title='bbox 214 2264 373 2334; x_wconf 57' lang='lat' dir='ltr'><strong>hareditas,</strong></span> <span class='ocrx_word' id='word_1_201' title='bbox 387 2259 458 2338; x_wconf 89' lang='lat' dir='ltr'><strong>quos</strong></span> <span class='ocrx_word' id='word_1_202' title='bbox 471 2267 565 2342; x_wconf 82' lang='lat' dir='ltr'><strong>plagis</strong></span> <span class='ocrx_word' id='word_1_203' title='bbox 580 2275 624 2321; x_wconf 92' lang='lat' dir='ltr'><strong>tot</strong></span> <span class='ocrx_word' id='word_1_204' title='bbox 636 2269 790 2342; x_wconf 83' lang='lat' dir='ltr'><strong>tantisque</strong></span> <span class='ocrx_word' id='word_1_205' title='bbox 798 2267 936 2341; x_wconf 79' lang='lat' dir='ltr'><strong>perfracti</strong></span> <span class='ocrx_word' id='word_1_206' title='bbox 951 2277 1018 2324; x_wconf 92' lang='lat' dir='ltr'><strong>tan·</strong></span> 
     </span>
    </p>
   </div>
   <div class='ocr_carea' id='block_1_6' title="bbox 22 2345 1123 2425">
    <p class='ocr_par' dir='ltr' id='par_1_7' title="bbox 22 2345 1123 2425">
     <span class='ocr_line' id='line_1_26' title="bbox 22 2345 1123 2425; baseline 0.006 -25"><span class='ocrx_word' id='word_1_207' title='bbox 22 2363 43 2400; x_wconf 86' lang='lat' dir='ltr'><strong>n</strong></span> <span class='ocrx_word' id='word_1_208' title='bbox 58 2345 219 2422; x_wconf 85' lang='lat' dir='ltr'><strong>aliquando</strong></span> <span class='ocrx_word' id='word_1_209' title='bbox 234 2345 419 2417; x_wconf 86' lang='lat' dir='ltr'><strong>dimiserant,</strong></span> <span class='ocrx_word' id='word_1_210' title='bbox 446 2348 586 2424; x_wconf 82' lang='lat' dir='ltr'><strong>Aegyptii</strong></span> <span class='ocrx_word' id='word_1_211' title='bbox 604 2349 635 2403; x_wconf 89' lang='lat' dir='ltr'><strong>in</strong></span> <span class='ocrx_word' id='word_1_212' title='bbox 650 2352 724 2404; x_wconf 86' lang='lat' dir='ltr'><strong>mari</strong></span> <span class='ocrx_word' id='word_1_213' title='bbox 737 2349 824 2405; x_wconf 89' lang='lat' dir='ltr'><strong>rubro</strong></span> <span class='ocrx_word' id='word_1_214' title='bbox 839 2351 905 2406; x_wconf 90' lang='lat' dir='ltr'><strong>dum</strong></span> <span class='ocrx_word' id='word_1_215' title='bbox 918 2369 1018 2425; x_wconf 81' lang='lat' dir='ltr'><strong>perae·</strong></span> <span class='ocrx_word' id='word_1_216' title='bbox 1089 2364 1100 2396; x_wconf 48' lang='grc' dir='ltr'><strong><em>ἰ</em></strong></span> <span class='ocrx_word' id='word_1_217' title='bbox 1120 2366 1123 2370; x_wconf 74' lang='grc'><em>’</em></span> 
     </span>
    </p>
   </div>
   <div class='ocr_carea' id='block_1_7' title="bbox 22 2422 1018 2504">
    <p class='ocr_par' dir='ltr' id='par_1_8' title="bbox 22 2422 1018 2504">
     <span class='ocr_line' id='line_1_27' title="bbox 22 2422 1018 2504; baseline 0.008 -24"><span class='ocrx_word' id='word_1_218' title='bbox 22 2439 111 2486; x_wconf 83' lang='lat' dir='ltr'><strong>antur</strong></span> <span class='ocrx_word' id='word_1_219' title='bbox 125 2430 268 2484; x_wconf 83' lang='lat' dir='ltr'><strong>exstincti</strong></span> <span class='ocrx_word' id='word_1_220' title='bbox 281 2437 359 2486; x_wconf 82' lang='lat' dir='ltr'><strong>runt.</strong></span> <span class='ocrx_word' id='word_1_221' title='bbox 390 2427 454 2486; x_wconf 84' lang='lat' dir='ltr'><strong>lllis</strong></span> <span class='ocrx_word' id='word_1_222' title='bbox 472 2422 769 2504; x_wconf 70' lang='lat' dir='ltr'><strong>quippc&#39;abeun‘tibus</strong></span> <span class='ocrx_word' id='word_1_223' title='bbox 791 2431 917 2488; x_wconf 86' lang='lat' dir='ltr'><strong>divisum</strong></span> <span class='ocrx_word' id='word_1_224' title='bbox 937 2452 1018 2489; x_wconf 81' lang='lat' dir='ltr'><strong>arare</strong></span> 
     </span>
    </p>
   </div>
   <div class='ocr_carea' id='block_1_8' title="bbox 22 2509 1101 2586">
    <p class='ocr_par' dir='ltr' id='par_1_9' title="bbox 22 2509 1101 2586">
     <span class='ocr_line' id='line_1_28' title="bbox 22 2509 1101 2586; baseline -0.002 -18"><span class='ocrx_word' id='word_1_225' title='bbox 22 2512 159 2568; x_wconf 82' lang='lat' dir='ltr'><strong>miecit:</strong></span> <span class='ocrx_word' id='word_1_226' title='bbox 186 2509 238 2566; x_wconf 89' lang='lat' dir='ltr'><strong>hos</strong></span> <span class='ocrx_word' id='word_1_227' title='bbox 259 2521 358 2568; x_wconf 88' lang='lat' dir='ltr'><strong>autem</strong></span> <span class='ocrx_word' id='word_1_228' title='bbox 370 2513 561 2586; x_wconf 84' lang='lat' dir='ltr'><strong>insequentes</strong></span> <span class='ocrx_word' id='word_1_229' title='bbox 575 2514 607 2566; x_wconf 91' lang='lat' dir='ltr'><strong>in</strong></span> <span class='ocrx_word' id='word_1_230' title='bbox 622 2530 653 2567; x_wconf 91' lang='lat' dir='ltr'><strong>se</strong></span> <span class='ocrx_word' id='word_1_231' title='bbox 666 2513 783 2567; x_wconf 86' lang='lat' dir='ltr'><strong>rediens</strong></span> <span class='ocrx_word' id='word_1_232' title='bbox 796 2513 874 2568; x_wconf 86' lang='lat' dir='ltr'><strong>unda</strong></span> <span class='ocrx_word' id='word_1_233' title='bbox 888 2515 1018 2571; x_wconf 90' lang='lat' dir='ltr'><strong>submer-</strong></span> <span class='ocrx_word' id='word_1_234' title='bbox 1047 2531 1071 2552; x_wconf 62' lang='lat'><strong>²</strong></span> <span class='ocrx_word' id='word_1_235' title='bbox 1099 2559 1101 2566; x_wconf 89' lang='grc'><em>,</em></span> 
     </span>
    </p>
   </div>
   <div class='ocr_carea' id='block_1_9' title="bbox 22 2586 1103 3079">
    <p class='ocr_par' dir='ltr' id='par_1_10' title="bbox 22 2586 1103 3079">
     <span class='ocr_line' id='line_1_29' title="bbox 51 2586 1103 2674; baseline 0.001 -22"><span class='ocrx_word' id='word_1_236' title='bbox 51 2593 169 2652; x_wconf 90' lang='lat' dir='ltr'><strong>Deinde</strong></span> <span class='ocrx_word' id='word_1_237' title='bbox 182 2612 235 2674; x_wconf 62' lang='lat' dir='ltr'><strong>per</strong></span> <span class='ocrx_word' id='word_1_238' title='bbox 247 2612 341 2650; x_wconf 89' lang='lat' dir='ltr'><strong>annos</strong></span> <span class='ocrx_word' id='word_1_239' title='bbox 355 2593 565 2670; x_wconf 84' lang='lat' dir='ltr'><strong>quadraginta,</strong></span> <span class='ocrx_word' id='word_1_240' title='bbox 590 2592 663 2648; x_wconf 89' lang='lat' dir='ltr'><strong>duce</strong></span> <span class='ocrx_word' id='word_1_241' title='bbox 676 2593 794 2667; x_wconf 85' lang='lat' dir='ltr'><strong>Moyse,</strong></span> <span class='ocrx_word' id='word_1_242' title='bbox 818 2593 877 2649; x_wconf 89' lang='lat' dir='ltr'><strong>Dei</strong></span> <span class='ocrx_word' id='word_1_243' title='bbox 894 2586 1021 2668; x_wconf 59' lang='lat' dir='ltr'><strong>populus,</strong></span> <span class='ocrx_word' id='word_1_244' title='bbox 1097 2619 1103 2628; x_wconf 62' lang='grc'><em>“</em></span> 
     </span>
     <span class='ocr_line' id='line_1_30' title="bbox 22 2664 1081 2750; baseline 0.001 -18"><span class='ocrx_word' id='word_1_245' title='bbox 22 2688 26 2702; x_wconf 81' lang='grc'><strong>“</strong></span> <span class='ocrx_word' id='word_1_246' title='bbox 47 2677 197 2750; x_wconf 64' lang='lat' dir='ltr'><strong>desertum</strong></span> <span class='ocrx_word' id='word_1_247' title='bbox 211 2664 292 2736; x_wconf 80' lang='lat' dir='ltr'><strong>aetus</strong></span> <span class='ocrx_word' id='word_1_248' title='bbox 307 2686 368 2747; x_wconf 84' lang='lat' dir='ltr'><strong>est,</strong></span> <span class='ocrx_word' id='word_1_249' title='bbox 390 2677 505 2750; x_wconf 88' lang='lat' dir='ltr'><strong>quando</strong></span> <span class='ocrx_word' id='word_1_250' title='bbox 518 2671 930 2731; x_wconf 74' lang='lat' dir='ltr'><strong>Tabernaeulum&#39;tcstimonii</strong></span> <span class='ocrx_word' id='word_1_251' title='bbox 942 2697 1018 2734; x_wconf 89' lang='lat' dir='ltr'><strong>nun·</strong></span> <span class='ocrx_word' id='word_1_252' title='bbox 1077 2705 1081 2726; x_wconf 61' lang='lat' dir='ltr'><strong>r</strong></span> 
     </span>
     <span class='ocr_line' id='line_1_31' title="bbox 22 2758 1017 2832; baseline 0.003 -19"><span class='ocrx_word' id='word_1_253' title='bbox 22 2768 121 2824; x_wconf 63' lang='lat' dir='ltr'><strong>&gt;atum</strong></span> <span class='ocrx_word' id='word_1_254' title='bbox 136 2768 196 2828; x_wconf 86' lang='lat' dir='ltr'><strong>est,</strong></span> <span class='ocrx_word' id='word_1_255' title='bbox 215 2760 265 2814; x_wconf 91' lang='lat' dir='ltr'><strong>ubi</strong></span> <span class='ocrx_word' id='word_1_256' title='bbox 279 2758 360 2814; x_wconf 78' lang='lat' dir='ltr'><strong>D&#39;eus</strong></span> <span class='ocrx_word' id='word_1_257' title='bbox 375 2759 527 2814; x_wconf 85' lang='lat' dir='ltr'><strong>sacrifieiis</strong></span> <span class='ocrx_word' id='word_1_258' title='bbox 540 2758 639 2813; x_wconf 80' lang='lat' dir='ltr'><strong>futura</strong></span> <span class='ocrx_word' id='word_1_259' title='bbox 650 2758 925 2832; x_wconf 76' lang='lat' dir='ltr'><strong>praenuntiantibus</strong></span> <span class='ocrx_word' id='word_1_260' title='bbox 939 2763 1017 2816; x_wconf 88' lang='lat' dir='ltr'><strong>cele-</strong></span> 
     </span>
     <span class='ocr_line' id='line_1_32' title="bbox 22 2840 1018 2922; baseline 0.002 -28"><span class='ocrx_word' id='word_1_261' title='bbox 22 2853 84 2896; x_wconf 71' lang='lat' dir='ltr'><strong>tur:</strong></span> <span class='ocrx_word' id='word_1_262' title='bbox 106 2859 194 2915; x_wconf 81' lang='lat' dir='ltr'><strong>quum</strong></span> <span class='ocrx_word' id='word_1_263' title='bbox 207 2842 320 2898; x_wconf 88' lang='lat' dir='ltr'><strong>scilieet</strong></span> <span class='ocrx_word' id='word_1_264' title='bbox 330 2843 391 2922; x_wconf 22' lang='lat' dir='ltr'><strong>Viam</strong></span> <span class='ocrx_word' id='word_1_265' title='bbox 405 2840 472 2896; x_wconf 90' lang='lat' dir='ltr'><strong>data</strong></span> <span class='ocrx_word' id='word_1_266' title='bbox 484 2842 534 2896; x_wconf 81' lang='lat' dir='ltr'><strong>lex</strong></span> <span class='ocrx_word' id='word_1_267' title='bbox 546 2841 652 2896; x_wconf 83' lang='lat' dir='ltr'><strong>fuisset</strong></span> <span class='ocrx_word' id='word_1_268' title='bbox 666 2842 697 2896; x_wconf 91' lang='lat' dir='ltr'><strong>in</strong></span> <span class='ocrx_word' id='word_1_269' title='bbox 710 2849 810 2897; x_wconf 88' lang='lat' dir='ltr'><strong>moute</strong></span> <span class='ocrx_word' id='word_1_270' title='bbox 823 2841 945 2897; x_wconf 80' lang='lat' dir='ltr'><strong>naultum</strong></span> <span class='ocrx_word' id='word_1_271' title='bbox 957 2851 1018 2896; x_wconf 84' lang='lat' dir='ltr'><strong>ter-</strong></span> 
     </span>
     <span class='ocr_line' id='line_1_33' title="bbox 23 2919 1054 2998; baseline 0.008 -27"><span class='ocrx_word' id='word_1_272' title='bbox 23 2919 125 2993; x_wconf 87' lang='lat' dir='ltr'><strong>iliter;</strong></span> <span class='ocrx_word' id='word_1_273' title='bbox 140 2924 332 2984; x_wconf 84' lang='lat' dir='ltr'><strong>attestabatur</strong></span> <span class='ocrx_word' id='word_1_274' title='bbox 344 2925 423 2979; x_wconf 92' lang='lat' dir='ltr'><strong>enim</strong></span> <span class='ocrx_word' id='word_1_275' title='bbox 436 2924 654 2979; x_wconf 84' lang='lat' dir='ltr'><strong>evidentissima</strong></span> <span class='ocrx_word' id='word_1_276' title='bbox 665 2923 846 2978; x_wconf 87' lang='lat' dir='ltr'><strong>mirabilibus</strong></span> <span class='ocrx_word' id='word_1_277' title='bbox 860 2923 953 2998; x_wconf 82' lang='lat' dir='ltr'><strong>signis</strong></span> <span class='ocrx_word' id='word_1_278' title='bbox 966 2939 1018 2978; x_wconf 78' lang='lat' dir='ltr'><strong>so·</strong></span> <span class='ocrx_word' id='word_1_279' title='bbox 1042 2947 1054 2966; x_wconf 51' lang='grc' dir='ltr'>κ</span> 
     </span>
     <span class='ocr_line' id='line_1_34' title="bbox 22 3002 1019 3079; baseline 0 -21"><span class='ocrx_word' id='word_1_280' title='bbox 22 3017 124 3079; x_wconf 68' lang='lat' dir='ltr'><strong>*usque</strong></span> <span class='ocrx_word' id='word_1_281' title='bbox 140 3002 289 3061; x_wconf 81' lang='lat' dir='ltr'><strong>divinitas.</strong></span> <span class='ocrx_word' id='word_1_282' title='bbox 320 3006 404 3072; x_wconf 78' lang='lat' dir='ltr'><strong>Quod</strong></span> <span class='ocrx_word' id='word_1_283' title='bbox 416 3006 528 3062; x_wconf 79' lang='lat' dir='ltr'><strong>faetum&#39;</strong></span> <span class='ocrx_word' id='word_1_284' title='bbox 541 3013 587 3060; x_wconf 89' lang='lat' dir='ltr'><strong>est</strong></span> <span class='ocrx_word' id='word_1_285' title='bbox 600 3023 669 3062; x_wconf 82' lang='lat' dir='ltr'><strong>mox</strong></span> <span class='ocrx_word' id='word_1_286' title='bbox 683 3015 716 3060; x_wconf 93' lang='lat' dir='ltr'><strong>ut</strong></span> <span class='ocrx_word' id='word_1_287' title='bbox 729 3008 841 3062; x_wconf 79' lang='lat' dir='ltr'><strong>exitum</strong></span> <span class='ocrx_word' id='word_1_288' title='bbox 854 3015 898 3060; x_wconf 86' lang='lat' dir='ltr'><strong>est</strong></span> <span class='ocrx_word' id='word_1_289' title='bbox 912 3003 947 3058; x_wconf 89' lang='lat' dir='ltr'><strong>de</strong></span> <span class='ocrx_word' id='word_1_290' title='bbox 960 3004 1019 3061; x_wconf 86' lang='lat' dir='ltr'><strong>Ae-</strong></span> 
     </span>
    </p>
   </div>
   <div class='ocr_carea' id='block_1_10' title="bbox 22 3080 1137 3164">
    <p class='ocr_par' dir='ltr' id='par_1_11' title="bbox 22 3080 1137 3164">
     <span class='ocr_line' id='line_1_35' title="bbox 22 3080 1137 3164; baseline 0 -24"><span class='ocrx_word' id='word_1_291' title='bbox 22 3094 89 3156; x_wconf 77' lang='lat' dir='ltr'><strong>pto,</strong></span> <span class='ocrx_word' id='word_1_292' title='bbox 102 3096 131 3142; x_wconf 87' lang='lat' dir='ltr'><strong>et</strong></span> <span class='ocrx_word' id='word_1_293' title='bbox 143 3089 174 3143; x_wconf 90' lang='lat' dir='ltr'><strong>in</strong></span> <span class='ocrx_word' id='word_1_294' title='bbox 190 3088 305 3143; x_wconf 88' lang='lat' dir='ltr'><strong>deserto</strong></span> <span class='ocrx_word' id='word_1_295' title='bbox 315 3090 437 3162; x_wconf 89' lang='lat' dir='ltr'><strong>populus</strong></span> <span class='ocrx_word' id='word_1_296' title='bbox 448 3107 511 3144; x_wconf 80' lang='lat' dir='ltr'><strong>esse</strong></span> <span class='ocrx_word' id='word_1_297' title='bbox 524 3089 631 3160; x_wconf 87' lang='lat' dir='ltr'><strong>eoepit,</strong></span> <span class='ocrx_word' id='word_1_298' title='bbox 646 3080 886 3164; x_wconf 84' lang='lat' dir='ltr'><strong>quinquagesimo</strong></span> <span class='ocrx_word' id='word_1_299' title='bbox 897 3085 943 3143; x_wconf 89' lang='lat' dir='ltr'><strong>die</strong></span> <span class='ocrx_word' id='word_1_300' title='bbox 954 3096 1020 3158; x_wconf 84' lang='lat' dir='ltr'><strong>post</strong></span> <span class='ocrx_word' id='word_1_301' title='bbox 1110 3093 1113 3097; x_wconf 81' lang='grc'><em>’</em></span> <span class='ocrx_word' id='word_1_302' title='bbox 1136 3101 1137 3106; x_wconf 74' lang='grc'>’</span> 
     </span>
    </p>
   </div>
   <div class='ocr_carea' id='block_1_11' title="bbox 22 3167 1107 3491">
    <p class='ocr_par' dir='ltr' id='par_1_12' title="bbox 22 3167 1107 3491">
     <span class='ocr_line' id='line_1_36' title="bbox 22 3167 1106 3246; baseline 0.002 -25"><span class='ocrx_word' id='word_1_303' title='bbox 22 3167 164 3226; x_wconf 80' lang='lat' dir='ltr'><strong>ebratum</strong></span> <span class='ocrx_word' id='word_1_304' title='bbox 176 3169 289 3226; x_wconf 85' lang='lat' dir='ltr'><strong>Pascha</strong></span> <span class='ocrx_word' id='word_1_305' title='bbox 301 3190 352 3246; x_wconf 87' lang='lat' dir='ltr'><strong>per</strong></span> <span class='ocrx_word' id='word_1_306' title='bbox 365 3173 427 3225; x_wconf 88' lang='lat' dir='ltr'><strong>ovis</strong></span> <span class='ocrx_word' id='word_1_307' title='bbox 441 3172 682 3228; x_wconf 84' lang='lat' dir='ltr'><strong>immolationem:</strong></span> <span class='ocrx_word' id='word_1_308' title='bbox 696 3189 770 3244; x_wconf 79' lang='lat' dir='ltr'><strong>quae</strong></span> <span class='ocrx_word' id='word_1_309' title='bbox 783 3187 873 3243; x_wconf 86' lang='lat' dir='ltr'><strong>usque</strong></span> <span class='ocrx_word' id='word_1_310' title='bbox 886 3169 958 3224; x_wconf 90' lang='lat' dir='ltr'><strong>adeo</strong></span> <span class='ocrx_word' id='word_1_311' title='bbox 970 3178 1019 3242; x_wconf 88' lang='lat' dir='ltr'><strong>ty·</strong></span> <span class='ocrx_word' id='word_1_312' title='bbox 1100 3187 1106 3196; x_wconf 55' lang='lat'>²</span> 
     </span>
     <span class='ocr_line' id='line_1_37' title="bbox 22 3249 1107 3326; baseline -0.003 -20"><span class='ocrx_word' id='word_1_313' title='bbox 22 3259 37 3294; x_wconf 68' lang='lat'>⁵</span> <span class='ocrx_word' id='word_1_314' title='bbox 59 3249 162 3314; x_wconf 84' lang='lat' dir='ltr'><strong>Christi</strong></span> <span class='ocrx_word' id='word_1_315' title='bbox 183 3261 242 3322; x_wconf 85' lang='lat' dir='ltr'><strong>est,</strong></span> <span class='ocrx_word' id='word_1_316' title='bbox 267 3254 477 3326; x_wconf 82' lang='lat' dir='ltr'><strong>praenuntians</strong></span> <span class='ocrx_word' id='word_1_317' title='bbox 495 3272 563 3308; x_wconf 90' lang='lat' dir='ltr'><strong>eum</strong></span> <span class='ocrx_word' id='word_1_318' title='bbox 581 3272 633 3325; x_wconf 88' lang='lat' dir='ltr'><strong>per</strong></span> <span class='ocrx_word' id='word_1_319' title='bbox 655 3256 803 3310; x_wconf 75' lang='lat' dir='ltr'><strong>victimam</strong></span> <span class='ocrx_word' id='word_1_320' title='bbox 827 3253 969 3324; x_wconf 86' lang='lat' dir='ltr'><strong>passionis</strong></span> <span class='ocrx_word' id='word_1_321' title='bbox 984 3250 1019 3304; x_wconf 89' lang='lat' dir='ltr'><strong>de</strong></span> <span class='ocrx_word' id='word_1_322' title='bbox 1100 3249 1107 3268; x_wconf 64' lang='lat'>³</span> 
     </span>
     <span class='ocr_line' id='line_1_38' title="bbox 22 3331 1019 3410; baseline -0.001 -24"><span class='ocrx_word' id='word_1_323' title='bbox 22 3341 42 3376; x_wconf 65' lang='grc' dir='ltr'><strong>ι·</strong></span> <span class='ocrx_word' id='word_1_324' title='bbox 61 3335 162 3391; x_wconf 88' lang='lat' dir='ltr'><strong>mundo</strong></span> <span class='ocrx_word' id='word_1_325' title='bbox 176 3337 368 3392; x_wconf 74' lang='lat' dir='ltr'><strong>naseiturum</strong></span> <span class='ocrx_word' id='word_1_326' title='bbox 379 3335 416 3390; x_wconf 86' lang='lat' dir='ltr'><strong>ad</strong></span> <span class='ocrx_word' id='word_1_327' title='bbox 425 3332 552 3405; x_wconf 89' lang='lat' dir='ltr'><strong>Patrem,</strong></span> <span class='ocrx_word' id='word_1_328' title='bbox 566 3331 690 3410; x_wconf 84' lang='lat' dir='ltr'><strong>(Pascha</strong></span> <span class='ocrx_word' id='word_1_329' title='bbox 702 3337 805 3409; x_wconf 89' lang='lat' dir='ltr'><strong>quippe</strong></span> <span class='ocrx_word' id='word_1_330' title='bbox 816 3331 948 3388; x_wconf 89' lang='lat' dir='ltr'><strong>Hebraea</strong></span> <span class='ocrx_word' id='word_1_331' title='bbox 962 3334 1019 3386; x_wconf 91' lang='lat' dir='ltr'><strong>lin-</strong></span> 
     </span>
     <span class='ocr_line' id='line_1_39' title="bbox 24 3412 1020 3491; baseline -0.002 -21"><span class='ocrx_word' id='word_1_332' title='bbox 24 3421 49 3460; x_wconf 61' lang='grc' dir='ltr'><strong>ὃ</strong></span> <span class='ocrx_word' id='word_1_333' title='bbox 73 3419 209 3474; x_wconf 89' lang='lat' dir='ltr'><strong>transitus</strong></span> <span class='ocrx_word' id='word_1_334' title='bbox 226 3419 450 3490; x_wconf 74' lang='lat' dir='ltr'><strong>Interpretatur)</strong></span> <span class='ocrx_word' id='word_1_335' title='bbox 473 3428 508 3473; x_wconf 90' lang='lat' dir='ltr'><strong>ut</strong></span> <span class='ocrx_word' id='word_1_336' title='bbox 524 3419 582 3472; x_wconf 88' lang='lat' dir='ltr'><strong>iam</strong></span> <span class='ocrx_word' id='word_1_337' title='bbox 605 3437 693 3491; x_wconf 89' lang='lat' dir='ltr'><strong>quum</strong></span> <span class='ocrx_word' id='word_1_338' title='bbox 717 3419 898 3473; x_wconf 86' lang='lat' dir='ltr'><strong>revelaretur</strong></span> <span class='ocrx_word' id='word_1_339' title='bbox 916 3412 1020 3468; x_wconf 82' lang='lat' dir='ltr'><strong>Testa-</strong></span> 
     </span>
    </p>
   </div>
   <div class='ocr_carea' id='block_1_12' title="bbox 22 3498 1100 3573">
    <p class='ocr_par' dir='ltr' id='par_1_13' title="bbox 22 3498 1100 3573">
     <span class='ocr_line' id='line_1_40' title="bbox 22 3498 1100 3573; baseline -0.005 -20"><span class='ocrx_word' id='word_1_340' title='bbox 22 3500 120 3555; x_wconf 70' lang='lat' dir='ltr'><strong>²¹1tum</strong></span> <span class='ocrx_word' id='word_1_341' title='bbox 136 3519 262 3570; x_wconf 87' lang='lat' dir='ltr'><strong>novum,</strong></span> <span class='ocrx_word' id='word_1_342' title='bbox 287 3508 391 3573; x_wconf 83' lang='lat' dir='ltr'><strong>postea</strong></span> <span class='ocrx_word' id='word_1_343' title='bbox 413 3517 499 3572; x_wconf 89' lang='lat' dir='ltr'><strong>quam</strong></span> <span class='ocrx_word' id='word_1_344' title='bbox 511 3499 624 3566; x_wconf 78' lang='lat' dir='ltr'><strong>Pascha</strong></span> <span class='ocrx_word' id='word_1_345' title='bbox 643 3510 776 3555; x_wconf 84' lang='lat' dir='ltr'><strong>nostrum</strong></span> <span class='ocrx_word' id='word_1_346' title='bbox 793 3498 959 3552; x_wconf 85' lang='lat' dir='ltr'><strong>immolatus</strong></span> <span class='ocrx_word' id='word_1_347' title='bbox 978 3503 1022 3550; x_wconf 81' lang='lat' dir='ltr'><strong>est</strong></span> <span class='ocrx_word' id='word_1_348' title='bbox 1096 3535 1100 3540; x_wconf 68' lang='lat'><strong>„</strong></span> 
     </span>
    </p>
   </div>
   <div class='ocr_carea' id='block_1_13' title="bbox 22 3577 1021 3658">
    <p class='ocr_par' dir='ltr' id='par_1_14' title="bbox 22 3577 1021 3658">
     <span class='ocr_line' id='line_1_41' title="bbox 22 3577 1021 3658; baseline -0.001 -26"><span class='ocrx_word' id='word_1_349' title='bbox 22 3577 133 3651; x_wconf 57' lang='lat' dir='ltr'><strong>wana,</strong></span> <span class='ocrx_word' id='word_1_350' title='bbox 158 3577 403 3658; x_wconf 77' lang='lat' dir='ltr'><strong>quinquagesimo</strong></span> <span class='ocrx_word' id='word_1_351' title='bbox 415 3581 461 3635; x_wconf 91' lang='lat' dir='ltr'><strong>die</strong></span> <span class='ocrx_word' id='word_1_352' title='bbox 473 3583 589 3638; x_wconf 75' lang='lat' dir='ltr'><strong>venhet</strong></span> <span class='ocrx_word' id='word_1_353' title='bbox 601 3582 636 3636; x_wconf 89' lang='lat' dir='ltr'><strong>de</strong></span> <span class='ocrx_word' id='word_1_354' title='bbox 650 3584 729 3638; x_wconf 90' lang='lat' dir='ltr'><strong>coelo</strong></span> <span class='ocrx_word' id='word_1_355' title='bbox 745 3579 872 3652; x_wconf 78' lang='lat' dir='ltr'><strong>Spiritus</strong></span> <span class='ocrx_word' id='word_1_356' title='bbox 887 3587 1021 3633; x_wconf 82' lang='lat' dir='ltr'><strong>sanctus:</strong></span> 
     </span>
    </p>
   </div>
   <div class='ocr_carea' id='block_1_14' title="bbox 22 3647 1139 3740">
    <p class='ocr_par' dir='ltr' id='par_1_15' title="bbox 22 3647 1139 3740">
     <span class='ocr_line' id='line_1_42' title="bbox 22 3647 1139 3740; baseline 0 -27"><span class='ocrx_word' id='word_1_357' title='bbox 22 3647 147 3720; x_wconf 75' lang='lat' dir='ltr'><strong>idiotas</strong></span> <span class='ocrx_word' id='word_1_358' title='bbox 162 3671 206 3719; x_wconf 87' lang='lat' dir='ltr'><strong>est</strong></span> <span class='ocrx_word' id='word_1_359' title='bbox 222 3667 254 3720; x_wconf 91' lang='lat' dir='ltr'><strong>in</strong></span> <span class='ocrx_word' id='word_1_360' title='bbox 267 3663 432 3740; x_wconf 82' lang='lat' dir='ltr'><strong>Evangelio</strong></span> <span class='ocrx_word' id='word_1_361' title='bbox 452 3664 561 3740; x_wconf 83' lang='lat' dir='ltr'><strong>digitus</strong></span> <span class='ocrx_word' id='word_1_362' title='bbox 575 3665 649 3733; x_wconf 87' lang='lat' dir='ltr'><strong>Dei,</strong></span> <span class='ocrx_word' id='word_1_363' title='bbox 676 3674 709 3718; x_wconf 91' lang='lat' dir='ltr'><strong>ut</strong></span> <span class='ocrx_word' id='word_1_364' title='bbox 722 3661 955 3717; x_wconf 82' lang='lat' dir='ltr'><strong>recordationem</strong></span> <span class='ocrx_word' id='word_1_365' title='bbox 968 3677 1021 3714; x_wconf 84' lang='lat' dir='ltr'><strong>ne·</strong></span> <span class='ocrx_word' id='word_1_366' title='bbox 1044 3705 1045 3708; x_wconf 62' lang='grc'>,</span> <span class='ocrx_word' id='word_1_367' title='bbox 1134 3682 1139 3690; x_wconf 66' lang='lat'>=</span> 
     </span>
    </p>
   </div>
   <div class='ocr_carea' id='block_1_15' title="bbox 22 3741 1023 3906">
    <p class='ocr_par' dir='ltr' id='par_1_16' title="bbox 22 3741 1023 3906">
     <span class='ocr_line' id='line_1_43' title="bbox 22 3741 1023 3830; baseline -0.005 -29"><span class='ocrx_word' id='word_1_368' title='bbox 22 3743 86 3830; x_wconf 57' lang='lat' dir='ltr'><strong>“flu</strong></span> <span class='ocrx_word' id='word_1_369' title='bbox 97 3746 130 3802; x_wconf 87' lang='lat' dir='ltr'><strong>in</strong></span> <span class='ocrx_word' id='word_1_370' title='bbox 140 3741 429 3822; x_wconf 72' lang='lat' dir='ltr'><strong>primi&#39;praefigurati</strong></span> <span class='ocrx_word' id='word_1_371' title='bbox 443 3745 515 3802; x_wconf 86' lang='lat' dir='ltr'><strong>sacti</strong></span> <span class='ocrx_word' id='word_1_372' title='bbox 532 3749 701 3802; x_wconf 90' lang='lat' dir='ltr'><strong>memoriam</strong></span> <span class='ocrx_word' id='word_1_373' title='bbox 720 3753 889 3800; x_wconf 83' lang='lat' dir='ltr'><strong>revocaret:</strong></span> <span class='ocrx_word' id='word_1_374' title='bbox 913 3744 981 3816; x_wconf 88' lang='lat' dir='ltr'><strong>quia</strong></span> <span class='ocrx_word' id='word_1_375' title='bbox 994 3751 1023 3796; x_wconf 92' lang='lat' dir='ltr'><strong>et</strong></span> 
     </span>
     <span class='ocr_line' id='line_1_44' title="bbox 22 3825 782 3906; baseline -0.003 -22"><span class='ocrx_word' id='word_1_376' title='bbox 22 3825 73 3884; x_wconf 73' lang='lat'><strong>3¹⁸</strong></span> <span class='ocrx_word' id='word_1_377' title='bbox 84 3827 146 3883; x_wconf 87' lang='lat' dir='ltr'><strong>illae</strong></span> <span class='ocrx_word' id='word_1_378' title='bbox 160 3829 279 3886; x_wconf 84' lang='lat' dir='ltr'><strong>tabulae</strong></span> <span class='ocrx_word' id='word_1_379' title='bbox 290 3829 382 3906; x_wconf 84' lang='lat' dir='ltr'><strong>digito</strong></span> <span class='ocrx_word' id='word_1_380' title='bbox 396 3828 454 3886; x_wconf 92' lang='lat' dir='ltr'><strong>Dei</strong></span> <span class='ocrx_word' id='word_1_381' title='bbox 468 3829 595 3902; x_wconf 86' lang='lat' dir='ltr'><strong>scriptae</strong></span> <span class='ocrx_word' id='word_1_382' title='bbox 608 3827 782 3883; x_wconf 86' lang='lat' dir='ltr'><strong>referuntur.</strong></span> 
     </span>
    </p>
   </div>
   <div class='ocr_carea' id='block_1_16' title="bbox 0 0 1176 4312">
    <p class='ocr_par' dir='ltr' id='par_1_17' title="bbox 0 0 1176 4312">
     <span class='ocr_line' id='line_1_45' title="bbox 0 0 1176 4312; baseline 0 0"><span class='ocrx_word' id='word_1_383' title='bbox 0 0 1176 4312; x_wconf 95' lang='lat' dir='ltr'><strong> </strong></span> 
     </span>
    </p>
   </div>
  </div>
 </body>
</html>
