2362 4320
932 145 934 174 ⁶
978 115 984 134 Ι

263 191 321 254 as
344 193 562 260 ammius
588 194 666 254 aar
690 189 832 252 a1a1x.
979 205 1058 276 ‚ars

34 353 105 410 caba
118 348 212 406 beata
225 349 288 420 erit,
313 349 372 404 uisi
379 351 496 425 secura.
522 345 561 404 Vt
573 356 671 422 autem
684 367 786 418 secura
800 349 850 420 sit,
864 348 937 406 falso
950 352 1061 425 putabit

32 451 139 509 semper
153 452 188 488 se
203 433 313 488 beatam
326 433 407 501 fareg
434 433 569 505 quoniam
582 431 735 505 aliquando
752 433 808 490 erit
821 443 850 488 et
862 436 977 490 misera.
1008 436 1062 494 Cui

30 537 93 597 ergo
109 515 259 594 gaudendi
270 515 480 572 causasfaisitas
493 517 559 586 crit,
574 515 714 589 quamodo
727 515 761 570 de
770 517 893 572 veritate
906 516 1060 594 gaudebiti

30 602 104 658 volit
117 599 174 654 hoc
185 597 374 673 Porphyrius,
386 608 595 674 purgatamque
608 599 735 658 arrianam
748 600 783 654 ob
794 591 850 654 boc
858 601 971 656 ¹reverti
985 599 1062 658 dixit

34 685 64 742 ad
73 684 207 752 Patrem,
221 701 256 738 ae
267 681 421 756 aliquando
432 683 643 750 ianrmaloram
653 683 763 755 polluta
772 685 946 760 contagione
960 693 1060 740 tenca-

36 779 84 824 tur.
126 772 141 802 *
155 766 180 822 F
181 767 243 821 also
262 767 354 842 igitur
367 785 390 840 ,a
408 764 580 838 quibusdam
592 763 751 820 Platonicis
772 775 816 821 est
834 766 960 838 creditus
979 769 1062 841 quasi

37 851 214 914 necessarius
226 850 372 922 orbisille,
387 847 421 910 ab
433 847 540 918 eisdem
551 847 677 918 abeundi
684 857 716 916 ‚ct
727 847 762 904 ad
772 848 870 904 eadem
884 851 1061 908 revertendi.

42 933 117 1000 Quod
129 933 244 994 etiamsi
257 941 465 1002 ver-amasset,
491 932 541 1005 qui
558 929 613 986 hoc
631 932 707 988 scire
720 932 887 1005 prodesset,
914 935 972 992 nisi
985 934 1062 990 forte
1075 959 1076 962 ¹

45 1015 105 1072 iaie
116 1015 241 1072 se'nobis
254 1015 398 1076 auderent
407 1013 555 1089 praeferre
569 1012 727 1084 Platonici3
754 1017 822 1088 quia
839 1017 868 1071 id
886 1036 940 1073 nos
958 1019 990 1074 in
1007 1017 1062 1074 hac
1079 1061 1083 1086 s
1112 1076 1115 1088 ,

48 1101 100 1156 vita
111 1101 162 1154 hm
174 1100 364 1169 nesciremus,
385 1097 461 1173 quod
473 1100 530 1172 ipsi
542 1099 573 1154 in
586 1099 643 1170 alia
657 1099 777 1152 meliore
790 1101 849 1156 rita
862 1102 1063 1177 purgatissimi

48 1192 71 1240 ct
80 1184 280 1256 sapientissimi
293 1183 410 1246 fueram
423 1183 577 1252 nascituri,
605 1190 634 1236 et
651 1181 757 1236 falsum
770 1181 910 1240 credendo
925 1184 1003 1240 beati
1014 1185 1060 1240 fu·
1148 1221 1153 1230 «

44 1262 109 1322 urit
141 1265 226 1332 Quod
240 1265 558 1332 si'absurdissimumet
572 1260 776 1324 stultissimum
793 1265 962 1338 estimare,
989 1266 1061 1324 Por·
1110 1329 1115 1337 ,

1 1411 20 1418 ,
43 1349 127 1426 phyrii
137 1349 270 1424 profecto
284 1359 329 1408 est
340 1347 532 1423 praeferenda
545 1349 700 1418 sententia,
713 1345 758 1405 bis
772 1350 820 1423 qui
831 1350 993 1406 animarum
1004 1352 1062 1405 cir·
1118 1383 1124 1418 ξ

45 1436 113 1488 culos
138 1435 303 1496 alternante
327 1451 438 1506 semper
461 1433 599 1492 beatitate
623 1441 652 1488 ot
675 1432 802 1488 miseria.
820 1435 958 1506 suspicati
984 1442 1061 1489 sunt.

45 1516 116 1582 Quod
130 1518 156 1570 si
168 1518 211 1571 ita
225 1525 284 1586 est,
313 1535 382 1571 ecoe
396 1514 563 1576 Platonicus
582 1517 613 1570 in
631 1514 733 1570 melius
747 1514 899 1570 aPlatone
912 1516 1062 1573 dissentit:
1152 1533 1153 1538 ’

46 1619 102 1656 ecce
114 1599 199 1670 vidit,
210 1598 293 1674 pund
307 1600 355 1658 ille
369 1617 429 1654 non
441 1598 526 1668 sidit,
545 1617 601 1654 nec
614 1606 681 1674 post
693 1597 780 1650 talem
793 1615 827 1652 ac
841 1606 955 1654 tantum
968 1601 1069 1676 magi-f

46 1693 125 1739 saum
137 1681 248 1760 refugit
260 1683 483 1753 correctionum,
496 1680 548 1738 sed
560 1679 672 1743 homini
681 1669 855 1838 pre‘ae(1>prpip³
858 1682 1064 1841 pprpptyeffl)
1125 1729 1126 1734 ,

680 1815 682 1818 .
757 1782 863 1820 -αΗ
907 1805 913 1819 .
1039 1807 1046 1820 .

349 1821 510 1922 scir.
553 1843 713 1928 xxixa.

48 1943 136 1999 roura
145 1952 335 2015 argumentum
345 1943 562 2006 Platonicorum,
581 1960 632 2012 qao
646 1943 762 1996 animam
773 1941 916 1996 bumaaam
927 1941 985 2004 Deo
995 1959 1065 1998 arte·

387 2021 702 2069 ruateraecoaeternam
936 2031 937 2034 ¹

80 2093 82 2098 ’
97 2103 152 2162 Cur
166 2122 238 2181 ergo
253 2123 313 2160 non
325 2087 423 2178 potius
437 2103 586 2162 divinitati
599 2103 743 2162 credimus
758 2103 793 2161 dc
806 2101 968 2174 biarchus,
993 2120 1063 2178 quas

48 2185 155 2245 humano
168 2189 289 2264 ingenio
303 2187 501 2263 pervestigare
516 2203 575 2242 noa
588 2203 752 2259 possumus,
767 2206 841 2262 quae
855 2189 980 2260 animam
994 2206 1065 2260 qao·

49 2289 90 2346 que
103 2274 194 2346 ipsam
210 2290 270 2328 aaa
286 2269 350 2326 Deo
365 2271 580 2344 coaeternam„
593 2270 644 2326 scd
658 2281 783 2327 creatam
797 2269 868 2326 dicit
886 2288 965 2344 esse,
992 2289 1065 2344 quae

49 2373 95 2412 non
108 2351 187 2414 crat?
214 2353 254 2410 Vt
267 2355 343 2418 enim
356 2351 411 2412 boc
424 2351 570 2418 Platonici
582 2353 696 2412 nollent
710 2354 844 2425 credere,
870 2351 945 2412 hanc
963 2355 1065 2428 utique
1105 2341 1114 2398 s
1174 2389 1175 2392 =

50 2457 148 2496 causam
161 2437 300 2498 idoneam
313 2437 369 2492 sibi
380 2435 554 2509 ridebantur
568 2432 688 2507 afferre,
712 2438 779 2514 quia
793 2439 851 2492 nisi
864 2436 940 2511 quad
953 2441 1068 2516 semper
1107 2433 1109 2438 ’
1176 2492 1179 2503 ,

50 2521 247 2591 interfuisset,
260 2522 468 2594 sempiternum
478 2517 613 2594 deieracps
626 2538 760 2578 essenon
773 2529 881 2594 posset.
897 2521 1068 2595 Quanquam

52 2613 72 2658 et
82 2605 114 2660 de
129 2605 240 2662 mundo
263 2602 340 2678 etde
353 2601 398 2670 his
413 2619 484 2680 quos
498 2601 529 2656 iu
543 2601 651 2680 mundo
666 2603 735 2658 deos
749 2621 766 2658 a
780 2602 844 2660 Deo
857 2601 950 2658 iactos
965 2604 1066 2660 scribit

51 2683 132 2766 Plato,
158 2688 343 2764 apertissime
363 2686 505 2748 dicateos
520 2703 583 2742 csse
599 2687 743 2760 coepisse,
769 2694 798 2741 et
816 2685 1066 2758 haberejnitium,
1125 2693 1175 2734 .-‘

52 2769 120 2826 baem
133 2782 234 2828 tamen
249 2788 308 2826 non
320 2768 488 2840 habituros,
515 2767 567 2834 sed
584 2785 637 2846 per
650 2767 818 2826 conditoris
837 2769 1068 2843 potentissimam

52 2855 215 2912 uoluntatem
228 2855 260 2910 in
274 2861 423 2908 aetermam
436 2869 641 2926 permansuros
656 2871 721 2910 esre
734 2851 891 2927 perhibeat.
917 2849 1026 2908 Verum
1037 2851 1069 2910 id
1100 2843 1103 2856 ’

50 2937 176 3010 quomodo
193 2937 373 3012 intelligant,
386 2937 648 3016 inveneruntpnoa
662 2935 794 3018 essehoc
807 2935 943 2992 videlicet
956 2942 1068 3009 tempo·
1157 2949 1159 2964 *

48 3021 87 3090 rb,
99 3022 149 3078 red
163 3019 382 3096 substitutionis
397 3019 522 3086 initium.
541 3015 649 3096 „Sicut
663 3019 751 3092 enim,
766 3021 912 3094 inquiunt,
927 3018 953 3072 si
965 3035 1016 3094 pes
1031 3035 1069 3074 ox

48 3106 232 3173 „aeternitate
246 3121 359 3176 semper
373 3101 476 3156 fuisset
489 3102 519 3158 in
530 3101 659 3174 pulvere,
673 3121 786 3177 semper
797 3104 824 3158 ci
835 3095 966 3158 subesset
976 3101 1068 3156 vesti·
1112 3146 1119 3167 ,

47 3191 151 3266 „giam
182 3185 262 3262 quod
280 3177 375 3241 tamen
388 3183 546 3261 vestigium
559 3201 576 3238 a
591 3187 722 3254 calcante
735 3186 843 3264 factum
857 3203 941 3246 nemo
956 3183 1071 3252 dubita-v

47 3282 112 3346 „ret
126 3291 184 3332 nec
197 3271 325 3328 alterum
339 3269 430 3324 altera
439 3269 525 3346 prius
541 3277 633 3338 esset,
648 3270 779 3344 queraris
793 3269 915 3326 alterum
925 3265 963 3322 ab
978 3267 1070 3342 altero
1085 3320 1088 3328 ,

47 3357 165 3424 „factam
180 3360 275 3409 essct:
305 3352 358 3422 sic,
372 3351 517 3430 inquiunt,
529 3345 695 3414 otmundus
709 3361 793 3426 atque
807 3354 839 3408 in
851 3351 900 3406 illa
915 3350 955 3404 dii
968 3349 1071 3418 creati,
1105 3392 1111 3408 x,

46 3450 87 3508 „et
98 3455 220 3515 semper
235 3435 356 3498 fuerunt
368 3451 480 3508 semper
494 3429 654 3492 exsistente
668 3437 719 3512 qui
737 3435 823 3505 fecit,
850 3442 988 3490 ettamen
1002 3430 1072 3486 facti

45 3525 159 3592 ‚uuntf‘
216 3515 366 3592 Numquid
391 3535 461 3594 ergo
487 3517 512 3572 si
535 3516 769 3594 anima'scmper
794 3517 864 3586 fuit,
902 3515 990 3572 etiam
1016 3513 1072 3568 mi-

44 3610 108 3664 seria
134 3609 204 3664 cius
233 3619 347 3674 semper
371 3585 461 3656 titisse
487 3599 608 3658 dicenda
636 3597 696 3656 esti
738 3599 830 3659 Porro
856 3599 881 3654 si
906 3595 1015 3676 aliquid
1040 3596 1073 3652 ia

43 3688 95 3762 illa,
122 3687 266 3766 quod'ex
287 3677 404 3752 aeterno
423 3701 484 3750 non
503 3683 570 3751 fuit,
595 3702 659 3738 csse
673 3685 769 3758 coepit
792 3700 829 3738 ex
851 3690 994 3754 tempore,
1023 3697 1074 3734 cur

44 3789 91 3832 ton
109 3773 181 3831 fieri
195 3767 341 3846 potuerit,
361 3777 394 3824 ut
406 3769 468 3841 ipsa
482 3783 519 3820 cx
532 3759 660 3844 tempore
680 3784 752 3841 quae
770 3776 857 3824 antea
875 3783 935 3820 non
949 3757 1072 3818 fuisscti

41 3852 148 3918 ande
162 3847 320 3912 beatitudo
334 3867 445 3928 quoquc
459 3849 523 3908 eius
540 3858 606 3922 post
625 3850 854 3926 experimentum
865 3848 1008 3906 malorum
1020 3843 1071 3900 fir·
