2362 4320
481 127 485 162 t

210 216 810 304 ·nacwmmm1m1mnx.
977 225 1038 284 ms
1120 187 1121 190 ‘

13 377 154 436 metiendo
168 383 313 450 peccata,
340 374 409 448 qnia
422 382 453 429 ct
464 365 596 429 mortuus
611 373 670 443 est,
691 381 723 429 et
733 391 859 448 ncnpra
873 383 925 430 s‘uo
938 392 1040 448 pecca·
1127 437 1129 442 s

15 475 53 534 ta,
75 464 147 538 quia*
169 469 201 514 ct
223 461 359 513 mortuns
379 467 440 528 est,
461 466 497 533 ‘et
509 475 569 512 non
582 476 633 530 pro
652 475 705 512 suo
718 467 847 532 peccato.
890 457 979 514 Hunc
992 462 1040 514 illc

14 546 174 604 Platonicus
189 561 251 598 nou
266 541 406 616 cognovit
418 559 482 594 esse
494 542 685 614 principium3
705 559 773 597 nam
786 552 960 618 agnosceret
972 561 1040 616 pur-

18 632 160 708 gatorium.
178 625 284 698 Neque
299 625 377 678 enim
391 641 459 678 earo
471 626 644 697 principium
657 634 717 693 est,
730 635 781 692 aut
794 627 891 680 anima
904 623 1039 697 bumana,

19 714 60 768 sci
71 711 196 766 Verbum
210 706 359 786 perpqnod
371 708 531 776 faeta-sunt
543 709 649 762 anania.
693 707 761 763 Non
775 727 845 784 ergo
860 727 928 764 caro
943 727 994 782 per
1008 728 1040 764 se

21 799 100 870 ipram
115 792 256 860 mundat,
284 789 860 864 sedperverbumaquosusceptaest,
888 811 953 848 eum
970 791 1040 848 Ver·

23 880 76 936 ium
85 896 150 932 caro
157 877 285 947 suetum
298 883 358 940 est,
378 883 407 929 ct
419 871 567 928 babitucit
577 875 607 928 in
619 875 708 938 uobis.
751 874 826 930 Nam
839 876 874 930 de
887 894 975 930 earne
989 873 1041 932 sua

27 959 208 1016 manducanda
221 957 347 1030 mystice
360 958 499 1028 loquens,
514 975 579 1011 cum
592 955 622 1011 hi
637 959 686 1030 qui
700 977 759 1013 non
774 960 983 1026 intellexerunt
996 960 1040 1014 of-

31 1043 99 1099 fensi
109 1042 290 1110 recederent,
305 1037 450 1094 dieentes:
464 1037 569 1118 Durus
584 1050 629 1094 cst
641 1039 689 1094 bic
703 1057 806 1110 sermo,
821 1045 885 1117 puis
900 1062 962 1098 cum
970 1053 1041 1118 pot-

32 1137 69 1182 est
79 1124 192 1182 audie?
212 1123 367 1196 respondit
380 1123 562 1178 manentibus
578 1125 717 1179 caeteris:
731 1122 863 1200 Spiritus
878 1136 922 1181 est
937 1127 986 1201 qui
998 1127 1042 1181 ui-

27 1209 129 1278 crficut,
148 1227 220 1264 curo
236 1225 295 1262 non
304 1207 431 1282 prodeat
446 1208 606 1281 quicquum.
628 1205 810 1279 Principium
824 1227 894 1285 ergo
908 1217 1043 1280 suscepta

24 1295 107 1347 anima
120 1302 149 1347 et
161 1309 251 1348 carne
267 1299 297 1344 et
310 1291 435 1344 animam
450 1289 630 1345 credentium
642 1291 761 1345 mundat
773 1300 803 1345 et
816 1309 941 1350 carnem.
976 1290 1042 1346 ideo

24 1376 216 1448 quaerentibus
231 1365 348 1428 ludaeis
368 1373 431 1446 quis
453 1382 545 1444 essct,
571 1373 721 1446 respondit
734 1391 765 1427 se
780 1392 843 1428 esse
856 1376 1041 1448 principium.

24 1451 95 1524 Quod
108 1459 208 1532 atique
222 1458 372 1526 carnales,
386 1455 510 1526 infirmi,
523 1458 648 1529 peccatis
663 1457 798 1526 obnoxii,
813 1467 842 1511 et
855 1459 1042 1533 ignorantiae

21 1543 137 1602 aenmris
157 1542 289 1597 obvoluti
308 1557 489 1613 nequaquam
507 1541 659 1613 percipere
677 1557 845 1612 possemus,
872 1542 932 1594 nisi
950 1540 984 1594 ab
1009 1559 1043 1593 co
1140 1531 1143 1539 Δ

21 1627 214 1682 ιιιιιιὼιιιιιιιιι
240 1631 327 1697 atque
353 1640 537 1693 sanaremur,
564 1641 616 1696 per
634 1621 688 1678 hoe
708 1621 783 1697 quod
802 1625 917 1677 mamus
936 1631 966 1676 et
983 1641 1044 1682 non
1099 1621 1109 1686 ,’

24 1726 131 1764 arunas.
154 1707 279 1762 Eramus
295 1707 372 1761 enim
384 1703 533 1774 homines,
549 1706 599 1760 aed
612 1707 685 1760 iusti
699 1723 757 1760 non
772 1723 895 1760 eramus.
917 1704 951 1761 ln
965 1707 1043 1760 illius

24 1801 104 1849 ratem
117 1792 326 1847 incarnatione
340 1798 443 1844 natura
456 1787 672 1859 humanaerat,
681 1789 742 1844 ¹soci
755 1791 848 1859 iusta,
869 1807 928 1844 non
941 1805 1043 1862 peeca-

23 1878 155 1930 triuerat.
191 1873 274 1929 Hace
294 1873 505 1943 estmediatio,
533 1872 1043 1948 quauranus'lapsis-iacentibusque
1116 1919 1120 1930 ,
1149 1945 1154 1952 .

24 1969 141 2032 porrecta
154 1967 216 2014 est:
229 1956 286 2012 boe
301 1966 455 2012 esttamen
469 1957 704 2032 dispositumper
716 1957 862 2034 Angelos,
876 1957 906 2010 in
922 1973 1044 2030 quorum

25 2042 112 2098 edictis
126 2053 157 2098 et
169 2044 220 2097 lex
235 2040 376 2111 dabatur,
400 2059 456 2114 qua
471 2051 500 2096 et
512 2058 588 2098 unus
601 2041 682 2098 Deus
698 2042 755 2096 coli
770 2040 940 2108 iubebatur,
955 2037 1043 2094 ethic

24 2123 152 2182 Mediator
164 2134 310 2184 venturus
322 2126 555 2200 promittebatur.
617 2161 619 2164 -
662 2123 749 2200 (sal.
767 2120 848 2178 θΑΡ.
864 2111 1028 2199 XXIV)
1106 2178 1109 2184 ,

328 2235 670 2360 ,ιιιρΧΧι

33 2365 225 2428 Onaeaaanctos
236 2381 264 2424 et
273 2371 321 2424 aab
331 2371 399 2440 legis
409 2380 542 2437 erumpere,
555 2378 590 2420 ut
602 2369 800 2438 subprioribus
814 2372 941 2437 succulis,
959 2370 989 2424 iu
1001 2388 1045 2424 sa·

209 2451 346 2494 cruciante
356 2449 384 2494 ct
390 2441 449 2510 fldc
461 2439 564 2492 (Flcriati
573 2439 735 2509 iustificatos
745 2441 842 2512 fuisse.

73 2547 160 2608 Huius
181 2550 360 2605 sacramenti
377 2546 434 2602 fioc
455 2549 543 2604 etiam
562 2549 631 2603 iusti
650 2551 765 2624 antiqui
784 2548 919 2604 mundari
936 2550 982 2622 pie
995 2550 1041 2605 vi-

25 2634 101 2689 rendo
115 2642 295 2708 potnerunt,
309 2650 369 2688 non
384 2635 478 2687 solum
492 2639 646 2706 antequam
659 2633 707 2686 lex
720 2634 825 2705 populo
836 2630 975 2686 vHebraeo
990 2630 1041 2687 da·
1118 2685 1128 2696 ,

23 2725 103 2789 retur,
127 2712 242 2797 (neque
256 2717 334 2771 enim
347 2717 390 2770 eia
404 2714 585 2790 praedicator
598 2714 677 2770 Deus
691 2717 738 2771 vel
751 2715 857 2792 Angeli
871 2711 1040 2795 defuerunt)

23 2797 161 2873 seiipsius
177 2817 297 2874 quoque
310 2800 383 2875 legis
403 2799 595 2871 temporibus,
623 2800 753 2872 quamvis
772 2800 804 2854 in
822 2799 924 2876 figuris
942 2816 1042 2855 rerum

19 2884 179 2954 spiritalium
202 2881 316 2937 babere
332 2881 482 2937 videretur
499 2883 647 2955 promissa¹¹
659 2884 803 2952 carnalia,
830 2881 1040 2956 propterquod
1064 2946 1066 2948 ,

16 2977 89 3022 retae
103 2968 213 3022 dicitur
230 2964 458 3021 Testamentum.
484 2963 603 3032 Namet
615 2963 776 3039 Prophetae
790 2975 860 3021 tunc
879 2972 972 3034 erant,
986 2981 1040 3037 per

17 3065 94 3122 quoa,
122 3053 203 3106 sieut
225 3067 279 3123 pcr
304 3049 448 3124 Angelos,
476 3047 576 3104 cadem
600 3049 754 3122 promissio
786 3049 952 3123 praedicata
978 3057 1037 3103 cst:

17 3142 40 3186 et
51 3151 85 3188 ex
97 3136 219 3190 illorum
232 3149 353 3188 numero
367 3142 440 3202 erat,
455 3131 535 3186 euius
549 3139 607 3186 tam
622 3151 757 3209 magnam
771 3132 955 3204 divinamque
969 3127 1037 3185 sen-⁷

15 3219 126 3274 tentiam
145 3217 183 3272 cie
204 3211 479 3271 bonihumaniflne
497 3217 583 3288 paulo
603 3225 672 3270 ante
696 3217 934 3271 commemoravit
961 3211 1040 3291 Mitt
1103 3285 1104 3288 Ἴ

14 3311 100 3356 autem
115 3299 286 3356 adhaerere
300 3295 381 3366 Deo,
408 3298 576 3354 bonumest.
619 3297 653 3354 ln
667 3318 723 3374 quo
737 3302 822 3374 plane
835 3292 956 3354 Psalmo
966 3297 1038 3356 duo·

13 3397 68 3438 ran
80 3383 367 3452 Testamentorum,
384 3399 457 3454 quae
471 3380 610 3436 dicuntur
622 3393 706 3438 vetus
720 3393 750 3438 ct
762 3397 887 3452 novum,
908 3383 978 3436 satis
994 3389 1040 3435 est

12 3461 150 3526 declarata
167 3465 331 3520 distinctio.
373 3460 495 3537 Propter
514 3467 645 3520 carnales
664 3467 741 3520 enim
761 3476 952 3538 terrenasque
969 3482 1040 3537 pro·v

9 3551 177 3620 missiones,
205 3565 275 3603 enm
295 3563 342 3600 eas
361 3547 457 3620 impiis
477 3541 623 3602 abundare
641 3551 834 3622 perspiceret,
861 3547 933 3600 dicit
949 3543 1038 3620 peries

13 3647 72 3686 auos
88 3652 166 3708 pene
187 3631 283 3686 fuisse
301 3639 473 3702 commotos,
500 3639 529 3684 ct
543 3627 649 3685 effusos
664 3633 695 3685 in
709 3634 820 3703 lapsum
833 3628 1038 3702 propemodum

12 3725 121 3788 gruans
137 3732 225 3783 suas,
252 3721 389 3784 tanquam
404 3713 514 3768 frustra
527 3711 592 3770 Deo
606 3715 668 3787 ipse
682 3715 837 3781 servisset,
868 3730 932 3765 cum
945 3730 979 3764 ca
992 3709 1037 3764 fc-

11 3798 130 3870 licitate,
144 3815 236 3872 quam
250 3794 288 3848 dc
300 3796 350 3848 illo
365 3796 550 3869 expectabat,
564 3805 760 3852 contemtores
775 3797 837 3848 eius
851 3791 957 3850 florere
970 3807 1038 3864 per-·

6 3881 144 3957 spiceret3
171 3897 266 3955 aeque
280 3879 312 3934 ia
327 3881 371 3936 rei
389 3879 475 3938 huius
493 3880 686 3955 inquisitione
703 3879 866 3948 laborasse,
891 3876 1042 3932 valentem

720 3959 748 4018 U
833 4007 835 4010 .
