2362 4320
5 229 7 238 ,
65 237 69 242 .
131 202 193 258 soc
251 172 259 178 ’
326 138 946 252 uivuuvnuuunvsvsrtur

131 359 183 426 gat
196 349 315 423 omnino
329 345 397 400 ullis
408 331 502 399 lit'cris
514 361 578 398 csse
590 340 775 413 credendum,
789 351 889 416 potest
898 343 986 399 ctiam
996 343 1099 415 dicere,
1110 363 1153 400 nco

115 437 116 440 ’
132 432 201 486 deos
219 433 293 486 ullos
312 445 415 482 curare
432 428 576 480 mortalia.
602 425 772 484 Ncnmnim
792 444 826 479 sc
844 427 931 480 aliter
950 427 1086 482 colendos
1103 446 1154 484 esse

132 519 352 590 persuaserunt,
369 509 425 564 nisi
438 509 614 563 mirabilium
628 526 749 580 operum
763 505 927 578 effectibus,
947 527 1070 583 quorum
1083 519 1109 564 et
1119 509 1154 564 hi-

93 609 102 616 *
132 597 223 651 storia
238 594 368 670 gentium
379 591 462 658 testis
477 601 532 659 ost,
546 609 667 665 querum
682 589 722 646 dii
735 609 767 644 sc
781 600 932 646 ostentare
945 592 1101 662 mirabiles,
1114 611 1155 665 pe·

131 680 191 734 tius
206 695 294 749 qumn
307 675 393 728 utiles
414 673 568 728 ostendere
579 670 752 747 potuerunt.
779 672 863 728 Vnde
879 671 935 728 hoc
955 692 1043 747 opere
1060 685 1155 743 nostro,

87 759 91 766 ’
133 763 216 815 cuius
231 758 307 812 hunc
321 757 379 810 ianr
392 754 536 810 decimum
548 756 657 810 librum
668 753 805 811 habentus
820 757 851 811 iu
864 757 1016 826 manibus,
1043 777 1100 812 nou
1117 775 1156 812 ces

63 864 74 898 s
133 841 313 913 suscepimus
325 836 515 905 refellendos,
530 839 581 911 qui
593 841 641 893 vel
655 838 743 892 ullam
757 856 822 892 csse
835 833 895 898 vim
908 837 1038 894 divi-nam
1052 843 1156 916 negant,

132 927 180 981 vel
193 921 318 977 humana
331 938 391 974 non
406 937 507 974 curare
518 919 713 991 contendunt3
729 920 779 975 scd
790 939 839 976 cos
852 922 902 995 qui
913 931 1017 976 nostro
1027 921 1090 977 Deo
1100 941 1156 976 cou-

132 1006 221 1061 ditori
234 1011 351 1058 sanctae
370 1012 400 1056 ct
416 1003 645 1078 gloriosissimae
658 1003 793 1060 Ciuitatis
812 993 881 1059 deos
902 1021 972 1058 suos
991 1004 1158 1076 praeferunt,-

132 1088 296 1145 ncscientcs
310 1103 375 1144 eum
387 1085 482 1156 ipsum
501 1103 565 1139 esse
580 1081 674 1140 'etiam
690 1084 795 1155 ¹nmndi
813 1084 900 1141 huius
919 1085 1048 1142 visibilis
1068 1097 1095 1142 ct
1106 1105 1157 1175 ngu-

133 1169 229 1226 tabilis
245 1167 421 1222 invisibilem
434 1177 464 1221 ct
476 1168 742 1224 incommutabilem
755 1167 955 1237 conditorem,
969 1178 999 1224 et
1014 1171 1090 1224 vitae
1102 1169 1157 1222 beu·

17 1239 21 1252 ¹
117 1247 182 1307 ¹'tac
194 1253 255 1305 non
269 1249 304 1303 dc
317 1247 362 1302 his
377 1266 450 1323 quae
463 1247 604 1318 condidit,
618 1249 669 1304 scd
683 1251 717 1304 dc
730 1268 761 1304 se
775 1243 837 1323 ipso
849 1252 1039 1306 verissimum
1051 1253 1158 1327 largito-

132 1352 203 1390 rem.
230 1331 302 1388 Eius
316 1333 395 1386 enim
405 1330 551 1404 'Prophcta
565 1333 770 1396 veracissimus
784 1334 840 1387 ait:
858 1331 937 1390 Mili
951 1343 1051 1389 cutem
1064 1331 1158 1390 adbuc·

127 1434 203 1474 rere
216 1413 297 1484 Dec,
323 1415 426 1472 benum
440 1425 494 1470 cst.
521 1412 567 1468 De
588 1413 646 1469 line
666 1429 790 1488 namque
807 1415 877 1469 boni
896 1417 976 1470 inter
989 1413 1157 1488 philosophos

134 1500 304 1574 quaeritur,
331 1495 458 1570 ad‘quod
474 1491 689 1569 adipiscendum
702 1498 800 1552 cuiuis
813 1495 913 1552 officia
925 1497 1080 1554 referenda
1092 1505 1157 1552 sunt

133 1581 299 1656 Nccdixit
323 1581 396 1648 iste,
429 1576 503 1634 Mihi
528 1587 625 1633 autem
650 1579 762 1634 divitiis
788 1578 953 1649 abundare,
970 1580 1088 1636 vbonum
1111 1588 1157 1648 est3

85 1707 87 1711 Α
135 1674 186 1719 aut
198 1664 337 1739 insigniri
350 1661 478 1734 purpura
492 1669 521 1716 ct
534 1671 663 1734 sceptro,
682 1663 729 1717 vcl
747 1660 908 1716 diademate
926 1663 1086 1733 excellcrc;
1102 1663 1157 1729 'aut

135 1746 212 1820 quod
227 1745 362 1800 nonnulli
378 1744 466 1798 etiarn
479 1742 715 1817 philosophorum
727 1745 824 1799 dicere
837 1763 897 1800 non
912 1744 1101 1813 eru-buerunt,
1113 1742 1156 1800 lli·

115 1819 310 1901 'hivoluptas
325 1827 456 1898 corporis
471 1827 579 1884 bonum
594 1835 654 1896 crt3
673 1836 723 1881 aut
736 1825 812 1902 quo-'d
825 1828 927 1881 melius
941 1828 1027 1883 volut
1039 1828 1156 1882 meliores

73 1917 78 1942 ⁷
135 1909 301 1966 dicererisi
316 1916 401 1978 suut,
426 1906 499 1963 Mihi
515 1909 610 1968 virtus
625 1910 715 1964 animi
728 1911 784 1964 mei
798 1909 978 1964 bonumestz
1005 1910 1066 1979 sed,
1086 1907 1156 1974 Mili,

134 1995 240 2066 inquit,
255 1989 420 2046 adhaerere
432 1987 507 2058 Deo,
532 1989 634 2045 bonum
648 1998 704 2047 ean
745 1990 810 2047 Hoc
822 2011 888 2046 eum
898 1990 1049 2063 docuerat,
1063 1994 1107 2058 cui
1118 1990 1157 2044 uni

133 2071 334 2156 tantummodo
349 2070 573 2126 sacrificandum
586 2075 681 2128 sancti
693 2092 809 2148 quoque
821 2074 928 2151 Angeli
941 2075 1006 2130 cius
1020 2073 1156 2130 miraculo·

39 2183 43 2191 ·
78 2192 82 2202 ι
131 2175 200 2213 rum
223 2157 310 2210 ctiam
333 2155 546 2208 contestatione
574 2165 762 2212 monuerunt.
811 2156 894 2211 Vnde
918 2167 948 2212 ct
975 2159 1040 2232 ipse
1061 2153 1155 2213 sacrifi·

50 2277 53 2286 ,
135 2241 212 2293 cium
226 2239 288 2290 cius
302 2235 398 2289 factus
412 2245 489 2304 crat,
503 2237 670 2313 cuius‘igne
684 2239 863 2316 intelligibili
877 2249 1030 2312 correptus
1043 2239 1155 2304 ardebat,

134 2331 164 2375 et
182 2322 213 2374 iu
233 2320 294 2372 eius
312 2313 489 2372 ineffabilem
508 2319 769 2395 incorporeumque
783 2323 965 2394 complexum
979 2320 1155 2392 sanctoxdcsi-

134 2401 213 2456 derio
236 2399 393 2454 ferebatur.
425 2399 517 2457 Porro
540 2410 638 2456 autem
651 2405 687 2457 ¹¹ui
708 2404 865 2459 multorum
888 2404 1011 2460 deorum
1035 2407 1154 2470 cultores,

125 2480 366 2558 ¹(qualescunque
380 2480 448 2538 deos
462 2501 531 2539 suos
545 2502 609 2538 esse
622 2483 832 2562 arbitrentun)
846 2485 937 2540 abeis
952 2487 1031 2544 facta
1042 2506 1102 2544 csse
1112 2486 1154 2540 mi·

131 2561 241 2634 rocula,
268 2561 315 2620 vel
332 2564 461 2620 civilium
473 2575 573 2634 rerum
586 2563 743 2638 historiae,
769 2559 816 2624 vel
834 2568 916 2624 libris
936 2572 1075 2648 magicis,
1094 2570 1153 2634 siue,

66 2715 67 2718 Ἰ
133 2647 210 2722 quod
222 2646 371 2702 honestius
386 2656 499 2720 putant,
514 2647 674 2724 theurgicis
689 2649 825 2721 credunt,
841 2651 911 2724 quid
925 2669 1034 2708 causac
1048 2663 1104 2722 est,
1115 2666 1154 2704 cur

132 2733 196 2785 illis
207 2731 299 2785 literis
313 2730 410 2784 nolint
422 2729 557 2801 credere,
582 2732 642 2786 ista
656 2731 733 2786 facta
744 2749 821 2802 csse,
838 2733 957 2806 =quibus
974 2743 1059 2792 tanto
1077 2734 1153 2790 unior

119 2812 252 2867 debetur
265 2810 353 2879 fides,
379 2822 489 2885 quanto
503 2831 589 2886 super
602 2831 703 2870 omues
717 2823 763 2896 cst
779 2829 916 2893 magnus,
930 2818 979 2874 cui
991 2820 1045 2875 uni
1056 2819 1107 2874 soli
1117 2832 1153 2870 ιι-

132 2893 320 2950 cribrandum
333 2903 398 2948 csse
410 2891 612 2968 praecipiunt?

509 3058 632 3117 CAP.
674 3059 788 3118 XIX.

132 3155 208 3220 Quae
218 3153 292 3207 ratio
302 3153 339 3205 sit
350 3151 463 3206 visibilis
475 3155 606 3224 sacrificii
615 3158 686 3224 quod
694 3157 814 3211 ecui'cero
824 3165 850 3210 ct
861 3157 995 3213 invisibili
1003 3159 1065 3215 Deo
1075 3154 1153 3230 efferri

516 3225 592 3276 dccet
601 3242 665 3277 cera
676 3226 782 3294 religio.

176 3314 245 3379 'Qui
258 3321 355 3368 eutem
366 3319 483 3386 putant,
496 3311 568 3368 haec
579 3315 708 3370 visibilia
721 3315 863 3371 sacrificia
876 3315 1012 3376 diis-aliis
1026 3335 1152 3396 cougmc·

130 3413 173 3465 rc,
187 3397 230 3452 illi
242 3413 311 3451 vcro
326 3404 466 3468 tanquam
480 3396 621 3466 invisibili
633 3397 801 3475 invisibilia,
817 3407 846 3452 et
858 3401 966 3456 maiori
977 3404 1096 3471 maiora,
1105 3417 1151 3456 ne-

30 3531 31 3536 ,
130 3477 253 3551 lioriquc
265 3478 402 3548 meliora,
427 3479 525 3552 qualia
542 3487 613 3532 sunt
631 3497 720 3552 purae
737 3482 844 3536 mcntir
858 3490 889 3548 set
902 3483 997 3540 bonae
1010 3482 1150 3541 voluntatis

131 3556 239 3628 oflicio3
264 3559 394 3632 profecto
413 3562 572 3629 nesciunt,
595 3559 666 3616 haec
682 3564 726 3616 ita
740 3579 804 3616 esse
823 3565 910 3640 signa
927 3565 1064 3638 illorum,
1090 3568 1148 3622 sicul

130 3640 219 3693 verba
233 3643 370 3696 sonantia
384 3643 469 3718 signu
484 3645 553 3696 sunt
564 3660 680 3698 rerum.¹
699 3645 842 3710 Quocirca
856 3648 935 3701 sicut
948 3662 1066 3707 orantes
1079 3659 1147 3721 etque

63 3749 66 3752 -
131 3719 281 3774 laudantes
295 3720 331 3776 ad
345 3741 412 3778 eum
426 3723 579 3801 dirigimus
594 3713 794 3800 significantes
808 3745 907 3798 vocet,
921 3733 971 3786 cui
984 3732 1031 3787 res
1045 3729 1114 3806 ipsos
1125 3729 1146 3780 in

12 3863 25 3878 ο
88 3850 92 3856 2
132 3799 218 3854 corde
231 3817 302 3874 quas
315 3805 515 3879 significamus
534 3803 696 3864 offerimus:
717 3809 982 3877 itasacrificantes
1002 3834 1062 3878 nou
1079 3808 1145 3868 alteri
