2266 4312
165 191 471 278 accinimus
496 195 577 270 bar
595 209 681 284 ant.
697 209 779 270 -xn
941 221 976 274 n

56 368 181 436 terrenam
195 359 340 436 quandam
354 379 407 434 pro
420 362 507 418 rebus
518 360 627 418 infimis
640 380 756 436 pacem:
770 362 807 418 ad
821 379 885 420 eam
898 383 980 422 nam·-
1074 349 1075 356 ἵ

45 441 159 500 tenderat
172 445 328 517 pervenire
340 442 484 501 bollando.
499 446 642 510 Quoniam
656 447 683 500 si
694 447 811 516 vicarit,
826 455 856 500 ct
870 449 919 520 qui
932 467 980 502 rc·
1063 491 1066 500 .

45 527 104 582 :don
117 527 214 597 fucrit,
240 544 300 599 pax
318 527 385 596 crit,
412 535 499 600 quam
512 529 571 584 non
584 526 730 584 habebant
741 538 838 602 partes
847 530 981 584 invicem

45 620 150 679 statua,
177 619 207 665 et
219 628 272 683 pro
287 609 332 662 bis
348 609 434 664 rebus
453 626 524 684 quas
543 611 630 665 simul
646 607 753 672 habere
766 629 827 666 non
845 620 982 684 poterant

45 695 212 770 aegestate
235 700 391 749 certantes.
431 691 516 748 Hanc
538 707 638 766 pacem
662 693 983 772 requiruntsiaboriosa

56 774 122 831 banc
135 775 394 854 adipisciturqpac
407 785 527 848 putatur
540 777 670 852 gloriosa
683 777 817 845 victoria,
858 775 981 843 Quando

45 861 175 920 evincunt
188 859 239 932 qui
253 875 340 912 causa
352 859 477 916 iustiora
489 858 671 935 pugnabant,
690 861 761 934 quis
775 859 897 936 dubitet,
912 877 981 935 gra-

45 941 93 998 tam
106 960 168 996 esse
182 941 346 1010 victoriani,
362 950 392 998 et
404 942 575 1014 provenisse
588 943 743 1015 optabilem
756 937 874 1015 paeanii
898 941 982 998 Haec

45 1033 155 1094 suntet
167 1026 232 1079 sinc
246 1022 333 1078 dubio
348 1021 406 1078 Dei
418 1023 494 1080 dona
507 1017 586 1083 sunt.
611 1023 669 1080 Sed
682 1027 708 1080 si
721 1026 865 1100 neglectis
878 1026 981 1088 melio-

63 1126 136 1181 quae
148 1107 184 1164 ad
198 1124 355 1180 supernam
369 1107 520 1179 pertinent
533 1106 705 1178 Civitatem,
726 1107 776 1163 ubi
790 1110 847 1166 crit
857 1109 983 1164 uictoria
1082 1157 1084 1162 ,

45 1208 109 1246 erne
123 1199 152 1246 et
164 1207 278 1246 summa
291 1205 362 1260 paee
373 1207 491 1261 secura,
509 1190 606 1250 bona
598 1200 654 1249 ista
668 1191 710 1244 sic
723 1192 981 1280 concupiscuntur,

50 1275 111 1329 sola
126 1291 187 1329 esse
189 1269 372 1342 credantur,
391 1270 497 1328 veihis
511 1291 586 1370 quae
599 1274 722 1334 nicliora
735 1262 905 1345 ereduntur,
919 1292 980 1330 am·
1028 1287 1035 1300 '

45 1357 208 1434 iitigantur3
223 1369 346 1411 necesse
359 1364 405 1412 est
417 1357 538 1413 miseria
552 1364 764 1429 consequatur,
785 1366 815 1413 et
828 1375 901 1431 quac
914 1358 981 1413 inc·
1022 1359 1024 1366 ‘

45 1449 150 1518 geatur.

298 1521 300 1526 ’
367 1519 555 1590 GAPV

45 1635 82 1672 no
98 1627 224 1672 terrenae
240 1614 370 1669 Civitatis
384 1623 497 1666 anctore
506 1613 674 1695 fratricida,
695 1615 772 1668 onias
784 1615 985 1684 impietatiRo·
1022 1633 1031 1674 ¹,

107 1705 203 1744 manae
213 1687 289 1738 artis
299 1684 422 1738 conditor
430 1701 555 1753 germano
550 1684 644 1738 'caede
649 1682 829 1753 responderit.

46 1780 123 1836 imus
141 1779 242 1850 itaque
265 1775 322 1832 fuit
344 1783 481 1854 terrenae
502 1772 638 1832 Civitatis
661 1775 794 1834 conditor
815 1774 982 1832 fratricida:

45 1879 112 1916 uum
130 1859 294 1924 fratrem
269 1877 363 1914 civem
376 1858 511 1913 Civitatis
531 1867 670 1916 aeternae
688 1859 719 1913 in
733 1857 786 1913 bae
806 1868 885 1913 terra
898 1875 982 1930 perc-

45 1953 114 2000 itam
131 1941 295 2000 invidentia
317 1942 412 1996 victus
432 1940 548 1996 occidit
574 1939 658 2014 Vnde
675 1940 840 2000 mirandum
853 1959 914 1995 non
928 1950 982 2012 est,
993 1951 997 1954 “

45 2035 197 2100 ιιιιιοΙΡοετ
209 2027 241 2096 in
256 2043 290 2080 ea
303 2025 423 2081 civitate
438 2023 599 2100 condenda,
626 2043 700 2099 quae
713 2009 811 2082 fuerat
822 2023 907 2080 huius
922 2033 982 2078 tcr-

45 2110 198 2180 Civitatis,
213 2109 248 2164 dc
262 2125 318 2182 qua
330 2108 494 2180 loquimur,
519 2116 606 2181 caput
623 2107 741 2178 futura,
769 2119 871 2164 ettam
884 2107 983 2163 multis
1062 2145 1063 2150 ι

45 2213 81 2252 us
93 2201 265 2270 regnatura,-
279 2189 348 2246 huic
361 2191 454 2262 primo
469 2191 612 2264 exemplo,
627 2200 658 2246 et
667 2191 702 2246 ut
717 2191 824 2248 Graeci
836 2193 984 2266 appellant
1018 2207 1019 2212 ¹
1045 2255 1048 2264 Ι

45 2271 100 2353 atq>
115 2275 257 2350 quaedam
270 2275 316 2334 sui
330 2274 448 2352 generis
462 2273 559 2349 imago
577 2275 738 2348 respondit.
778 2275 853 2332 Nam
867 2283 897 2330 et
910 2276 984 2344 illie,

45 2379 126 2434 psum
139 2358 255 2418 facinus
270 2356 387 2431 quidam
399 2360 485 2429 potita
500 2359 739 2415 commemoravit
750 2360 883 2428 illorum,
909 2357 982 2414 Fra·

45 2445 134 2516 primr
153 2439 337 2500 maduerunt
346 2440 491 2516 sanguine
508 2441 594 2502 muri.
634 2439 684 2496 Sic
704 2442 784 2500 enim
802 2440 920 2500 condita
938 2449 984 2496 cst

45 2524 182 2600 ,quando
196 2526 324 2579 occisum
337 2521 461 2580 Remum
473 2539 490 2576 a
502 2522 594 2577 fratre
607 2521 732 2582 Romulo
746 2522 879 2584 Romana
892 2531 982 2579 testa·

45 2609 143 2666 toria:
170 2607 229 2662 nisi
244 2605 320 2680 quod
337 2605 387 2660 isti
401 2614 536 2676 terrenae
550 2603 684 2664 Civitatis
698 2606 819 2662 ambo'
795 2625 873 2666 cives
889 2605 981 2660 erant
1044 2616 1048 2622 “

46 2693 174 2768 gloriam
188 2691 223 2746 de
237 2687 386 2748 Romanae
398 2671 577 2760 reipublicae
591 2688 777 2744 institutione
790 2688 982 2761 quaerebant.

45 2769 92 2830 ibo
107 2792 172 2832 eam
185 2781 308 2840 tantam,
322 2779 471 2844 quantam,
489 2771 514 2824 si
527 2788 604 2826 unus
619 2779 712 2841 esset,
734 2768 841 2828 babere
855 2787 914 2828 non
928 2788 982 2842 po-

45 2859 131 2923 ,Qui
144 2857 223 2914 enim
234 2853 350 2912 volebat
363 2851 538 2910 dominando
552 2854 685 2930 gloriari,
706 2855 801 2912 minus
816 2853 917 2924 utiquc
930 2851 982 2908 do-

45 2953 120 3010 ctur‚
139 2939 165 2998 ai
178 2940 242 2998 eius
255 2945 385 3010 potestas
400 2937 468 2992 vivo
483 2949 620 2992 consorte
634 2937 822 2996 minueretur.
860 2933 898 2990 Vt
911 2953 982 3010 crgo

47 3022 276 3078 dominationem
284 3017 405 3074 haberet
419 3035 505 3091 unua
521 3019 632 3078 ablatus
646 3029 690 3074 est
704 3020 813 3080 socius:
829 3017 983 3074 etseclcrc

52 3108 82 3162 in
97 3106 193 3177 peius,
208 3101 286 3176 quod
299 3102 470 3161 innocentia
483 3102 579 3156 minus
594 3111 672 3160 esset
685 3111 714 3164 et
726 3103 838 3162 melius.
873 3099 915 3156 Hi
928 3117 982 3154 au-

45 3198 129 3244 ratres
145 3185 218 3242 Cain
232 3193 262 3239 et
273 3184 345 3246 Abel
365 3201 426 3238 non
442 3182 592 3240 ‘habebant
609 3184 691 3239 ambo
710 3187 789 3244 inter
807 3203 839 3238 se
857 3183 983 3260 sirnflcni

57 3281 242 3326 terrenarum
256 3265 457 3338 cupiditatem3
484 3283 538 3320 nec
557 3267 589 3322 in
609 3265 668 3322 boe
678 3269 752 3322 alter
765 3267 849 3321 alteri
863 3263 981 3334 invidit,

45 3355 93 3408 cius
106 3352 272 3406 dominatus
283 3349 367 3404 fieret
378 3348 541 3423 angustior,
549 3350 599 3421 qui
609 3348 885 3418 alterumoccidit‚si
897 3345 981 3402 aerbo
1015 3347 1020 3356 '¹

46 3444 182 3492 arentur:
203 3431 284 3500 (Abel
297 3431 475 3504 quippenon
494 3431 650 3502 quaerebat
663 3429 889 3498 dominationem
903 3430 934 3483 in
948 3447 983 3486 ea

45 3537 76 3588 a,
90 3535 165 3591 qnae
179 3511 359 3570 condebatur
370 3531 387 3567 a
397 3512 488 3572 fratre
495 3515 513 3586 ι)
530 3511 581 3566 sed
592 3507 815 3570 invidentiailla
829 3511 982 3582 diaboiiea‚

47 3600 150 3656 vident
163 3597 247 3652 bonis
255 3597 335 3665 mali,
348 3596 427 3650 nulla
438 3596 495 3650 alia
506 3613 604 3664 eausa,
617 3595 676 3650 nisi
687 3595 755 3666 quia
765 3594 809 3648 illi
820 3593 890 3647 boni
901 3603 983 3664 sunt,
1060 3611 1063 3630 ¹

45 3684 81 3738 ni.
116 3680 206 3736 Nullo
220 3679 298 3731 onim
310 3675 395 3732 modo
407 3677 441 3732 fit
453 3677 548 3732 minor
561 3675 718 3745 accedente
732 3693 783 3731 scu
796 3685 984 3748 permanente

45 3774 86 3820 rte
98 3762 246 3838 possessio
260 3759 413 3830 bonitatis;
430 3762 487 3814 imo
501 3761 648 3831 possessio
663 3758 789 3826 bonitas,
803 3773 888 3829 quam
901 3766 984 3814 tanto

45 3887 55 3918 ,
79 3852 192 3922 quanto
207 3841 379 3902 concordius
398 3841 547 3898 indiuidua
566 3843 712 3904 sociorum
724 3839 855 3914 possidet
868 3841 984 3900 caritas,
