2266 4312
735 35 746 47 “
790 27 803 66 i

63 239 66 246 -
151 215 213 275 na
237 215 461 278 crurrirr
483 218 561 278 nm
593 220 673 292 ura.
695 219 791 281 xur.
817 183 820 188 ⁴
846 197 851 202 “
941 167 1012 289 ιὀι

4 347 61 420 Quid
71 365 114 437 iia,
127 367 184 426 nisi
197 370 268 442 quia
282 387 332 426 eat
346 373 476 444 quamvis
489 373 563 428 nulli
577 375 693 448 torpori
707 375 851 446 soelatas,
865 373 925 433 non
939 397 1003 435 ere·
1099 393 1107 412 ¹

4 427 112 509 luorum
124 453 187 510 erae
202 449 361 508 melioresl
394 446 593 529 Quapropter,
608 459 634 512 si
648 475 707 513 non
723 458 872 514 audebunt
885 462 949 531 isti,
963 464 1003 517 sl-

4 529 85 590 'utor
102 551 221 592 ιιιιιιιιιι
236 554 303 590 esse
321 554 381 592 non
399 539 544 608 arbitror,
571 541 627 594 diis
641 542 834 612 beatissimis,
861 552 893 598 et
905 553 1003 602 tamon

4 617 22 666 st
36 619 139 674 aeternis
151 619 324 691 corporibus
338 622 517 691 constitutis,
531 620 673 688 huniunas
684 625 795 686 animas
807 634 1002 699 anteponero;

4 697 203 759 meiavidetur
217 701 390 773 absurdum,
418 703 494 777 quod
512 704 583 760 fides
598 693 763 762 Christiana
781 684 946 781 preetlioat,
974 719 1004 767 et

4 779 76 844 tirou
89 779 219 842 homines
233 786 276 840 ita
288 785 380 840 fuisso
394 785 545 858 eonditor,
563 797 596 843 ut
609 791 634 843 si
648 807 708 844 non
720 800 908 864 peccassent,
922 795 1003 848 nullo

4 874 63 925 nite
74 883 90 922 a
101 869 160 925 tuit
175 865 347 941 oorporibua
359 869 553 939 solverentur,
568 871 618 925 sod
629 875 806 944 promeritis
818 873 1003 940 obedientiae

4 948 127 1012 taiaditao
140 951 362 1008 immortalitate
375 950 491 1023 donati,
507 971 574 1008 oum
586 956 628 1009 oia
636 956 779 1016 'virerent
791 957 823 1012 in
834 955 1001 1036 aeternum3

4 1033 82 1092 *talia
101 1041 220 1092 nonnos
242 1035 274 1089 in
294 1037 510 1092 resurreetione
528 1033 676 1100 habituros
689 1055 730 1092 ,ea
744 1040 824 1112 ipra,
849 1037 999 1115 inquibus

6 1115 250 1187 elaboraverunt,
278 1115 416 1190 corpora,
442 1127 477 1174 ut
494 1137 550 1174 neo
564 1137 664 1175 eorum
677 1123 759 1176 narni
773 1122 884 1197 aliquid
898 1113 1016 1184 'corrup‘

4 1199 72 1258 ituit
85 1201 133 1257 rol
146 1197 346 1269 difficultatis,
373 1219 427 1255 neo
446 1219 547 1258 eorum
563 1201 738 1260 beatitudini
756 1203 867 1281 aliquid
889 1205 999 1262 doloris

8 1281 185 1342 infelicitatis
198 1280 457 1362 possitaooiderai
511 1302 513 1306 ·
802 1303 804 1322 ι
949 1295 953 1300 “

256 1421 257 1424 “
357 1431 477 1496 CAP.
505 1431 606 1494 ,xri

4 1531 40 1582 ud
48 1547 113 1583 coro
124 1538 294 1594 tunctorum,
314 1546 382 1598 quoe
391 1546 461 1585 nune
471 1530 616 1599 requiescit
626 1529 655 1582 in
664 1546 725 1598 ipe,
739 1529 769 1584 ia
778 1531 912 1596 meliorem
923 1550 1000 1602 repa-

4 1601 63 1653 uula
72 1602 111 1651 rit
122 1599 293 1668 qualitatem,
305 1615 384 1668 quprn
389 1599 453 1670 fuit
459 1599 610 1668 primorum
616 1599 751 1652 Ιιιιιιιιιιιιιιι
761 1608 824 1652 ante
830 1610 981 1670 peccaturi.
995 1607 998 1610 '
1039 1605 1041 1608 ’

21 1705 152 1766 Proinde
169 1723 251 1764 nune
265 1714 433 1762 sanatorum
445 1705 560 1762 animae
573 1705 777 1776 defunctorum
795 1705 860 1762 ideo
873 1725 937 1764 non¹
946 1706 998 1766 ha·

4 1801 30 1846 rt
43 1807 167 1868 gravem
180 1798 321 1858 mortem,
349 1805 405 1862 qua
427 1798 577 1862 separatae
602 1799 670 1844 aunt
693 1807 711 1844 a
735 1790 902 1863 corporibus
926 1794 998 1864 suis,

3 1874 26 1928 la
40 1890 111 1928 earo
126 1890 228 1928 eorum
241 1871 442 1945 requiescitis
454 1889 516 1945 spe,
530 1873 674 1946 quaslibet
686 1874 751 1928 sine
763 1873 823 1927 ullo
837 1874 895 1928 iam
910 1892 999 1931 sensu

4 1957 153 2016 itumeliaa
173 1955 322 2028 accepisse
341 1952 484 2012 videatur.
527 1953 595 2011 Non
614 1957 706 2025 enim,
733 1957 810 2010 siout
823 1955 939 2012 Platoni
951 1958 997 2012 vi-

4 2059 24 2100 a
38 2048 101 2109 ast,
129 2055 252 2111 corpora
266 2037 413 2098 oblivione
429 2033 595 2112 [corporum
608 2037 800 2116 oblivionem]
817 2037 1016 2100 desideranti,
1089 2093 1092 2098 .
1125 2039 1129 2052 “

4 2121 9 2182 Ι
23 2123 141 2196 potius,
156 2122 224 2194 quia
237 2121 435 2180 meminerunt
447 2119 516 2193 quid
529 2122 585 2176 sibi
598 2121 634 2178 ab
648 2141 682 2179 eo
697 2123 736 2178 alt
748 2123 932 2194 promissum,
946 2124 998 2196 qul

4 2207 109 2265 ninam
122 2204 216 2274 fallit,
239 2204 290 2277 qui
305 2204 347 2260 eis
362 2205 449 2258 etiam
457 2202 497 2257 tle
511 2206 679 2277 oapillorum
692 2221 810 2261 auorum
822 2204 997 2281 integritate
1023 2266 1031 2281 ‚

4 2289 150 2348 rui-itatem
163 2285 260 2356 dedit,
286 2287 535 2348 resurrectionem
549 2305 715 2360 corporum,
740 2287 773 2341 in
788 2287 892 2360 quilius
906 2290 997 2352 multa

4 2390 31 2432 ta
44 2371 178 2444 perpessi
192 2378 276 2439 sunt,
291 2369 365 2426 nihil
379 2371 410 2424 in
424 2371 467 2424 ais
481 2371 605 2425 ulterius
621 2372 679 2425 tale
692 2371 823 2439 sensuri,
848 2369 995 2428 desidera·
1096 2361 1102 2374 ”

4 2456 56 2510 iter
69 2463 100 2510 et
112 2454 260 2525 patienter
274 2461 456 2526 exspectant.
489 2451 523 2507 Si
536 2454 613 2510 enim
627 2467 743 2505 earnem
756 2468 838 2516 suain
850 2469 910 2513 non
925 2455 996 2510 ode-

4 2547 41 2608 at,
69 2535 187 2610 quando
203 2554 267 2592 eam
286 2553 357 2591 suae
369 2537 461 2590 menti
474 2529 642 2592 infirmitate
659 2534 857 2604 resistentem,
870 2539 997 2610 spiritali
1017 2543 1025 2580 ,¹
1060 2529 1066 2534 ’

4 2640 24 2676 ιι
38 2617 233 2690 eoiroebant,
256 2629 366 2692 quanto
380 2620 473 2694 magis
488 2635 550 2672 eom
563 2614 690 2690 diligunt
704 2616 791 2669 etiam
803 2611 896 2688 ipsani
909 2622 996 2692 spiri.

4 2697 204 2760 eurluturaml
217 2700 301 2758 Siout
312 2703 391 2757 enirn
401 2701 519 2774 spiritus
527 2698 609 2753 narni
620 2699 819 2753 servienanon
830 2698 996 2778 incongrue
1033 2723 1036 2729 ·

4 2788 98 2857 malis,
112 2787 156 2842 ita
170 2803 238 2850 caro
253 2786 369 2858 spiritui
383 2783 513 2838 serviens
532 2789 614 2837 reete
633 2779 826 2852 appellabitur
843 2783 995 2856 spiritalia,
1023 2858 1031 2864 ·

4 2889 21 2928 ιι
48 2870 175 2943 quirin
202 2870 339 2942 spiritum
364 2873 568 2936 convertetur,
595 2865 823 2924 sicutanonnulli
839 2873 944 2940 putant
958 2884 996 2924 ex

14 2953 91 3027 quod
110 2953 253 3024 seriptum
279 2959 337 3019 est,
363 2945 535 3004 Semiaotur
556 2963 662 3024 eorpus
686 2947 830 3018 orlatele,
856 2959 997 3026 resurget

4 3053 67 3112 peut
88 3034 247 3111 spiritale:
266 3032 317 3087 sed
331 3033 397 3105 quia
410 3032 526 3104 spiritui
539 3049 650 3086 summa
663 3039 693 3085 ot
707 3030 833 3090 niirobili
846 3031 995 3103 obtempe-

4 3118 46 3178 rdi
64 3118 205 3176 laenitate
223 3115 380 3185 subdetur,
405 3131 497 3187 usqua
521 3113 557 3168 ad
582 3114 809 3168 immortalitatis
835 3113 995 3169 indissolu-

4 3202 267 3259 intentissimam
290 3200 488 3266 uoluntatem,
509 3187 595 3252 ‘omni
612 3197 765 3258 molestiae
784 3214 888 3266 ranan,
915 3197 996 3274 o'mni
1103 3240 1108 3245 .

4 3277 206 3359 nuptibilitate
219 3293 249 3338 et
262 3281 398 3338 tarditate
412 3280 551 3335 detracta.
585 3278 653 3334 Non
665 3282 760 3342 solum
774 3281 852 3334 enim
865 3297 925 3334 non
940 3280 997 3334 erit
1082 3313 1088 3324 a

5 3388 35 3438 e,
60 3369 146 3443 quale
160 3385 238 3422 nuno
252 3375 298 3421 est
310 3366 343 3420 in
356 3365 459 3438 quavis
474 3361 775 3437 optima-*valetudine3
802 3361 853 3416 aad
867 3379 923 3416 neo
937 3363 996 3417 talo

4 3451 93 3520 idem,
121 3452 206 3525 quale
223 3449 283 3514 fuit
298 3450 331 3503 iri
349 3447 451 3520 primia
468 3444 633 3502 hominibus
651 3454 719 3500 ante
737 3453 909 3516 peecatum.‘
939 3445 997 3509 Qui

4 3544 31 3590 tt
44 3535 182 3590 morituri
195 3551 255 3589 non
268 3537 386 3601 essent,
404 3530 463 3584 nisi
476 3536 663 3602 peccassent3
691 3527 838 3582 alimentis
853 3536 950 3586 tamen
962 3536 997 3582 ut

4 3619 92 3674 niues
106 3617 278 3685 utebantur,
292 3613 422 3670 nondum
436 3613 593 3685 spiritalia,
607 3609 659 3665 aed
672 3608 765 3665 adhue
778 3609 915 3664 animalia
929 3627 995 3664 cor·

4 3719 31 3756 ra
44 3710 164 3757 terrena
177 3707 338 3777 gestantes.
366 3698 447 3762 Quae
460 3696 530 3750 lieet
546 3695 629 3748 aenio
645 3711 703 3748 non
716 3699 949 3761 veterascerent,
964 3700 997 3747 ut

4 3786 138 3840 cessitate
158 3783 388 3857 perducerentur
407 3778 444 3833 ad
456 3786 595 3846 mortem,
621 3765 689 3850 (qui
702 3783 795 3830 status
810 3775 852 3827 eis
866 3773 901 3828 de
913 3776 996 3852 ligno

4 3885 56 3940 ae,
83 3865 162 3943 quod
182 3868 214 3924 in
232 3865 328 3922 medio
338 3855 480 3939 'paradiso
501 3877 567 3917 oum
584 3858 688 3920 arbore
706 3859 800 3916 vetita
818 3858 1006 3928 simularat,

543 4007 556 4018 ,
602 3942 764 4004 ‘Cels
866 3983 868 3986 -
