2362 4312
138 47 157 120 'a
274 67 288 120 t

133 245 172 300 oe
260 318 262 321 J
359 189 959 320 n1v1avnnnnnvovsrrnn

105 357 106 368 .
131 392 317 468 passionibus
334 363 512 468 gloriamur,
540 389 591 463 qni
605 387 814 466 usquequaque
832 389 972 449 adversus
1000 403 1173 468 potestate

37 505 39 514 J
132 477 350 534 inimicissimas
377 471 586 552 confligentes,
614 491 721 547 easque
734 474 860 531 'fortiter
872 477 1025 534 moriendo
1039 479 1166 536 vincern

130 571 192 630 tes,
219 558 364 636 sanguine
387 557 471 612 nobis
495 554 569 611 hanc
592 557 718 628 patriam
741 553 880 632 peperere
903 577 967 616 suo.
1010 561 1057 618 Ad
1079 581 1135 638 qus

131 645 256 718 patriam
269 650 298 696 te
311 641 470 706 invitamus
484 648 514 694 et
527 636 732 712 exhortamur,
752 649 786 696 ut
797 643 860 697 eius
875 641 1024 700 adiiciaris
1037 663 1144 702 numer
1164 668 1176 693 ι

132 728 255 795 civium,
282 724 366 780 cuius
391 721 517 797 quodam
539 722 624 798 modo
638 725 753 798 asylum
766 733 811 779 est
823 743 893 781 vera
907 729 1042 783 remissio
1057 747 1152 801 pecca

130 820 249 866 torum.
279 806 347 863 Non
371 804 472 876 audias
496 804 657 884 degeneres
671 814 738 862 tuos
751 805 867 864 Christe
882 807 1101 880 Christianisvc
1115 813 1149 868 de

30 879 31 883 ἵ
129 891 279 950 trahentes
302 899 333 944 et
353 897 527 946 accusantes
544 890 626 945 velut
650 898 781 964 tempera
806 893 896 962 mala,
924 911 991 948 cnm
1017 912 1181 969 quaeran

129 986 260 1048 tempora
274 973 380 1048 quibus
391 991 453 1028 non
466 974 506 1028 sit
519 973 617 1047 quieta
630 973 709 1043 vita,
724 973 775 1028 sed
787 975 885 1046 potius
899 993 1005 1044 secura
1019 981 1177 1052 nequitia.

128 1057 211 1114 Haec
224 1058 278 1116 tibi
291 1074 441 1136 nunquam
467 1074 523 1112 nec
542 1073 596 1128 pro
619 1065 738 1112 terrena
749 1059 846 1129 patria
858 1059 1054 1131 placuerunt„
1076 1061 1178 1118 Nunc

128 1143 186 1197 iam
200 1142 357 1204 coelestem
371 1140 483 1211 arripe,
508 1143 571 1212 pro⁴
590 1157 647 1214 qua
672 1141 824 1196 minimum
847 1142 1008 1214 laborabis,
1037 1146 1116 1201 etin
1129 1163 1176 1200 ea

128 1224 273 1282 veraciter
287 1240 457 1297 semperque
470 1222 617 1299 regnabis.
661 1220 724 1278 lllic
739 1224 817 1280 enim
829 1225 883 1280 tibi
898 1244 958 1281 non
971 1223 1104 1300 Vestalis
1118 1229 1170 1284 fo-

129 1326 196 1378 cus,
222 1324 284 1362 non
304 1289 381 1378 lapis
396 1304 595 1378 Capitolinus,
622 1305 673 1362 sed
686 1305 768 1362 Deus
784 1325 860 1364 unus
874 1318 905 1364 et
915 1307 1005 1366 verus
1029 1330 1088 1367 nec
1101 1331 1169 1368 me-

126 1401 171 1448 tas
186 1408 303 1460 rerum,
322 1408 378 1446 nec
391 1393 523 1462 tempora
535 1398 641 1466 ponet,
667 1390 822 1462 imperium
835 1392 899 1447 sine
913 1391 970 1447 fide
983 1392 1078 1450 dabit.

105 1480 107 1484 ’
189 1471 260 1529 Noli
271 1470 342 1528 deos
357 1473 447 1530 falsos
461 1473 641 1548 fallacesque
654 1475 822 1549 requirere;
849 1475 942 1530 abiise
955 1479 1057 1548 potius
1073 1487 1167 1553 atque

95 1587 96 1592 κ
127 1565 293 1628 contemne,
307 1555 340 1612 in
351 1575 452 1612 veram
466 1558 594 1614 emicans
608 1557 780 1614 libertatem.
811 1557 1049 1633 normaton,
1076 1565 1165 1618 mali-

125 1643 180 1720 gni
196 1649 266 1696 sunt
279 1639 430 1713 spiritns,
444 1641 549 1716 quibus
564 1649 684 1697 aeterna
696 1649 748 1697 tua
761 1641 891 1698 felicitas¹
899 1643 994 1715 poena
1009 1653 1065 1700 est.
1095 1645 1164 1702 Non

75 1763 78 1784 2
125 1735 186 1781 tam
198 1722 272 1791 luno
287 1721 444 1794 Troianis,
470 1741 488 1779 a
502 1725 607 1798 quibus
623 1725 770 1780 carnalem
784 1725 930 1802 originem
947 1725 1049 1798 ducis,
1078 1747 1162 1786 arces

124 1807 242 1866 videtur
255 1803 397 1864 invidisse
410 1803 574 1877 Romanas,
601 1824 688 1880 quam
710 1808 761 1862 isti
774 1807 946 1879 daemones,
974 1827 1050 1884 quos
1065 1813 1159 1868 adhuc

49 1902 51 1907 ’
82 1905 83 1912 ’
125 1881 194 1949 deos
208 1900 312 1964 putas,
334 1891 415 1944 omni
427 1891 533 1966 generi
545 1886 697 1945 honnnum
709 1889 793 1946 sedes
805 1891 939 1960 invident
952 1891 1156 1967 sempiternas.

84 2035 85 2038 ,
123 1974 163 2033 Et
175 1984 208 2032 tu
221 1977 286 2048 ipsa
305 1990 365 2028 non
388 1989 479 2044 parva
505 1989 543 2026 ex
563 1979 647 2043 parte
669 1970 705 2026 de
725 1975 1012 2049 talibusiudieasti,
1040 1980 1156 2053 qnando

123 2057 201 2116 ludis
220 2074 270 2111 eos
294 2055 435 2128 placasti,
465 2062 495 2108 et
506 2071 559 2126 per
573 2071 647 2129 quos
661 2052 794 2112 homines
809 2057 925 2114 cosdem
937 2057 1024 2116 ludos
1048 2061 1156 2134 fecisti,

121 2142 247 2200 infames
265 2156 330 2194 esse
343 2135 473 2194 voluisti.
508 2135 614 2192 Patere
633 2141 727 2196 asseri
736 2141 904 2206 ¹libertatem
917 2141 999 2198 tuam
1013 2139 1154 2203 adversim

62 2237 63 2242 ’
122 2220 288 2280 immundos
309 2220 430 2294 spiritus
445 2221 497 2294 qui
514 2222 575 2278 tuis
591 2221 755 2278 cervicibus
766 2224 970 2298 imposuerant
982 2208 1151 2286 sac'randam
1174 2245 1179 2306 ’ἵ

122 2308 222 2363 sibiet
239 2297 443 2361 celebrandam
455 2305 653 2382 ignominiam
665 2322 757 2372 suam.
799 2308 923 2364 Actores
938 2311 1098 2368 criminum
1110 2312 1149 2367 di·
1172 2312 1178 2349 l

114 2389 259 2448 'vinorum
284 2388 437 2443 removisti
451 2387 486 2443 ab
500 2385 662 2444 honoribus
676 2390 751 2445 tuis:
779 2392 909 2464 supplica
923 2391 988 2448 Deo
1003 2412 1097 2467 vero,
1122 2405 1149 2451 ut

121 2492 138 2528 a
152 2482 182 2548 tc
195 2480 345 2528 removeat
358 2470 424 2526 illos
439 2469 526 2542 deos,
553 2472 605 2546 qui
618 2469 802 2528 delectantur
815 2475 987 2532 criminibus
1002 2479 1079 2549 suis,
1094 2481 1148 2534 sive

43 2591 45 2600 ι
118 2558 216 2627 veris,
238 2555 716 2633 quod-ignominiosissimumest3
743 2557 805 2612 sive
819 2557 917 2627 falsis,
931 2559 1011 2632 quod
1025 2549 1146 2634 melitid-
1173 2568 1181 2602 2

30 2673 49 2716 ‘.
121 2641 270 2697 sissimnm
283 2648 337 2695 est.
379 2637 475 2709 Bene,
499 2635 578 2713 qnod
591 2647 647 2710 tua
655 2649 759 2711 sponte
773 2637 965 2704 histrionibus
981 2652 1011 2698 ct
1026 2648 1145 2702 scenicis
1180 2666 1181 2681 ¹

42 2722 45 2730 ’
121 2723 293 2778 societatem
305 2721 433 2778 civitatis
447 2730 548 2794 patere
562 2719 700 2794 noluisti,
723 2724 831 2800 evigila
844 2726 975 2796 plenius:
990 2729 1074 2783 nullo
1091 2749 1144 2784 raro·
1170 2734 1177 2772 t

121 2805 157 2861 do
169 2803 216 2860 his
230 2804 341 2860 artibus
353 2807 487 2880 placatur
502 2804 602 2884 divina
615 2806 767 2876 maiestas,
791 2807 896 2881 quibus
905 2807 1039 2866 humana
1053 2811 1144 2889 digni·
1172 2830 1176 2849 ‘¹

69 2938 72 2944 .
119 2899 165 2946 tas
188 2890 370 2963 inquinatur.
414 2885 588 2964 Quoigitur
601 2897 687 2960 pacto
701 2888 789 2960 deos,
816 2891 867 2964 qui
880 2892 986 2947 talibus
1001 2892 1143 2950 delectae·
1178 2928 1179 2933 =

119 2983 169 3030 tnr
183 2972 349 3046 obsequiis,
374 2969 476 3028 haberi
491 2980 577 3044 putas
591 2971 623 3026 in
636 2973 717 3028 omni
731 2990 854 3028 numero
869 2982 1040 3055 sanctarum
1054 2982 1143 3034 cocle·
1177 3000 1181 3013 ¹

51 3089 53 3094 =
119 3058 210 3113 stium
234 3062 430 3128 potestatum,
456 3073 523 3110 cnm
536 3052 668 3110 homines
685 3073 737 3130 per
751 3074 825 3131 quos
840 3055 940 3112 eadem
952 3070 1086 3136 aguntur
1099 3063 1142 3118 ob·

119 3135 232 3215 seq'uia,
246 3156 307 3194 nen
320 3139 431 3210 putasti
443 3134 591 3193 habendos
603 3137 635 3193 in
646 3157 770 3196 nunrero
781 3139 1030 3216 qualiumcunque
1041 3146 1141 3206 civium
1175 3160 1180 3177 t

118 3215 340 3280 Romanoruml
359 3219 629 3298 lnconrparabiliter
642 3239 768 3296 superna
783 3233 827 3279 est
842 3225 946 3279 civitas
961 3226 1086 3300 clarior,
1099 3229 1149 3285 ubi·
1174 3251 1175 3260 ¹

28 3303 92 3364 'a
117 3309 259 3378 victoria,
285 3305 410 3374 veritas,
436 3303 486 3360 ubi
500 3303 645 3380 dignitas,
660 3307 816 3378 sanctitas3
841 3307 980 3381 ubipax,
1004 3301 1153 3382 felicitas,
1175 3341 1176 3344 ¹

117 3391 168 3458 ubi
182 3373 257 3461 vita',
277 3388 445 3443 aeternitas.
489 3383 582 3442 Multo
595 3388 693 3444 minus
706 3386 793 3445 habet
805 3391 836 3445 in
851 3408 904 3446 sua
916 3393 1061 3450 socictate
1075 3397 1142 3450 talos
1178 3406 1181 3423 ”

117 3471 204 3543 deos,
231 3475 257 3527 si
275 3471 353 3546 tuin
366 3479 417 3525 tua
430 3471 503 3525 tales
517 3466 650 3526 homines
663 3469 769 3528 habere
783 3473 936 3530 erubuisti.
978 3473 1108 3534 Proinde
1121 3478 1151 3538 si.
1176 3473 1180 3499 ¹

116 3555 153 3609 ad
178 3557 292 3611 beatam
315 3554 471 3628 pervenire
497 3551 648 3608 desideras
661 3553 833 3627 Civitatem,
860 3553 956 3613 devita
971 3557 1140 3618 daemonum

116 3640 295 3694 societatem.
339 3635 463 3714 lndignc
476 3635 511 3691 ab
525 3633 658 3691 honestis
673 3639 827 3712 coluntur,
842 3642 893 3714 qui
905 3659 957 3715 per
967 3650 1071 3716 turpes
1084 3647 1140 3719 pla-

115 3728 229 3775 cantur.
273 3719 326 3775 Sic
337 3719 387 3775 isti
400 3739 417 3774 a
430 3729 481 3774 tua
504 3711 613 3792 pietate
638 3732 845 3778 removeantur
869 3727 1047 3802 purgatione
1061 3727 1141 3786 Chri·

51 3827 52 3832 *
114 3803 224 3872 stiana,
239 3802 384 3876 quomodo
396 3804 466 3859 illia
481 3812 532 3857 tua
546 3800 690 3879 dignitate
704 3807 809 3861 remoti
823 3815 893 3862 sunt
906 3811 1060 3876 notatione
1075 3803 1140 3866 cen-

91 3897 94 3910 ’
113 3885 200 3940 soria.
245 3884 290 3940 De
312 3885 397 3940 bonis
420 3894 518 3942 autem
538 3887 719 3960 carnalibus,
737 3888 850 3966 quibus
865 3891 935 3946 solis
948 3894 1018 3948 mali
1029 3893 1139 3970 perfrui
