2362 4320
182 256 186 260 ·
218 236 270 294 or
291 213 511 315 cr'vrrsru
539 235 620 296 oss
652 235 796 296 rrum.
965 245 1026 302 see

15 401 17 428 τ
59 379 148 454 simplici
157 381 197 440 fide
206 397 284 466 atqne
297 387 409 458 fiducia
421 388 553 462 pietatis,
573 405 635 446 non
648 389 899 454 incantationibus
916 398 945 446 ct
959 411 1017 448 car·

15 497 26 526 κ,
58 463 149 518 minibus
158 468 258 527 nefariae
273 473 456 527 curiositatis
467 481 529 526 arte
539 474 717 546 compositis,
732 491 819 546 quarn
829 474 878 528 vel
890 475 1026 549 magiam,

18 527 29 594 l
59 547 95 599 vel
105 544 267 612 detestabiliore
280 555 401 612 nomine
415 555 558 630 goiitianr,
576 557 625 611 vel
636 553 853 614 honorabiliore
865 554 1027 632 theurgiam

15 645 19 673 s
42 637 144 696 ‚vocent
162 636 282 710 qidqnesi
295 647 444 692 conantur
461 639 518 691 ista
531 636 712 707 discernere,
739 648 769 692 et
785 639 897 705 illicitis
916 639 1027 704 artibus
1089 633 1101 642 ”

15 725 33 795 a
61 705 138 763 deditos
148 716 200 771 elios
212 719 402 789 damnabiles,
416 737 489 792 quos
503 728 532 773 et
545 720 691 777 maleficos
706 701 809 796 vulgus
825 718 1027 794 appellat„ho‚s

15 807 31 837 s.
62 791 146 848 crinal
155 802 261 873 galtiam
274 803 425 874 pertinere
439 798 556 872 dieunt3
570 804 644 857 alios
656 811 753 857 autern
763 802 922 857 laudabiles
935 802 1028 857 videri

18 887 36 920 ι
60 873 138 944 solunt,
156 883 239 954 quibus
252 883 430 962 ‘theurgiam
452 882 606 957 deputant3
633 904 700 940 cum
716 887 777 958 sint
793 886 910 959 utrique
923 885 1027 940 ritibus
1042 893 1054 896 ”

15 968 38 1001 c:
62 949 159 1016 suscites
170 963 333 1022 daemonum
347 966 479 1021 obstricti
492 967 725 1036 sub‘nominibus
739 969 921 1042 angelorum.

15 1050 39 1084 ¹³¹³
96 1036 146 1122 'llam
156 1056 180 1100 et
187 1046 361 1122 Porphyrius
375 1047 520 1120 quandam
535 1048 619 1120 quasi
631 1051 837 1124 purgationem
850 1052 964 1106 animae
977 1069 1030 1123 per
1121 1109 1126 1119 ¹

20 1133 35 1165 f·
61 1113 172 1200 beugen,
183 1140 352 1210 cunctanter
365 1139 463 1184 tamen
477 1138 506 1183 ct
518 1127 685 1202 pudibunda
699 1129 823 1202 quodam
833 1132 918 1188 modo
929 1133 1029 1206 dispu-

15 1212 40 1254 Q
57 1205 123 1261 bdcee
131 1215 275 1283 promittit3
298 1213 501 1268 reversionem
513 1230 584 1267 vcro
599 1211 635 1266 ad
644 1211 739 1266 Deum
752 1210 826 1268 hanc
840 1224 931 1269 artem
944 1233 1029 1288 prae-

15 1277 98 1342 saccus
110 1295 221 1368 cuiquam
234 1303 339 1371 negat:
353 1303 387 1348 ut
400 1293 501 1366 videas
516 1313 581 1348 eum
594 1294 672 1350 iuter
683 1295 962 1373 vitium-sacrilegae
977 1317 1030 1354 eu-

44 1367 143 1430 musicem
159 1386 186 1432 et
206 1374 405 1451 philosophiae
419 1376 632 1450 professionem
645 1378 801 1432 sententiis
816 1380 1030 1446 alternantibus

15 1459 19 1490 ι
34 1443 150 1514 &decuere
187 1460 273 1516 Nunc
288 1461 368 1538 enim
380 1458 456 1536 hane
470 1468 564 1514 artem
577 1469 718 1534 tanquam
730 1458 864 1516 fallacem
880 1471 909 1516 et
922 1463 955 1516 in
968 1463 1031 1534 ipsa

23 1539 118 1595 'tudone
132 1544 320 1616 periculosam
341 1551 370 1596 et
388 1535 501 1617 legibus
524 1540 715 1613 prohibitam,
743 1543 901 1597 cavendam
915 1555 1029 1610 mouet:

15 1625 88 1676 >ausc
103 1635 190 1680 autem
206 1626 290 1682 velut
303 1625 370 1679 eius
390 1624 590 1680 laudatoribus
611 1623 733 1694 cedens,
760 1626 862 1680 utilem
880 1625 952 1679 dicit
966 1644 1030 1681 csse

18 1705 175 1764 mundandae
188 1709 265 1782 parti
278 1709 413 1777 animae,
434 1714 494 1762 non
506 1707 623 1781 quidem
636 1707 847 1777 intellectuali,
862 1725 920 1781 qua
931 1725 1034 1764 rerum¹

16 1777 222 1866 intelligibilium
239 1791 403 1864 percipitur
417 1791 542 1860 veritas,
554 1829 557 1832 -
568 1791 664 1844 nullas
678 1787 1029 1844 habentiumsimilitudi-

15 1877 60 1925 nes
71 1888 231 1947 corporum3
259 1872 311 1926 sed
324 1873 468 1944 spiritali,
482 1891 538 1946 qua
551 1873 749 1944 corporalium
762 1890 863 1930 rerum.
875 1873 1031 1948 capiuntur
1081 1877 1084 1884 '

15 1947 147 2032 laragines.
178 1955 264 2012 Hane
280 1956 358 2010 enim
372 1955 442 2009 dicit
456 1954 661 2030 per-quasdam
676 1957 914 2010 consecrationes
929 1952 1030 2009 theur-

15 2037 96 2112 gicas,
123 2057 194 2113 quas
213 2040 319 2094 teletas
341 2046 463 2105 vocant,
489 2035 624 2112 idoneam
637 2037 802 2112 fieriatquc
821 2046 917 2112 aptam
931 2055 1031 2092 susce·
1105 2081 1109 2090 .

15 2122 91 2191 ptioni
104 2124 261 2195 spirituum
274 2129 304 2174 ct
317 2121 503 2196 angelorum,
532 2119 611 2175 etad
624 2118 766 2176 videndos
781 2119 860 2175 deos.
903 2119 951 2175 Ex
965 2122 1030 2193 qui-

15 2199 54 2258 bus
70 2213 163 2261 tamen
182 2203 346 2280 theurgicis
365 2203 462 2257 teletis
482 2203 591 2258 fatetur
608 2203 801 2258 intellectuali
819 2204 933 2258 animae
958 2201 1030 2258 nihil
1074 2240 1079 2250 -

15 2289 179 2364 purgationis
192 2273 350 2354 accedere,
377 2284 455 2358 quod
475 2295 539 2340 eam
556 2284 645 2342 faciat
662 2284 798 2355 idoneam
818 2284 854 2341 ad
873 2284 1046 2341 videndum·

15 2365 93 2424 Deum
105 2389 209 2437 suune,
230 2378 260 2424 et
272 2368 475 2442 perspicienda
489 2385 523 2422 ea
537 2385 612 2443 quae
621 2385 691 2442 vere
703 2365 797 2442 [vera]
813 2365 960 2444 sunthx
974 2387 1030 2441 quo

15 2443 123 2530 'urtelligi
136 2461 245 2526 potest,
261 2437 522 2530 qualium‘deorum
532 2451 580 2505 vel
593 2451 707 2524 qualem
719 2450 941 2506 visionemfieri
953 2450 1032 2506 dieat

15 2531 156 2612 liturgicis
171 2531 458 2601 consecrationibus,
485 2531 517 2608 in
531 2539 588 2605 qua
602 2551 661 2588 non
676 2523 860 2587 occidentur
875 2551 948 2607 quae
961 2551 1031 2589 vere
1077 2565 1079 2568 .

15 2627 76 2672 cunt.
88 2617 358 2690 Deniqueanimam
366 2616 552 2683 rationalem,
565 2611 627 2669 sive
638 2613 715 2688 quod
727 2611 821 2690 magis
834 2605 911 2670 amat
922 2616 1030 2686 dicere,

15 2699 242 2768 htellcctualem,
264 2700 296 2753 in
310 2714 439 2772 superne
457 2691 540 2774 [sua]
560 2707 645 2771 posse
665 2694 736 2772 dicit
754 2695 891 2767 evadere,
918 2699 1032 2754 etiamsi
1060 2749 1066 2755 .

15 2779 76 2852 quad
97 2785 159 2837 eius
181 2781 312 2854 spiritale
337 2787 398 2852 cst,
424 2780 506 2854 nulla
519 2777 672 2855 theurgica
686 2778 775 2832 fuerit
787 2789 849 2834 arte
861 2790 1031 2857 purgatum:

15 2879 84 2934 porro
98 2872 226 2919 autema
240 2861 366 2938 theurgo
381 2862 542 2933 spiritalem
555 2859 677 2941 purgari
694 2859 851 2933 hactenus,
877 2873 909 2917 ut
923 2881 981 2918 non
995 2880 1032 2916 ex
1126 2889 1128 2893 v

15 2941 102 3000 decad
115 2939 367 3001 immrortalitatem
381 2944 642 3017 aeternitatemque
654 2944 815 3017 perveniat.
859 2945 1034 3018 Quanquam

15 3026 95 3102 ltaque
109 3027 257 3084 discornat
271 3046 288 3082 a
302 3025 489 3082 daemonibus
504 3027 640 3102 angelos,
666 3027 746 3080 adria
760 3045 824 3081 esse
836 3027 900 3082 loca
914 3027 1032 3082 doesne-

15 3099 83 3180 eam,
108 3108 239 3166 aetheria
251 3105 300 3165 vel
318 3101 455 3182 e'mpyrca
469 3108 614 3186 disserens
628 3111 814 3185 angelorum,
836 3118 865 3164 et
879 3109 1034 3166 adenoneat

15 3191 139 3247 utendum
153 3193 274 3247 alieuius
289 3190 440 3248 daemonis
453 3192 597 3261 amicitia,
625 3197 681 3265 quo
696 3191 886 3248 subvectante
900 3193 947 3248 vel
959 3207 1031 3262 pau-

15 3273 88 3330 lulum
101 3277 201 3350 possit·
211 3266 321 3331 clevari
335 3283 446 3328 a'tcrra
465 3274 588 3347 quisque
606 3283 673 3347 post
689 3284 828 3343 mortem,
855 3275 943 3329 aliam
959 3288 1031 3346 vcro

15 3356 158 3411 siamsscsse
175 3353 327 3430 perhibeat
346 3353 389 3428 ad
401 3357 573 3432 angelorum
596 3361 721 3429 superna
735 3357 898 3410 consortia:
925 3370 1031 3408 caven-

15 3433 65 3492 lam
83 3449 182 3494 tamen
200 3435 374 3494 daemonum
389 3438 558 3514 societatem
572 3456 711 3512 expressa
725 3436 849 3511 quodam
860 3435 946 3490 modo
962 3454 1032 3491 con-

15 3518 128 3576 cesione
141 3530 282 3588 testatur,
296 3519 346 3574 ubi
357 3519 428 3582 dicit
441 3521 567 3574 animam
579 3530 647 3594 post
660 3529 782 3576 mortem
792 3517 897 3573 luendo
911 3534 1032 3591 poenas,

15 3603 109 3658 :ultum
124 3602 298 3657 daemonum
310 3595 326 3654 a
336 3595 438 3674 quibus
453 3601 732 3658 circumveniebatur
744 3595 926 3656 horrescere:
940 3601 1034 3672 ipsam
1100 3626 1109 3634 ·

15 3702 55 3756 pue
81 3684 264 3760 theurgiam,
292 3700 379 3755 quam
391 3684 472 3738 velut
490 3686 717 3738 conciliatricem
733 3683 904 3758 angelorum
915 3682 1035 3755 deorum

15 3784 54 3838 pue
67 3766 267 3834 commendat,
281 3762 357 3837 apud
372 3766 444 3819 tales
459 3785 547 3842 agere
561 3774 720 3839 potestates
732 3783 842 3842 negare
855 3783 915 3819 non
928 3764 1034 3840 potuit,

15 3867 71 3922 ,uae
91 3849 141 3907 vel
159 3849 241 3923 ipsae
259 3844 410 3904 invideant
428 3850 608 3926 purgationi·
621 3848 752 3921 anicnae,
777 3847 957 3906 solertibus
974 3865 1041 3902 scr-

639 3985 642 3990 .
717 3931 745 3992 Τ
