2266 4312
204 179 831 290 rmommmammmaxm
921 225 1027 282 ,sm
1108 212 1114 218 ’

36 389 113 447 qnae
128 371 240 426 iniuste
253 379 423 441 moventur,
442 388 524 426 meno
538 371 748 444 compescendo
763 381 793 426 ct
806 370 965 432 cohibendo
977 391 1027 442 ‘re-

14 464 108 510 aenet
122 463 154 509 et
166 463 300 523 revocet,
320 463 408 526 atquc
422 453 458 508 ad
472 471 506 509 ea
517 456 683 527 permittat,
703 449 778 528 quae
791 455 950 528 sapientiae
963 449 1043 534 legc'
1065 462 1082 472 “

2 555 133 593 oncesaa
149 545 233 606 sunt3
255 538 331 590 sicut
343 537 417 590 iram
431 537 467 590 ad
480 536 673 592 exercendam
687 539 793 592 iustam
806 539 1030 610 coercitionem,

1 623 70 676 icat
83 617 237 674 libidinem
251 619 287 674 ad
299 619 505 694 propagandae
517 621 608 691 prolia
619 619 760 676 officium-:¹
772 618 826 674 hae
836 621 955 694 inquam
964 639 1031 694 par·
1068 623 1075 640 ‘

9 721 34 758 ¹r
54 705 88 757 in
109 702 245 776 paradino
265 711 334 756 ante
354 709 505 775 peccatum
524 704 647 758 vitiosae
661 711 829 760 uenerant.
872 702 939 758 Non
953 706 1032 760 enim

13 796 97 840 ntra
109 793 222 842 rectum
234 787 416 841 voluntatem
429 784 466 838 ad
479 786 591 859 aliquid
603 786 806 854 movebantur,
820 785 897 840 unde
911 793 1032 842 necesse

8 877 71 923 aret
85 886 135 922 eas
150 869 274 923 rationis
288 863 429 943 [ratione]
443 877 580 942 tanquam
594 869 704 924 fraenis
717 868 888 945 regentibus
903 868 1032 924 abstinc-

8 971 34 1006 e.
57 949 147 1005 'Nam
159 949 237 1025 quod
249 969 327 1012 nunc
343 952 385 1004 ita
398 959 569 1021 moventur,
583 960 614 1006 et
626 952 660 1020 ab
676 953 717 1006 eir
732 953 780 1025 qui
793 959 990 1026 temperanter
1004 961 1034 1008 et

1 1035 72 1088 'urtc
86 1042 117 1088 et
129 1035 178 1108 pie
190 1035 308 1102 vivunt,
335 1034 406 1088 alias
420 1029 550 1102 facilius,
577 1036 649 1089 alias
662 1033 826 1105 difficiliur;
841 1043 938 1093 tamon
953 1033 1034 1091 cobi-

5 1115 90 1170 endo
105 1125 137 1170 ct
151 1115 345 1172 refraenanda
365 1114 583 1186 modificantur,
605 1129 665 1172 non
686 1125 730 1171 ert
745 1118 847 1191 utiquc
868 1119 978 1174 sanitas
997 1133 1036 1172 ex

18 1209 112 1269 atum,
127 1197 179 1254 ced
191 1201 318 1276 languor
331 1215 368 1252 cx
382 1201 475 1272 eulpa.
512 1199 595 1264 Quod
609 1209 706 1254 autem
718 1201 781 1253 irae
795 1217 884 1276 opera
897 1201 1035 1256 aliarum·
1051 1265 1056 1274 ,Ἰ

3 1300 53 1336 ue
65 1280 253 1337 affectionum
266 1282 297 1338 in
311 1281 473 1358 quibusque
482 1280 567 1336 dicti·
579 1291 668 1355 atque
682 1281 770 1336 sactis
783 1293 841 1337 non
856 1283 898 1338 aio
912 1284 1036 1340 abscon-

4 1367 40 1420 it
54 1363 249 1434 verecundia,
275 1358 310 1419 ut
327 1381 413 1437 opcra
430 1355 560 1419 libidinis
580 1381 652 1448 quae
665 1364 742 1420 fiunt
753 1365 930 1440 genitalibus
944 1384 1036 1421 mem-

5 1450 69 1517 rin,
85 1447 155 1521 quid
169 1465 275 1502 causae
288 1455 342 1514 cot,
355 1447 414 1506 nisi
428 1448 495 1518 quia
508 1448 539 1502 in
553 1448 677 1501 eaeterir
691 1447 819 1501 membra
833 1450 962 1521 corpor-ir
976 1467 1037 1522 non

9 1549 80 1603 prae
93 1527 276 1599 affectiones,
290 1529 341 1582 red
354 1547 418 1589 cum
433 1523 680 1598 cis'conrenscrit
694 1531 831 1584 voluntas
841 1540 955 1600 movet‚·
964 1548 1037 1604 quae

11 1631 31 1668 n
44 1631 99 1668 uau
115 1631 215 1667 corum
227 1613 347 1668 omnino
362 1607 545 1668 dominaturi
558 1611 633 1672 Nem
647 1612 778 1685 quisquis
793 1612 915 1669 verbum
929 1615 1038 1668 emittit

0 1706 103 1766 ratus,
117 1697 166 1750 vel
179 1695 267 1749 ctiam
280 1695 446 1776 quenquam
459 1695 598 1766 percutit,
612 1711 672 1751 nou
685 1702 785 1767 poract
796 1691 852 1748 hoc
866 1693 973 1764 facere,
989 1697 1036 1750 ni-

6 1780 144 1856 iliagua
157 1787 188 1832 et
200 1795 305 1832 munus
324 1776 444 1830 iubente
463 1775 588 1850 quodam
607 1775 693 1846 modo
711 1777 1052 1836 voluntatemorerene-

35 1880 62 1917 r:
89 1879 165 1936 quae
185 1859 328 1927 membra,
352 1859 525 1916 etiamnum
544 1860 589 1914 ira
607 1860 687 1920 nulla
701 1868 757 1929 ert,
771 1861 925 1913 moventur
939 1859 1039 1916 cadem

10 1947 161 1999 oluntatc.
195 1943 235 1998 At
246 1959 318 1997 vcro
332 1942 477 2022 genitale·
492 1943 623 2012 corporis
637 1935 735 2014 partes
752 1943 794 1995 ita
808 1937 900 1994 libido
914 1959 968 1996 cuo
981 1944 1040 1998 iuri
1125 1941 1129 1945 ’

7 2027 124 2081 uodam
139 2025 224 2082 modo
237 2025 424 2096 mancipavit,
438 2032 470 2078 ut
482 2026 593 2080 moveri
605 2043 666 2082 non
678 2024 805 2093 valeant,
821 2025 845 2078 si
859 2025 923 2096 ipra
937 2023 1039 2098 defuc-

0 2132 2 2151 ι
19 2111 92 2179 't‚·et
106 2110 166 2164 nisi
178 2110 243 2180 ipra
252 2108 300 2162 vel
313 2108 393 2163 ultro
406 2109 453 2162 vel
468 2108 597 2162 excitata
610 2108 781 2168 surrexerit.
824 2104 889 2164 Hoc
905 2106 1039 2180 estquod
1093 2141 1099 2148 -

0 2210 12 2251 ιΙ
22 2193 98 2261 udet,
112 2190 168 2246 hoc
180 2189 310 2264 estquod
321 2190 499 2244 intuentium
512 2191 613 2246 oculor
629 2189 826 2244 erubescendo
840 2188 964 2245 devitat:
976 2209 1051 2244 ‘ma-s
1108 2187 1111 2193 ’

0 2277 102 2350 irquc
128 2275 187 2329 fert
209 2272 295 2328 borno
317 2273 513 2346 spectantium
531 2273 765 2342 multitudinem,
793 2272 909 2348 quando
929 2274 1040 2328 iniuste
1077 2279 1109 2297 “’

0 2379 1 2398 ι
34 2360 137 2413 icitur
151 2356 275 2428 homini,
290 2373 377 2432 quara
390 2355 476 2412 unius
488 2354 659 2433 adspectura
673 2365 702 2410 ct
715 2354 829 2430 quenda
844 2357 921 2416 iurte
934 2357 1040 2414 uriace-

22 2458 157 2497 raxorr.
653 2459 655 2462 ·

358 2561 643 2646 'cur.xn
737 2539 739 2544 ’

239 2683 282 2735 De
291 2681 436 2736 caniculae
452 2682 622 2747 turpitudine
633 2680 802 2750 Cynicorum.

63 2775 130 2832 Hoc
150 2775 194 2829 illi
212 2773 312 2828 canini
329 2768 507 2845 philosophi,
532 2768 587 2825 hoc
605 2780 650 2826 est
667 2769 787 2845 Cynici,
813 2783 873 2825 non
891 2770 1043 2850 viderunt,-

0 2861 185 2925 proferentes
201 2865 305 2912 contra
318 2853 475 2924 humanam
487 2853 706 2922 vcrccundiam‚
720 2853 789 2926 quid
801 2851 880 2908 aliud
892 2870 978 2924 quam
992 2871 1042 2908 ca·
1094 2883 1098 2890 ·
1122 2851 1124 2854 ’

1 2947 112 3013 ninam,
125 2940 182 2996 boc
195 2948 251 3008 est,
265 2937 441 3002 immundam
455 2934 708 3014 impudentemque
722 2931 915 2991 sententiam?
938 2943 972 2988 ut
984 2937 1044 2989 oci-

1 3026 71 3082 licet
83 3025 224 3100 quoniam
237 3015 346 3076 iustum
361 3028 406 3074 est
418 3017 496 3092 quod
508 3017 542 3073 fit
555 3019 587 3073 in
601 3036 705 3088 uxore,
719 3020 814 3093 palam
823 3035 883 3073 non
895 3017 1003 3090 pudeat
1013 3015 1044 3070 id
1115 3085 1122 3090 „

9 3123 104 3188 gere3
142 3106 249 3162 necin
267 3105 333 3158 vico
356 3111 406 3156 aut
427 3102 522 3172 platea
547 3097 674 3181 qualibet
696 3101 882 3183 coniugalem
906 3099 1044 3154 concubi-

1 3203 63 3248 tum
75 3191 219 3246 devitar'e.
242 3185 321 3240 Vicit
333 3194 433 3239 tamen
445 3183 537 3256 pudor
551 3186 695 3238 naturalis
707 3177 885 3257 opinionem
893 3180 981 3236 buius
997 3200 1044 3235 er-

1 3277 90 3338 ror-in
122 3272 198 3328 Nam
213 3271 269 3324 etsi
279 3258 445 3342 perhibent,
465 3263 520 3320 boc
533 3267 689 3340 aliquando
703 3263 1044 3342 gloriabundumtecmc

1 3358 181 3434 Diogenem,
196 3355 240 3408 ita
252 3360 403 3426 putantem
418 3357 528 3403 rectam·
542 3367 624 3403 auem
637 3350 811 3404 nobiliorem
824 3349 961 3416 futuram,
975 3347 1001 3398 ri
1013 3348 1046 3401 in

1 3441 157 3497 bominum
171 3435 311 3491 memoria
323 3433 470 3508 insignior
489 3433 551 3486 eiua
569 3431 747 3505 impudentia
764 3431 922 3506 figet-etum·
944 3440 1047 3501 postca

1 3511 107 3581 tamen¹
123 3539 142 3575 a
155 3519 276 3594 Cynicis
296 3511 361 3570 lieri
381 3523 525 3570 cereatum
547 3524 607 3585 ert3
628 3515 748 3588 plusque
769 3513 862 3568 valuit
878 3511 987 3584 pudor,
1013 3519 1047 3565 ut

1 3607 216 3662 embeaccrent
228 3598 361 3654 homines
373 3596 557 3667 hominibus,
576 3615 663 3671 quam
677 3614 776 3665 error,
802 3604 836 3650 ut
845 3593 982 3648 'homines
994 3611 1046 3648 ca-

23 3691 90 3746 ibur
107 3679 490 3742 caae‘rimilce-affectarent.
525 3678 608 3734 Vnde
622 3689 651 3734 et
665 3679 746 3733 illum
760 3678 902 3746 volibat,
929 3677 979 3749 qui
991 3674 1047 3732 hoc

0 3775 110 3829 =ecime
124 3766 307 3835 referuntur,
320 3763 415 3838 potius
430 3762 557 3816 arbitror
571 3761 826 3816 concumbentium
838 3768 939 3814 metue·
948 3757 1045 3814 dedis-

0 3892 2 3907 ,
23 3886 24 3889 =
47 3853 145 3911 oeulis
159 3848 314 3904 bominum
326 3845 519 3902 nescientium
532 3843 602 3919 quid
615 3844 668 3902 rub
683 3845 770 3920 pallio
785 3851 951 3922 gereretur,
961 3859 1052 3916 quam
