2400 4312
35 111 156 158 ‘1¹

32 253 41 260 ..
132 213 194 280 252
215 175 218 180 ’
238 225 287 260 ι,
362 206 459 267 nim
492 205 684 298 avarum,
707 203 963 264 aversum
1003 258 1006 261 ,

63 411 68 422 ,
135 349 182 418 tus
198 361 359 431 idolorum,
386 369 416 415 at
435 361 465 416 in
486 375 535 416 eos
555 361 605 433 qui
624 337 755 414 colerent
768 358 928 420 dominatio
942 358 1169 431 daemoniorum,

108 459 110 466 ‘
135 448 212 502 malo
232 447 336 520 spiritu
354 444 512 520 instigatus
532 461 645 516 semper
662 442 779 498 volebat
797 443 883 497 istam
897 444 1101 516 captivitatem
1113 463 1169 498 ma-

136 549 225 600 nere,
250 547 308 604 qua
326 536 475 581 transacta
488 525 621 580 Psalmus
642 526 722 580 canit
739 524 889 592 aedificari
907 524 1025 580 domum
1045 528 1169 583 inomni

134 625 224 686 terra.
252 610 482 686 Praenuntlobat
495 611 545 663 illa
559 607 683 664 Hermes
697 607 836 662 dolendo:
857 610 1092 680 praenuntiabat
1102 608 1166 664 baec

134 694 288 770 Propheta
293 691 456 770 gaudendo.
500 688 540 746 Et
553 691 622 765 quia
637 690 763 764 Spiritus
777 692 872 746 vietor
886 699 947 761 est,
974 693 1026 764 qui
1039 691 1110 746 haec
1122 710 1166 765 per

136 788 251 850 sanctos
265 774 424 849 Prophetas
438 773 577 830 canebat:
603 775 690 828 etiam
716 769 839 828 Hermes
867 774 931 846 ipse
957 791 992 828 ca
1019 793 1095 848 quae
1119 793 1165 829 no-

135 862 215 916 lebat
235 869 264 915 et
290 851 405 918 dolebat
422 857 547 925 anscrri,
574 875 634 912 non
645 869 671 910 'a
684 855 876 932 prudentibus
890 864 921 910 ct
931 855 1071 914 fidelibus
1086 867 1114 912 ct
1124 877 1164 912 re·
1179 891 1180 896 κ

135 945 268 1021 ligiosiS,
295 941 347 996 sed
360 941 395 994 ab
409 941 573 996 errantibus
589 948 617 994 et
628 939 802 1008 incredulis,
824 947 855 992 et
868 956 885 993 a
899 941 981 994 cultu
996 941 1116 1004 divinae
1125 959 1163 995 rc·

104 1055 109 1060 ·
137 1027 259 1103 ligionis
274 1021 384 1098 aversis
398 1041 462 1078 csse
477 1024 621 1099 instituta,
635 1022 717 1077 miris
730 1021 824 1077 modis
839 1032 957 1078 coaetus
973 1033 1019 1078 est
1032 1023 1163 1080 confiteri.

44 1163 49 1175 ,
139 1111 196 1176 Qui
208 1108 341 1183 quamtis
356 1124 405 1162 eos
420 1107 545 1179 appellet
558 1104 646 1175 deos,
659 1113 834 1160 tamencum
846 1103 919 1160 dicit
930 1124 948 1160 a
961 1107 1070 1162 talibus
1083 1099 1164 1162 bomi-

61 1195 66 1204 “
138 1191 225 1247 nibus
246 1191 354 1258 laetoS,
381 1191 480 1262 quales
503 1203 568 1244 csse
590 1189 693 1261 utique
713 1199 778 1246 ,non
796 1187 951 1260 debemus,
977 1185 1067 1261 velit,
1092 1190 1164 1257 nolit,

121 1319 122 1324 ,
140 1272 273 1329 ostendit
291 1270 429 1327 colendos
447 1289 507 1326 non
527 1287 592 1328 csse
611 1270 646 1326 ab
665 1271 707 1336 cis
725 1271 775 1346 qui
793 1273 866 1326 tales
886 1289 945 1327 non
966 1282 1052 1342 sunt,
1079 1273 1163 1346 quales

94 1365 100 1378 s
140 1357 260 1414 fuciunt
273 1373 290 1410 a
303 1354 406 1428 quibus
420 1353 490 1408 facti
503 1363 595 1424 sunt,
613 1351 669 1408 hoc
683 1361 743 1426 cst,
769 1354 1009 1428 aprudentibus‚
1036 1354 1164 1421 fidelibus,

140 1439 302 1515 religiosis:
315 1437 402 1490 simul
415 1437 505 1492 etium
516 1435 734 1507 denronstrans,
751 1438 827 1510 ipsos
841 1435 990 1508 homines,
1005 1440 1057 1513 qui
1070 1456 1116 1494 cos
1129 1436 1163 1491 lc-

140 1530 263 1592 ccrunt,
289 1519 406 1575 sibimet
425 1521 613 1592 importasse,
639 1529 673 1574 ut
691 1537 741 1574 eos
757 1517 899 1594 baberent
912 1521 983 1576 deos
998 1523 1049 1596 qui
1063 1520 1102 1575 dii
1114 1536 1163 1575 non

11 1579 15 1588 Δ
112 1659 113 1664 ,
141 1613 234 1660 crunt.
278 1602 387 1658 Verum
405 1604 568 1677 estquippc
582 1600 891 1676 ¹illud‘propbetieum:
918 1601 954 1659 St
967 1604 1074 1675 saciet
1096 1601 1164 1658 bomo

140 1689 224 1755 decis,
239 1695 267 1742 et
283 1703 347 1741 ecce
361 1687 423 1762 ipsi
434 1703 490 1740 non
504 1695 574 1740 aaut
587 1686 639 1741 dii.
684 1684 764 1741 Deos
778 1703 849 1762 ergo
864 1688 953 1757 tales,
981 1688 1084 1742 talium
1095 1685 1163 1752 deos,

140 1762 203 1827 arte
217 1770 309 1824 factos
324 1785 341 1822 a
355 1769 476 1838 talibus,
503 1784 569 1822 cum
595 1769 770 1841 appellasset
791 1767 941 1840 Hermesy
958 1769 988 1825 id
1006 1779 1067 1839 est,
1090 1767 1163 1822 idolis

73 1887 77 1890 -
141 1843 321 1920 daemones,
329 1869 382 1925 pcr
394 1859 486 1905 artem
500 1852 710 1924 nescioquam,
736 1851 927 1923 cupiditatum
941 1871 1062 1908 suarum
1074 1853 1163 1908 vincu-

140 1939 177 1992 lis
192 1937 337 2011 illigatos,
364 1951 430 1988 eum
443 1933 604 2006 appellaret
616 1933 709 1988 iactos
723 1933 757 1988 ab
771 1932 934 1991 hominibus
948 1933 1035 2006 deos,
1061 1953 1117 1990 non
1129 1942 1164 1986 ta-

117 2075 120 2088 ,
141 2021 208 2074 siren
223 2021 265 2072 cis
280 2016 375 2086 dedit,
387 2015 466 2090 quod
480 2014 646 2071 Platonicus
660 2017 817 2089 Apuleius,
842 2014 932 2092 (unde
946 2020 1017 2074 satis
1031 2020 1088 2074 iam
1101 2016 1165 2071 diri·

66 2097 70 2106 *
141 2120 221 2170 nius,
247 2107 276 2154 ct
295 2117 381 2172 quam
402 2100 441 2154 sit
458 2100 672 2178 inconveniens
692 2100 906 2174 absurdumque
920 2092 1187 2172 monstravimus),

121 2207 129 2226 s
141 2193 175 2240 ut
188 2185 243 2257 ipsi
259 2191 357 2237 essent
371 2183 548 2254 interpretes
561 2180 592 2236 ¹ct
604 2179 817 2238 intercessores
838 2184 916 2250 inter
932 2183 1008 2239 'deos
1024 2203 1094 2259 quos
1107 2182 1167 2237 lecit

140 2267 239 2335 Deus,
262 2274 291 2319 ct
303 2263 436 2320 homines
451 2259 523 2339 quos
537 2263 614 2319 idem
627 2264 700 2320 fecit
712 2263 808 2337 Deus3
834 2263 903 2322 hino
922 2263 1165 2331 afferentes'vot'a,

139 2349 208 2406 inde
223 2365 345 2404 munera
356 2346 528 2402 relerentes.
553 2346 647 2402 Nimis
662 2349 741 2402 enim
756 2350 878 2403 stultum
892 2359 938 2404 est
952 2347 1089 2421 credere,
1108 2350 1165 2404 deos

27 2487 34 2496 ,
120 2481 128 2496 ,
139 2451 211 2509 quos
226 2431 359 2486 scccrunt
371 2428 519 2500 homines,
546 2432 609 2502 plus
623 2430 721 2484 valere
735 2429 811 2504 apud
823 2430 893 2486 deos
908 2450 984 2506 quos
998 2433 1072 2488 fecit
1085 2433 1165 2501 Deus,

140 2519 226 2591 quam
239 2507 340 2569 valent
354 2513 409 2586 ipsi
421 2510 553 2567 hominos
568 2529 640 2586 quos
656 2510 733 2566 idem
746 2514 808 2586 ipse
822 2513 998 2570 fecit‘lleus.
1021 2525 1023 2530 '
1045 2516 1165 2572 Daemon

141 2600 247 2672 quippo
268 2597 424 2650 simulacro
441 2597 507 2650 'arte
527 2593 615 2668 impia
637 2595 793 2671 colligatus
812 2596 847 2651 ab
865 2595 999 2668 homine,
1026 2599 1119 2654 fectus
1133 2608 1167 2654 est

139 2680 236 2750 l)eus,·
264 2678 314 2732 sed
329 2680 382 2732 tali
395 2675 522 2748 homini,
537 2696 597 2732 non
612 2678 690 2734 ornni
704 2675 824 2734 homini.
863 2681 964 2747 Qualis
979 2690 1026 2736 cst
1040 2701 1110 2759 crgo
1123 2683 1167 2736 iste

140 2763 226 2832 deus,
253 2780 338 2836 quem
351 2779 411 2816 non
421 2761 533 2815 faceret
542 2759 628 2814 bomo
641 2761 700 2815 nisi
713 2777 815 2816 errans
828 2771 856 2818 et
868 2763 1039 2820 incredulus
1054 2775 1083 2820 et
1095 2775 1169 2820 aser*

140 2855 189 2900 sus
203 2863 220 2899 a
234 2863 304 2901 vero
320 2839 404 2899 Deci
429 2842 521 2898 Porro
546 2845 571 2898 si
595 2843 825 2919 daemones'qui
844 2847 982 2900 coluntur
1000 2847 1034 2902 in
1052 2849 1168 2922 templis,

76 2973 78 2976 .
139 2947 192 3004 per
207 2937 300 2984 artem
313 2927 414 2981 neseio
429 2944 515 3001 quam
529 2927 705 3002 imaginibus
719 2926 823 2998 inditi,
849 2925 905 2983 hoe
920 2930 1168 3010 estxintzisibilibut

100 3035 101 3038 ¹
123 3013 125 3020 ’
141 3010 325 3078 simulacris,
353 3008 387 3063 ab
408 3009 449 3062 eis
463 3007 628 3064 bominibus
645 3009 695 3083 qui
707 3007 761 3064 hae
774 3019 838 3065 arte
851 3011 988 3067 fecerunt
1000 3011 1088 3085 deos,
1114 3031 1169 3070 cum

132 3087 313 3149 ¹'aberrarent
336 3092 492 3164 aversique
515 3100 615 3146 essent
633 3109 650 3146 a
667 3093 749 3146 cultu
769 3099 798 3148 et
814 3095 960 3170 religione
975 3095 1092 3168 divina,
1118 3113 1168 3152 non

92 3177 93 3180 ’
141 3187 210 3232 sunt
225 3173 402 3231 internuntii
416 3191 470 3229 aco
484 3174 661 3252 interpretes
675 3175 754 3229 inter
767 3172 899 3231 homines
914 3186 943 3231 et
954 3174 1042 3249 deos,
1070 3189 1100 3234 et
1111 3197 1169 3253 pro·

139 3268 206 3334 pter
229 3273 297 3313 suos
320 3255 462 3346 pessimos
485 3274 519 3311 ac
543 3257 726 3332 turpissimos
750 3275 862 3328 mores,
888 3267 918 3314 ct
936 3260 1013 3333 quod
1035 3259 1170 3326 homines,

138 3337 272 3416 'quamvis
293 3347 426 3406 errantes
442 3348 472 3394 et
485 3339 634 3394 increduli·
643 3348 672 3393 ct
685 3341 781 3395 aversi
795 3359 811 3395 a
826 3342 906 3396 cultu
925 3345 1120 3422 rereligione
1134 3341 1170 3396 di-

80 3475 82 3484 ,
139 3426 226 3494 vina,
253 3432 352 3478 tamen
366 3421 409 3476 eis
423 3419 486 3476 sine
499 3420 586 3477 dubio
600 3423 735 3478 meliores
752 3431 837 3494 sunt,
864 3442 937 3498 quos
957 3425 1027 3480 deos
1050 3429 1104 3502 ipsi
1118 3434 1170 3481 arte

139 3505 289 3562 fecerunt:
313 3513 422 3574 restat,
437 3512 470 3559 ut
482 3503 560 3578 quod
574 3514 714 3578 possunt,
729 3514 868 3579 tanquam
882 3505 1041 3564 daemones
1056 3511 1170 3585 possint,

138 3591 186 3644 vel
200 3591 283 3663 quasi
297 3585 440 3641 beneficia
453 3586 628 3660 praestando
642 3589 735 3665 magis
751 3597 907 3660 nocentes,
936 3592 1005 3665 quia
1018 3593 1113 3670 magis
1126 3591 1170 3645 dc·

137 3673 297 3744 cipicntes3
323 3671 372 3724 vel
385 3678 485 3741 aperte
497 3657 715 3748 malesacidndo.
760 3670 822 3727 Nee
839 3681 937 3728 tamcn
955 3675 1109 3748 quodlibet
1124 3673 1170 3729 bo·

14 3797 16 3806 t
69 3811 70 3814 ,
136 3771 220 3823 runi,
249 3756 307 3809 nisi
320 3751 436 3826 quando
451 3761 481 3807 et
494 3761 635 3825 quantum.
651 3753 864 3825 permittuntur
877 3757 937 3810 alta
951 3765 981 3812 et
994 3753 1109 3815 secreta
1122 3755 1171 3814 Dei

136 3835 333 3910 providentia:
362 3842 537 3890 tranantem
555 3843 694 3910 tanquam
712 3834 806 3892 medii¹
818 3838 896 3894 inter
917 3836 1053 3898 homines
1068 3850 1097 3898 et
1110 3841 1171 3897 deos
