2310 4306
101 303 107 334 Ι
166 199 805 295 on-esusrnssommu.x1x.
945 249 1002 304 on
1074 327 1080 338 .

30 387 109 452 tur3
134 379 185 436 sed
202 389 235 436 ut
253 382 315 462 uita
333 380 472 454 humana,
496 403 570 460 quae
584 395 628 441 tet
644 395 677 442 et
694 389 784 443 tantis
796 387 884 447 buius
898 398 1006 452 saeculi

30 479 53 516 s
73 481 135 518 esse
148 465 266 541 cogitur
278 467 401 534 misera,
424 467 581 540 spexfuturi
593 470 705 524 saeculi
718 472 757 525 sit
770 470 869 542 beata,
890 476 966 530 sicut
979 489 1007 533 et

30 561 65 600 ι.
88 546 237 612 Quomodo
251 549 331 604 enim
343 548 428 604 beatu
441 559 496 620 est,
510 568 585 624 quae
598 551 730 608 nondum
745 555 825 610 salva
839 553 901 611 esti
918 543 1005 614 ¹Vnde

30 630 169 698 postolos
180 627 288 686 Pau-lus
303 648 362 708 non
374 630 409 687 de
419 630 589 689 bominibus,
597 633 838 708 imprudentibus,
853 636 998 712 impatien

30 723 59 777 ι,
75 712 337 785 intemperantibus
352 724 382 769 et
393 706 516 788 iniquis,
535 717 594 773 'sed
607 717 642 772 de
656 716 706 794 his
716 720 765 792 qui
779 719 940 776 secundum
952 735 1008 779 ve·x
1049 761 1050 764 =

35 794 187 864 pietatem
195 795 340 866 viverent,
349 806 385 853 et
395 796 461 852 ideo
472 799 596 855 virtutes
609 797 841 874 quas-baberent,
856 803 940 860 ieras
954 803 1005 861 ha-

30 887 85 944 nt,
99 876 154 948 ait:
169 869 318 954 Speeuim
331 879 504 950 salvifacte'
515 897 622 938 sumus.
636 880 711 960 Spes
725 894 823 940 cutem
837 903 911 962 quae
923 889 1005 944 oide-
1041 939 1046 951 ,

35 975 102 1014 nou
114 968 161 1014 est
174 975 251 1036 spes.
282 959 368 1029 Quod
379 963 455 1022 enisu
468 964 532 1038 quie
546 965 642 1032 videt,
669 967 740 1041 quid
757 966 887 1043 speret?
904 967 941 1025 Si
953 989 1006 1028 uu-

30 1041 119 1114 quod
129 1060 187 1097 non
200 1043 330 1098 videmus
343 1041 511 1122 speremus,
526 1049 780 1122 perpetuatione
792 1045 1005 1127 exspectamus.

30 1129 53 1176 ιι
68 1141 138 1200 ergo
153 1142 205 1197 spe
218 1126 303 1196 salvi,
317 1127 359 1182 ita
372 1143 422 1199 spe
436 1126 513 1182 beati
526 1127 596 1183 facti
610 1147 724 1186 sumus:
739 1140 768 1187 et
781 1123 858 1188 sieut
870 1135 1005 1206 saiutem,

30 1206 252 1278 ·catitudinem,
278 1209 411 1264 uoniam
424 1219 557 1290 tenemus
570 1221 765 1285 praesentem,
788 1213 839 1269 sed
853 1205 1014 1290 euspectas

41 1288 192 1344 futuram:
207 1299 237 1345 et
248 1289 302 1345 hoe
309 1293 559 1368 perpetientium
566 1312 577 1366 ,·
590 1295 699 1369 quia'in
710 1296 795 1350 malis
807 1314 917 1370 sumus,
930 1317 1005 1372 quae

30 1382 116 1428 enter
131 1373 258 1428 tolerare
272 1372 425 1444 debemus,
450 1373 542 1430 donec
557 1376 593 1431 ad
607 1378 658 1432 iila
671 1378 821 1433 veniamus
836 1379 927 1451 bona,
955 1383 1004 1437 ubi

31 1451 68 1510 ia
81 1463 180 1524 erunt,
200 1449 715 1530 quibus.ineffabiliterdeleetemur3
741 1459 814 1514 nihil
825 1449 885 1517 'erit
898 1473 1005 1533 autem,

30 1531 40 1588 Ι
58 1538 119 1592 iam
132 1539 258 1593 tolerare
271 1537 433 1594 debeamus.
469 1537 550 1594 Talis
571 1543 667 1612 salus,
682 1559 766 1617 quoe
786 1543 818 1597 in
836 1543 934 1599 futuro
950 1549 1006 1600 erit

30 1622 102 1688 uio,
126 1615 265 1692 ipseo-it
278 1623 366 1676 etiam
378 1621 475 1677 finalis
494 1622 654 1700 beatitudo.
689 1626 782 1691 Quam
795 1624 1005 1682 beatitudinem

30 1699 213 1773 philesophi,
240 1705 377 1777 quoniam
389 1723 450 1760 non
463 1699 717 1762 videntes‘nolunt
730 1701 864 1776 eredere,
881 1706 936 1762 ·hic
950 1710 1005 1764 sibi

30 1795 115 1841 intur
128 1784 315 1841 falsissimam
328 1786 481 1858 fabricare,
496 1797 605 1861 quauta
620 1788 801 1863 superbiore,
825 1799 908 1845 tanto
923 1793 1005 1846 men2

30 1883 83 1925 ure
97 1867 220 1923 virtute.

301 2001 331 2030 .
385 1943 585 2011 cuns.

30 2046 117 2102 odaei
127 2047 196 2111 sita,
206 2058 274 2115 quae
284 2061 344 2099 eum
354 2037 468 2102 associate
480 2031 629 2117 eaquteudc
640 2048 676 2101 sit
682 2087 691 2112 ,
711 2049 802 2102 assultis
812 2047 1016 2120 offensionibus·
1115 2091 1119 2094 .

349 2133 428 2185 saepe
438 2119 613 2170 subvertitur.

30 2202 114 2270 Quod
129 2214 227 2261 autem
241 2208 378 2274 socialem
391 2200 483 2263 vitam
496 2210 600 2264 volunt
613 2226 676 2262 esse
691 2209 843 2281 sapientis,
863 2227 916 2270 nos
930 2197 1018 2264 mul?
1106 2221 1116 2228 ‘

30 2289 136 2362 mplius
150 2285 348 2362 approbamus.
376 2289 451 2345 Nam
464 2290 540 2354 unde
554 2293 610 2345 ista
624 2289 681 2346 Dei
695 2289 816 2360 Ciuitas,
831 2290 866 2345 de
880 2309 936 2366 qua
950 2290 1003 2348 hu-

30 2365 133 2446 )peri's
153 2389 221 2426 ecee
240 2373 298 2426 iam
316 2370 564 2427 undevicesimum
580 2372 686 2426 librum
699 2375 896 2432 versamus'in
909 2377 1003 2430 niani·
1091 2371 1094 2378 Χ

41 2455 95 2508 vel
108 2451 297 2508 inchoaretui
311 2463 428 2533 exortu,
442 2455 490 2508 vel
502 2451 728 2529 progr-ederetur
742 2472 879 2525 excursu,
892 2458 940 2512 vel
953 2476 1004 2531 ap-

30 2535 162 2591 enderet
174 2533 287 2591 debitos
301 2535 386 2606 fines,
409 2538 435 2590 si
448 2551 508 2590 nen
523 2545 600 2590 esset
612 2536 727 2590 socialis
742 2538 804 2590 vita
817 2537 1004 2594 sanctorum?

32 2616 70 2674 in
83 2616 173 2674 huius
187 2619 371 2674 mortalitatis
385 2625 524 2674 aerumna
538 2626 608 2691 quot
622 2626 652 2671 et
665 2617 782 2689 quantis
803 2616 928 2674 abundet
942 2641 1004 2676 mu-
1059 2635 1065 2652 '
1080 2613 1082 2620 ’

30 2702 139 2756 scietas
152 2695 289 2772 humana,
303 2701 368 2775 quis
382 2715 552 2756 enumerare
564 2695 679 2764 vmeati
694 2700 760 2772 quis
774 2699 927 2756 aestimare
942 2704 1003 2759 suf-

30 2779 67 2837 tt
102 2781 234 2840 audiant
247 2782 324 2855 apud
338 2781 471 2838 Comicus
489 2801 557 2838 suos
568 2780 719 2836 'hominem
732 2800 798 2836 cum
812 2799 902 2836 sensu
916 2793 1004 2857 atque

30 2859 114 2920 tensa
137 2866 267 2920 omnium
284 2863 434 2920 bominum
460 2863 573 2920 dicer-c:
600 2863 682 2920 Duxi
698 2881 833 2933 uxorem,
860 2871 945 2937 quom
964 2867 1005 2922 ibi
1024 2929 1025 2932 Ἴ

30 2949 115 3002 uiam
127 2944 207 3003 vidii
234 2947 389 3018 Notium,
413 2949 471 3003 alia
484 2964 563 3003 curae
589 2946 664 3012 Quid
683 2947 784 3001 itidem
797 2949 862 3015 iila,
885 2949 1005 3020 quaein

30 3040 64 3084 re
76 3029 152 3090 vitia
165 3039 373 3086 commemorat
385 3028 462 3084 idem
472 3029 641 3100 Terentius,
655 3028 796 3098 Iniuriae,
811 3030 1004 3100 suspiciones,
1039 3079 1041 3083 .

30 3107 150 3182 deifluo,
163 3111 280 3182 beidam,
294 3129 352 3183 pax
362 3129 611 3168 sursunt-nonne
620 3129 668 3172 res
680 3109 820 3166 humanas
831 3111 937 3183 ubique
949 3112 1004 3166 im-

30 3189 137 3250 erunt?
162 3211 261 3250 nonne
272 3197 301 3248 et
313 3196 344 3249 in
356 3194 516 3250 amicorum
529 3192 659 3250 honestis
674 3193 822 3250 amoribus
835 3193 1004 3266 plerumque
1071 3261 1073 3270 Ἠ

30 3271 165 3353 ingenti
182 3275 287 3333 Nonne
301 3275 346 3332 his
374 3291 578 3350 usquequaque
590 3277 698 3349 plenae·
708 3286 777 3338 sunt
792 3292 839 3329 res
852 3273 1006 3343 humanae,
1025 3279 1030 3286 '

30 3351 173 3430 iniurias,
198 3344 390 3432 suspiciones,
405 3360 586 3428 inimicitias,
599 3358 807 3427 bellum,.mala
820 3369 900 3411 certa
913 3358 1006 3412 senti-

33 3449 44 3506 3
66 3459 170 3516 pacem
181 3459 254 3497 sero
269 3443 414 3497 incertum
425 3440 549 3512 bonum,
562 3442 699 3514 quoniam
712 3437 800 3492 eorde
814 3455 925 3508 eorum,
941 3457 1007 3520 cum

33 3535 69 3579 us
83 3542 149 3580 eam
162 3533 264 3579 tenere
277 3525 422 3592 volumus,
436 3523 625 3598 ignoramus3
651 3530 681 3577 et
699 3522 726 3576 si
738 3537 827 3576 nosse
840 3517 926 3574 hodie
938 3537 1006 3593 pos·
1056 3527 1058 3532 ‘
1075 3573 1077 3577 ,

30 3615 75 3676 us,
89 3608 189 3682 qualia
203 3623 268 3660 eras
282 3604 380 3660 utura
394 3607 604 3678 essentutique
617 3604 808 3658 nesciremus.
846 3602 903 3666 Qui
916 3617 1006 3674 porro
1042 3661 1049 3684 Ι
1109 3639 1113 3644 -

30 3699 91 3744 rse
104 3689 260 3744 amiciores
275 3688 374 3742 solent
386 3704 461 3755 csse,
475 3689 521 3742 vel
536 3686 653 3766 debent,
680 3702 766 3759 quam
780 3685 831 3757 q'ui
844 3701 904 3739 una
919 3684 1008 3738 etiam
1057 3749 1060 3757 s

30 3769 162 3826 fiuentur
175 3765 279 3824 deinoi
302 3767 343 3824 Et
356 3778 454 3823 tamen
468 3770 534 3842 quis
548 3767 751 3823 inolescentes
765 3774 822 3837 est,
844 3783 909 3821 eum
923 3775 1008 3821 tanta
1082 3807 1089 3813 .

30 3869 53 3908 ·e
65 3854 144 3910 mals
157 3869 196 3909 cx
209 3867 310 3908 eorum
323 3852 444 3922 occultis
456 3849 573 3916 insidiis
587 3849 772 3920 exstiterint,
784 3855 867 3906 tanto
881 3848 1008 3907 amario-

30 3927 49 3990 Γ.
550 3949 552 3960 ‘
688 3933 714 3998 Q
