2340 4320
210 194 265 254 un
286 180 504 252 civriarn
532 195 610 264 uni
644 191 729 254 nra:
746 197 807 254 111.
978 169 1023 263 'er

254 321 256 324 ’
376 341 500 399 car.
541 313 671 402 xrxs

78 429 212 500 btrfflt'ctieae
220 435 289 488 betti
298 435 399 488 Punici
417 436 539 500 secundi,
556 437 626 504 quae
637 439 707 498 eirea
718 439 859 507 utriusque
868 440 960 506 partit
969 459 1026 498 cou-

418 513 522 556 rumtae
532 515 603 560 runt.

56 609 62 640 ι
107 587 198 647 berula
210 601 304 648 eutem
318 592 391 649 bello
403 592 516 652 Punico
530 596 618 651 nimis
643 597 765 672 longum
783 604 829 652 est
855 614 1027 654 commerue-

58 704 72 715 υ
117 673 182 728 elales
204 673 321 730 duorum
344 677 535 749 populorum,
560 686 621 734 tam
632 679 721 754 louge
735 696 834 744 seeum
846 679 962 752 lateque
974 696 1028 750 pu·

92 756 176 825 vrtinn3
196 757 235 812 ita
248 754 336 813 uthis
351 775 465 831 quoque
478 755 655 830 latentibus,
682 761 732 832 qui
746 777 806 823 non
820 768 881 826 tam
906 777 1029 817 narrare

68 840 105 879 t
117 833 234 907 leuant,
253 857 337 912 quam
348 838 514 904 Romanurn
526 841 679 914 imperium
691 842 811 898 laudare
823 843 1028 912 instituerunt,

67 916 139 972 {alliu
153 921 224 975 rieto'
242 920 331 980 fuerit
351 922 402 976 ille
428 922 478 994 qui
501 923 584 980 vicit.
626 921 792 984 Hannibale
805 926 910 998 quippe
923 923 957 978 ab
971 923 1027 978 Hi-

61 1002 268 1078 buasurgeute‚
281 1011 310 1066 et
319 1002 480 1078 Pyrenaeis
493 997 640 1064 montibus
655 1007 810 1078 superatis,
824 1005 919 1062 Gallia
929 1012 1026 1076 trans·
1054 1054 1058 1062 .

60 1089 118 1150 wne,
135 1082 300 1158 Alpibusque
323 1083 479 1159 disruptis,
504 1089 671 1164 temlongo,
684 1089 808 1148 eireuitu
834 1087 928 1142 auctis
954 1089 1026 1150 viri·
1054 1107 1057 1114 ·

56 1147 93 1248 lu,
111 1175 198 1221 taneta
221 1166 363 1224 restando
389 1176 441 1222 eut
466 1167 646 1244 subigendo,
671 1170 814 1228 torrentia
826 1166 1027 1242 modoltaliae

56 1244 134 1300 unibus
145 1247 287 1318 irruente,
303 1267 389 1326 quarn
403 1259 526 1304 eruente
539 1250 615 1304 bebo
628 1259 712 1326 gesta
726 1259 813 1320 sunt,
837 1268 923 1324 quam
935 1249 1028 1308 inulta

56 1323 131 1382 aelel
153 1330 264 1402 quoties
278 1328 404 1406 Bouiani
417 1327 564 1404 superati?
591 1332 686 1398 Quam
698 1333 788 1388 inulta
802 1331 837 1388 ed
847 1331 962 1388 hostem
975 1351 1026 1406 ep-

56 1406 260 1482 latleleeernnt‚
286 1430 373 1487 quarn
385 1414 477 1470 multa
490 1421 574 1486 eapte
587 1422 617 1469 et
635 1410 794 1488 oppressa?
838 1414 931 1479 Quem
945 1413 1027 1468 tlirae

56 1509 128 1566 guae,
153 1502 183 1548 et
206 1495 292 1548 toties
316 1493 480 1550 Hannibali
502 1493 635 1552 Romane
660 1495 741 1551 ebade
767 1491 936 1572 gloriosae?
979 1495 1028 1556 De

56 1576 144 1629 rnensi
168 1584 264 1634 autern
289 1577 463 1638 mirabiliter
487 1574 633 1636 horrendo
660 1579 734 1632 nralo
748 1574 818 1651 quid
842 1576 951 1645 dicam,
977 1578 1026 1632 ubi
1060 1613 1065 1625 x

56 1657 142 1712 anibal
168 1675 234 1712 eum
258 1666 336 1723 esset
364 1658 597 1732 crudelissimus,
623 1668 723 1714 tamen
746 1666 828 1712 tanta
842 1658 1026 1732 inimieorum

56 1740 244 1794 teissimorunr
257 1741 344 1796 caede
358 1742 497 1809 satiatus,
512 1743 595 1813 parei
607 1741 729 1796 iussisse
742 1735 933 1813 perhibeturl
964 1738 1025 1794 Vn·
1043 1785 1048 1792 ,,
1078 1769 1084 1786 ι

56 1821 230 1876 uesmodios
256 1824 432 1881 annulorum
447 1840 602 1878 aureorum
615 1821 824 1897 Carthaginem
848 1820 943 1874 misit:
970 1836 1026 1892 quo
1100 1841 1102 1844 ·

56 1904 213 1978 elligerent,
241 1912 354 1966 tantam
375 1905 407 1960 iu
431 1905 482 1960 ille
495 1905 605 1978 proelio
620 1904 796 1985 dignitatern
811 1900 953 1956 ceeitlisse
966 1899 1026 1958 Re

56 2002 122 2053 aar,
148 1994 182 2040 ut
195 1985 312 2046 faeilius
326 2005 390 2044 earu
403 1996 521 2063 caperet
532 2003 670 2042 mensura
689 2003 775 2060 quarn
802 1998 954 2053 nurnerus3
981 1992 1025 2039 et·
1068 2041 1071 2050 ,

60 2063 129 2122 hine
143 2068 378 2142 stragesturbee
391 2077 543 2138 caeterae,
567 2077 651 2126 tanto
677 2069 779 2142 utique
805 2066 1025 2136 numerosioris,
1070 2126 1073 2132 ¹
1106 2113 1109 2120 .

56 2147 284 2218 retentatoris,
311 2169 385 2222 quae
399 2142 469 2204 sine
482 2151 600 2206 annulis
618 2150 749 2219 iacebat,
776 2145 960 2204 eoniioienda
973 2166 1025 2221 pe·
1098 2187 1100 2192 -

60 2247 151 2303 quam
162 2229 327 2287 nuntianda
339 2239 500 2303 putaretur.
544 2231 680 2304 Denique
694 2229 1027 2302 tentamilituminopia

56 2321 89 2368 tta
103 2321 163 2382 est,
175 2320 210 2366 ut
220 2309 346 2372 Romani
360 2329 426 2366 rens
439 2312 603 2370 facinorum
614 2312 765 2386 proposita
778 2312 951 2386 impunitate
966 2312 1025 2365 eol-

56 2401 131 2462 rent,
160 2394 284 2449 servitia
295 2394 433 2456 libertate
450 2392 612 2463 donarent,
624 2457 625 2460 Ἰ
637 2401 726 2466 atque
741 2393 849 2447 axillis
862 2390 1025 2464 pudendus,

59 2485 119 2530 tani
133 2476 320 2548 suppleretur
334 2493 420 2548 quern
440 2476 646 2530 institueretur
660 2476 817 2532 exereitus.
833 2495 835 2500 ·
854 2470 955 2532 Servis
969 2475 1025 2530 ita-

56 2599 59 2623 ,
85 2560 147 2612 iuro
161 2573 199 2611 na
213 2555 354 2612 faciamus
368 2557 521 2625 iniuriam,
546 2558 606 2613 iarn
618 2557 750 2628 libertis,
766 2573 820 2629 pro
833 2552 964 2612 llornana
977 2573 1024 2609 re-

56 2641 99 2694 iee
124 2639 304 2714 pugnaturis
331 2633 412 2692 arura
438 2637 602 2696 defuerunt.
646 2637 789 2695 Detracta
812 2646 882 2692 sunt
898 2638 1027 2709 templis,

56 2739 124 2776 uui
138 2719 268 2776 Romani
280 2720 337 2774 diis
352 2720 413 2774 suis
427 2720 574 2777 dicerent:
588 2719 694 2776 Ponite
705 2736 779 2793 quae
793 2718 914 2774 tamdiu
928 2719 1025 2773 inani·
1061 2769 1067 2778 ,

56 2801 221 2872 habuistis,
246 2817 286 2858 ne
300 2801 378 2858 ferte
392 2801 502 2876 enquid
515 2803 590 2863 utile
602 2801 670 2864 inde
683 2801 783 2868 faeere
795 2801 1027 2874 possint-nostra
1098 2801 1099 2806 ’

56 2887 150 2958 sipia,
166 2883 246 2940 unde
260 2902 313 2940 res
327 2891 429 2940 nostra
442 2884 564 2940 numina
577 2881 651 2944 nihil
663 2884 761 2948 faeere
771 2883 917 2955 peuristis.
941 2879 1026 2938 Tune

56 2965 247 3040 estipendiis
262 2965 441 3022 sufficiendis
456 2983 521 3020 euin
544 2965 701 3032 defecisset
726 2963 886 3034 aerarium,
910 2964 942 3019 in
955 2980 1025 3018 usus
1086 2997 1098 3042 2

56 3050 117 3104 ieas
132 3065 205 3121 opes
219 3066 329 3104 venere
341 3049 491 3124 privatae,
520 3047 592 3103 adeo
606 3065 780 3122 unoquoque
794 3044 824 3101 id
838 3044 914 3122 quod
926 3043 1027 3098 habuit

56 3130 178 3199 trente,
206 3138 239 3184 ut
250 3179 254 3186 .
264 3137 386 3204 praeter,
406 3131 538 3205 singulos
549 3197 552 3202 .
564 3131 689 3192 annulos
712 3123 816 3194 aureos
837 3127 1025 3202 singulasque

56 3230 78 3266 u
90 3211 277 3268 miserabilia
290 3210 444 3286 dignitatis
466 3213 617 3287 iusignia,·
638 3209 711 3266 nihil
734 3209 790 3264 sibi
816 3209 880 3264 auri
906 3214 1024 3260 senatus

56 3332 64 3363 ‚
98 3301 214 3366 quante
240 3295 337 3369 magis
363 3295 471 3349 caeteri
497 3293 615 3354 ordines
640 3292 791 3364 tribusque
814 3289 1025 3359 relinquerent.

56 3375 170 3430 tierret
183 3375 278 3444 istos,
305 3375 332 3429 si
345 3375 455 3430 noetus
469 3375 645 3450 temporibus
659 3373 696 3429 ad
707 3371 783 3426 hene
796 3370 924 3442 inopiam
938 3385 1025 3442 eoge-

56 3475 110 3525 nr,
136 3474 204 3510 eum
217 3474 267 3511 eos
281 3456 367 3512 uredo
379 3457 431 3512 rix
446 3456 590 3526 feramus,
618 3454 732 3530 quaudo
745 3445 958 3526 prosuperllua
973 3467 1026 3502 vo·

56 3547 101 3592 ate
114 3538 199 3611 plura
213 3535 362 3594 donantur
375 3534 583 3614 histrionibus,
610 3554 696 3612 quam
709 3543 780 3594 tune
794 3527 958 3606 legionibus
971 3547 1024 3604 pro

56 3636 125 3673 tensa
138 3619 232 3674 salute
247 3620 352 3674 collata
367 3615 455 3674 suntl
