2362 4320
268 206 326 264 ns
353 190 574 266 'c1v1rrrr'
599 206 681 267 nur
704 206 788 264 nro.
809 206 851 266 x.
899 192 914 253 1
1014 217 1076 279 coa

71 358 143 430 doru,
155 359 204 415 sed
216 359 373 415 virtutibus
383 357 493 414 divinis
506 357 617 414 Herem
630 369 778 432 superant.
793 358 978 416 Commodius
993 365 1076 438 quip-

67 461 93 515 pe
102 441 189 515 Scipio
201 441 356 497 Africanus
370 450 415 497 est
429 444 662 517 cognominatus,
677 441 752 516 quod
766 443 876 499 uirtute
889 442 1020 500 Africam
1031 448 1076 502 vi·

66 526 131 596 ecrit,
143 525 261 600 quamsi
274 521 375 578 hostes
389 522 472 579 donis
485 526 639 598 placasset,
652 533 685 578 ut
696 518 860 599 parcerent.

399 667 468 729 ΟΛ
492 658 525 727 P.
567 670 707 728 xxti.

91 765 154 821 rste
163 766 200 819 sit
209 767 310 820 mactis
320 767 461 820 adeersum
471 767 610 818 doemones
617 758 751 834 potestur,
762 776 790 820 et
800 769 869 820 uode
880 768 968 820 cordio
978 784 1042 822 ocra

84 841 88 844 ’
482 836 626 905 purgatio.
971 872 974 879 s

13 1003 47 1022 Μ
108 940 179 997 Vera
191 943 298 1017 pietate
310 938 445 995 homines
458 939 515 996 Dei
534 942 642 996 siriam
655 950 828 1015 potestatem
843 944 990 998 inimicam
1006 963 1077 1001 con·

60 1026 214 1098 hariamque
223 1024 327 1097 pietati
341 1022 536 1078 exorcizando
549 1024 681 1093 eiiciunt,
695 1025 912 1098 nonplaesndo,
921 1045 1080 1102 omnesque

60 1110 218 1162 ortationes
230 1106 418 1162 adversitatis
438 1109 501 1162 eius
514 1107 638 1160 vincunt
656 1104 784 1177 orando,
811 1127 869 1165 non
893 1110 1000 1181 ipsam,
1027 1109 1080 1165 sed
1168 1145 1173 1151 ‹

59 1207 125 1244 mum
136 1189 233 1245 Deum
245 1188 388 1245 adversus
402 1189 504 1261 ipsam.
517 1186 586 1243 Non
599 1189 678 1243 enim
691 1190 817 1262 aliquem
829 1192 933 1261 vincit,
947 1201 999 1246 aut
1010 1194 1079 1249 sub-

58 1272 133 1349 iugat,
146 1273 205 1326 nisi
218 1273 361 1326 societate
373 1270 496 1343 peccati.
522 1267 556 1324 ln
570 1271 633 1324 eius
648 1289 718 1346 ergo
732 1274 850 1328 nomine
863 1275 1009 1345 vincitur,
1029 1277 1080 1350 qui

58 1351 186 1410 hominem
199 1354 350 1422 assumsit,
364 1354 482 1429 egitque
495 1351 560 1407 sinc
572 1361 703 1425 peccato,
717 1364 750 1409 ut
762 1355 794 1409 in
806 1356 869 1428 ipso
881 1355 1032 1411 sacerdote
1046 1377 1080 1413 ac

10 1466 11 1471 =
57 1437 184 1492 sacrificio
203 1436 290 1491 fieret
308 1436 442 1490 remissio
463 1443 659 1508 peccatorum,
683 1433 717 1506 ¹id
739 1445 794 1507 est,
821 1455 874 1511 per
887 1436 1081 1496 Mediatorcm
1154 1481 1161 1491 .

57 1515 100 1574 liei
111 1529 139 1574 et
148 1518 299 1574 hominum
311 1515 461 1573 hominem
474 1515 623 1572 Christum
637 1515 742 1588 lesum,
756 1537 808 1592 per
821 1519 998 1592 quemfacta
1010 1540 1079 1594 pee-

57 1612 170 1657 otomm
182 1602 360 1678 purgatione
373 1600 597 1656 reconciliamur
611 1599 684 1655 Deo.
707 1599 776 1654 Non
790 1603 868 1656 enim
881 1603 940 1676 nisi
953 1604 1080 1676 peccatis

56 1680 169 1739 homines
183 1692 362 1756 separantur
375 1702 393 1737 a
406 1680 487 1751 Deo,
514 1698 638 1756 quorum
656 1684 688 1737 in
706 1680 760 1737 hae
777 1684 839 1738 vita
858 1702 918 1738 non
930 1683 965 1739 fit
978 1695 1080 1742 nostra
1108 1741 1113 1744 ,

3 1780 21 1807 t
55 1767 164 1836 rirtote,
191 1765 242 1821 sed
256 1765 359 1821 divina
371 1765 559 1820 miseratione
572 1758 724 1842 purgatio,
749 1783 802 1839 per
815 1764 1029 1842 indulgentiam
1042 1771 1080 1824 il-

1 1877 3 1880 ·
57 1848 113 1919 lius,
132 1867 193 1905 non
207 1866 260 1923 per
273 1856 406 1903 nostram
418 1848 589 1920 potentiam.
617 1848 691 1913 Quia
705 1849 810 1921 etipsa
824 1850 1080 1925 quantulacunque

57 1933 149 2001 virtus,
175 1950 252 2006 quae
270 1930 378 1986 dieitur
397 1939 515 2000 nostra,
542 1930 620 1984 illius
635 1929 775 1985 estnobis
789 1931 920 1986 bonitate
933 1950 1079 1988 concessa.

57 2011 163 2070 llultum
176 2023 276 2070 autem
296 2014 381 2069 nohis
400 2014 433 2068 in
449 2012 504 2067 hac
517 2029 607 2067 carne
626 2013 839 2084 tribueremus,
866 2014 925 2068 nisi
939 2032 1029 2088 usqne
1043 2015 1081 2071 ad

20 2113 24 2115 ·
58 2097 105 2150 eius
122 2097 335 2170 depositionem
352 2095 404 2151 sub
423 2097 511 2152 venia
530 2095 705 2150 viveremus.
731 2095 896 2169 Propterea
909 2115 980 2173 ergo
995 2098 1080 2153 nohis

8 2206 12 2211 ff
57 2195 95 2250 per
104 2177 292 2235 Mediatorem
303 2181 444 2252 praestita
454 2187 500 2232 est
511 2178 618 2253 gratia,
632 2187 666 2233 ut
676 2180 781 2252 polluti
792 2197 879 2235 carne
890 2182 1002 2252 peccati
1015 2200 1079 2237 car-

5 2290 9 2294 .
59 2261 211 2336 rispeccati
225 2261 417 2317 similitudine
430 2259 643 2316 mundaremur.
686 2260 749 2317 Hac
770 2260 827 2321 Dei
844 2263 951 2338 gratim
977 2281 1035 2338 qua
1048 2266 1080 2319 in
1156 2310 1160 2311 γ

59 2361 99 2399 ros
111 2346 238 2400 ostendit
250 2362 388 2421 magnam
399 2342 631 2399 miscricordiam
651 2361 751 2415 suam,
778 2353 808 2398 et
826 2345 858 2400 in
877 2341 931 2399 hac
948 2348 1011 2402 vito
1028 2364 1081 2420 per

1 2455 3 2459 v
58 2424 126 2482 idem
136 2429 281 2504 regimur,
296 2435 325 2481 et
338 2425 489 2498 posthanc
502 2426 595 2504 {itam
606 2443 658 2497 per
673 2427 766 2498 ipsam
778 2428 903 2498 speciem
916 2428 1080 2485 incommu-

6 2537 10 2577 7
58 2509 134 2565 tshilir
148 2511 284 2568 veritatis
300 2508 336 2565 ad
348 2507 559 2582 perfectionem
571 2509 772 2580 plenissimam
783 2508 983 2581 perducemur.

392 2655 462 2716 Η
482 2655 515 2712 Ρ.
557 2656 590 2715 Χ
603 2656 687 2715 Xll
700 2655 723 2713 l.
999 2725 1003 2732 ι

88 2751 127 2807 De
141 2753 303 2824 principiis,
324 2753 355 2807 ic
373 2752 468 2824 quibus
482 2753 623 2806 Platonici
637 2751 833 2822 purgationem
853 2751 960 2806 animae
980 2773 1036 2815 esee
1079 2750 1082 2756 “

464 2822 641 2891 profitentur.

104 2927 185 2985 Dicit
201 2931 291 2985 etiam
307 2927 485 3003 Porphyrius
506 2927 614 2983 divinis
634 2928 763 2983 oraculis
784 2924 876 2980 luisse
896 2943 1080 3000 responsum,

56 3026 102 3065 ron
114 3030 167 3068 nos
181 3014 303 3088 purgari
316 3015 402 3067 lunae
416 3011 518 3065 teletis
527 3019 616 3086 atque
630 3011 717 3066 solis:
737 3019 772 3063 ut
790 3006 861 3068 hinc
875 3009 1081 3070 ostenderetur

55 3095 189 3150 nullorum
206 3095 329 3151 deorum
345 3095 444 3148 teletis
464 3091 612 3148 hominem
624 3110 711 3164 posse
724 3091 854 3167 purgari.
898 3089 990 3146 Cuius
1004 3094 1083 3153 enim

53 3177 145 3241 teletae
163 3186 305 3254 purgant,
319 3164 446 3232 silunac
459 3177 587 3248 solisque
602 3193 662 3229 non
674 3184 812 3249 purgant,
836 3187 909 3242 quos
923 3175 1001 3226 inter
1014 3191 1083 3227 coe-

52 3257 127 3315 lestes
142 3261 213 3315 deos
227 3260 398 3334 praecipuos
411 3253 539 3313 habenti
552 3256 688 3330 Denique
700 3255 802 3311 codem
813 3251 884 3307 dicit
896 3254 1015 3308 oraculo
1030 3273 1083 3308 ex-

51 3357 185 3412 pressum,
198 3338 342 3415 principia
354 3360 440 3415 posse
454 3334 578 3396 alicuius
592 3341 713 3394 alterius
724 3336 783 3393 Dei
793 3334 830 3388 dc
842 3334 928 3388 turha
937 3337 1036 3390 valere
1048 3335 1085 3391 ad

50 3424 230 3501 purgandum
247 3426 353 3479 teletae
374 3424 574 3479 crederentur.
619 3414 700 3489 Quae
718 3427 816 3474 autem
830 3411 912 3468 dicat
925 3434 990 3470 esse
1002 3421 1084 3491 prin-

50 3507 116 3580 cipia
129 3517 273 3582 tanquam
285 3506 473 3576 Platonicus,
487 3507 634 3561 novimus.
667 3502 750 3558 Dicit
762 3498 844 3552 enim
857 3494 956 3552 Deum
968 3498 1086 3557 Patrem

49 3597 73 3642 et
90 3588 188 3644 Deum
206 3588 329 3660 Filium,
357 3609 442 3664 quem
456 3588 570 3643 Graece
583 3586 709 3659 appellat
722 3590 883 3654 paternum
894 3580 1086 3654 intellectum,

48 3673 88 3725 rel
100 3681 256 3745 paternam
269 3682 409 3728 mentem:
437 3669 472 3724 de
485 3668 599 3743 Spiritu
613 3669 852 3730 autemsancto,
869 3670 918 3716 aut
931 3663 1014 3737 nihil,
1037 3677 1089 3724 aut

49 3770 103 3808 uon
118 3754 343 3828 apertealiquid
356 3754 440 3811 dicit:
466 3751 600 3827 quamvis
615 3764 700 3820 quem
710 3745 797 3798 alium
815 3737 1016 3823 dicathorum
1029 3769 1089 3805 nie-

51 3832 136 3905 dium,
166 3853 227 3890 non
240 3836 381 3917 intelligo.
426 3835 461 3894 Si
474 3836 555 3901 enim
566 3831 701 3898 tertiam,
727 3827 805 3884 sicut
821 3819 983 3908 Protinus,
995 3831 1098 3890 nhide
