2310 4306
132 197 190 260 us
220 167 802 255 ctv'rvsrsosrme.xv11s
922 181 987 260 223
1041 189 1047 200 ‘

63 361 91 418 ot
111 357 284 422 potestatem
303 347 677 426 corporaliter'affligendi,
704 303 845 445 phescent
858 354 919 408 eius
932 372 982 426 pa-

63 439 98 504 n;‘
112 434 139 506 si
152 431 354 494 tantummodo
367 433 443 498 male
457 431 611 490 sentiendo
625 432 829 504 adversantur,
843 447 983 505 exercent

63 516 210 590 pientiam3
235 523 268 572 ut
286 524 385 570 autem
406 515 495 580 etiam
514 513 626 573 inimici
639 515 816 592 diligantur,
840 528 982 574 exercent

63 599 270 668 revolantium,
284 599 436 654 autetiam
448 597 687 669 beneficentiam,
701 595 765 654 sive
778 598 915 656 suadibili
928 598 980 655 do·
1070 605 1077 618 '‘

63 701 115 752 tum
130 683 174 735 eis
188 691 305 756 agatur,
320 681 381 735 sive
395 679 519 736 terribili
533 680 696 754 disciplina.
728 681 770 738 Ac
782 701 834 756 per
846 680 902 738 hoc
916 681 979 738 dia·
1007 723 1008 728 ,

63 766 173 836 rineeps
187 764 292 836 impiae
305 761 452 833 Civitatis,
477 763 617 820 adversus
629 763 913 842 peregrinantemin
924 763 980 821 hoc
1040 815 1046 824 .

63 846 217 904 Civitatem
227 845 285 900 Dei
297 864 368 902 vasa
379 847 498 919 propria
511 847 730 918 commovendo,
743 846 816 904 nihil
829 849 857 904 ei
870 867 980 906 nocere

64 931 130 984 itur.
165 927 222 986 Cui
234 929 336 1001 procul
349 927 436 984 dubio
450 938 480 984 et
493 929 580 990 rebus
589 933 740 1014 prosperis
755 933 936 1002 consolatio,
949 940 983 986 ut
1002 927 1006 934 ’

63 1021 170 1088 agatur
184 1009 332 1082 adversis3
359 1020 388 1066 et
404 1011 493 1066 rebus
510 1010 641 1068 adversis
656 1015 843 1087 exercitatio,
866 1023 901 1070 ut
920 1033 982 1072 non
1078 1061 1082 1068 .

63 1095 328 1168 paturprosperis„
340 1112 393 1167 per
410 1092 541 1150 divinem
558 1095 772 1168 providentiam
792 1101 980 1171 procuratur:

63 1189 85 1233 a
97 1183 276 1251 temperatur
288 1185 444 1251 utrumque
458 1175 492 1232 ab
508 1179 660 1248 alterutro,
680 1181 757 1234 utin
772 1179 886 1235 Psalmo
901 1183 981 1236 illam
1013 1229 1022 1244 ,

63 1257 256 1316 ιιοηειΙίῑιιιὼει
267 1277 459 1337 agnoscamus
474 1268 622 1332 exortam:
635 1258 799 1332 Secundum
812 1263 981 1319 multitudi-

63 1341 155 1398 lorum
168 1360 296 1398 meorum
310 1343 341 1396 in
354 1343 443 1416 corde
455 1351 532 1413 meo,
559 1343 776 1400 consolationes
795 1353 866 1402 tuae
878 1348 981 1402 meun-

63 1435 90 1482 ut
109 1427 237 1480 unimam
255 1443 357 1488 meum
384 1423 463 1482 Hine
476 1434 522 1482 est
535 1435 565 1482 et
576 1425 650 1482 illud
662 1425 807 1499 Apostoli:
834 1425 892 1504 Spe
903 1447 980 1503 geu-

70 1509 100 1564 ia
114 1505 308 1572 tribulatione
316 1508 480 1584 patientes.

63 1611 78 1646 o
91 1599 121 1645 et
133 1588 175 1659 id,
188 1588 265 1664 quod
278 1591 320 1644 ait
332 1589 411 1662 idem
421 1589 533 1664 doctor,
550 1588 720 1664 Quicunque
732 1589 833 1668 uolunt
847 1593 877 1646 iu
893 1585 979 1648 corii

63 1675 182 1742 uivere,
200 1674 439 1748 persecutionem
454 1676 634 1751 patientur,
661 1673 749 1728 nullis
763 1673 923 1745 putandum
936 1683 981 1730 est

63 1773 144 1828 posse
158 1754 344 1826 temporibus.
368 1755 443 1822 Quia
456 1766 484 1810 et
499 1752 566 1810 cu'm
579 1754 614 1809 ab
630 1755 735 1828 eisqui
750 1755 822 1811 foris
836 1765 978 1824 suntuon

65 1837 161 1908 tibus,
186 1836 302 1908 videtur
316 1855 381 1892 essc
394 1839 603 1911 tranquillitas,
631 1847 660 1892 et
673 1855 706 1892 re
719 1856 789 1916 vera
802 1847 862 1909 est,
887 1840 978 1912 pluri-

62 1939 79 1974 e
93 1921 304 1988 consolationis
316 1917 418 1991 affert,
430 1921 557 1976 maxime
573 1919 716 1991 infirmis3
742 1939 802 1976 non
816 1930 914 1978 tumen
928 1919 988 1975 de-,

63 2021 97 2058 oc
110 2003 197 2058 multi
210 2011 280 2056 sunt
293 2004 385 2076 intus,
399 2003 450 2076 qui
456 2001 556 2071 „corda
568 2004 616 2075 pie
629 2003 794 2058 viventium
808 2005 871 2070 suis
882 2003 980 2076 perdi·
995 2015 998 2020 '

63 2085 122 2141 ibus
142 2087 300 2158 cruciant:¹
316 2087 454 2158 quoniam
471 2097 523 2158 per
544 2105 592 2140 eos
610 2074 825 2158 blasphemanti
840 2085 980 2144 Christia-

71 2165 247 2224 catholicum
260 2175 381 2226 nomen:
410 2168 485 2240 quod
499 2178 608 2242 quanto
623 2178 667 2222 est
682 2170 779 2226 carius
795 2169 848 2239 eis,
863 2171 914 2243 qui
927 2187 978 2224 vo-

63 2270 68 2304 =
83 2252 182 2310 vivere
199 2251 230 2306 in
241 2246 369 2320 Christo,
393 2258 474 2316 tauto
486 2252 584 2326 ‚arogis
598 2250 712 2322 dolent,
734 2250 810 2324 quod
822 2271 874 2325 per
888 2253 979 2306 malos
1077 2259 1089 2274 ⁸

63 2335 147 2390 ositos
160 2332 204 2402 fit,
218 2345 251 2388 ut
263 2333 358 2386 minus
370 2349 456 2406 quam
467 2334 582 2405 piorum
595 2343 708 2388 mentes
723 2332 900 2404 desiderant,
913 2335 978 2390 ‹lili-

64 2415 121 2489 lpsi
136 2433 250 2489 quoque
264 2411 412 2482 haeretici,
427 2433 493 2469 cum
509 2411 730 2491 [Christianum]
747 2419 915 2492 cogitantur
928 2407 979 2472 ha·v

63 2517 133 2554 »men
147 2508 177 2554 et
190 2505 373 2554 sacramenta
387 2493 569 2566 Christiana,
589 2505 619 2550 et
630 2495 811 2568 Scripturas,
825 2509 856 2554 et
867 2501 978 2574 profes-

63 2617 72 2650 ,
93 2599 235 2656 magnum
248 2579 378 2636 dolorem
392 2577 508 2652 faciunt
518 2579 550 2634 iu
565 2578 700 2633 cordibus
714 2581 841 2651 piorum:
869 2583 937 2654 quia
951 2589 980 2636 ct

63 2665 192 2718 colentes
214 2681 278 2726 esse
305 2659 481 2731 Christiani,
512 2669 631 2734 propter
657 2678 758 2714 eorum
781 2659 980 2720 dissensiones

63 2765 90 2800 re
105 2754 268 2821 coguntur,
296 2743 424 2820 etmulti
438 2743 580 2812 'maledici
603 2744 691 2804 etiam
708 2743 739 2797 in
758 2740 803 2797 his
823 2743 981 2800 inveniunt

63 2826 327 2900 oublasphemandi
341 2825 540 2882 Christianum
554 2840 678 2895 nomen3
704 2825 772 2900 quis
790 2834 820 2879 et
837 2826 893 2898 ipsi
907 2845 979 2899 quo·
1061 2867 1063 2876 ,

63 2910 103 2966 110
117 2908 279 2968 Christiani
293 2910 484 2982 appellantur.
521 2907 577 2964 His
598 2919 686 2982 atque
704 2905 870 2962 huiusmodi
882 2910 981 2980 pravis

63 3012 73 3048 s
87 3002 117 3048 et
130 2993 278 3048 erroribus
291 2990 440 3046 hominum
452 2992 687 3063 persecutionem
699 2991 853 3063 patiuntur
867 2990 915 3062 qui
928 3009 980 3044 vo-

65 3075 182 3139 Christo
194 3076 242 3148 pie
256 3076 367 3144 vivere,
382 3074 472 3128 etiam
482 3075 562 3128 nullo
576 3071 734 3150 infestante
748 3067 841 3145 sieque
854 3081 982 3128 vexante
1006 3141 1010 3145 .
1025 3145 1027 3150 X

66 3160 196 3228 illorum,
228 3155 387 3212 Patiuntur
400 3157 504 3229 quippe
517 3154 593 3210 hanc
605 3155 849 3228 persecutionem,
876 3156 981 3218 nonin
1024 3197 1025 3202 ,
1056 3193 1058 3195 -

63 3241 126 3310 bus,
141 3239 237 3294 sedin
252 3237 395 3294 cordibus.
421 3233 711 3294 Vndeillavoxest:
733 3233 895 3290 Secundum
909 3236 982 3292 mul·
1044 3305 1045 3308 Ἴ

63 3342 101 3380 em
115 3321 248 3386 dolorum
262 3339 389 3376 meorum
403 3321 433 3376 in
447 3321 534 3376 corde
546 3338 615 3374 meo.
636 3317 703 3372 Non
715 3317 854 3385 enimait,
867 3315 902 3370 ln
917 3337 981 3372 cor-

64 3424 108 3460 eo.
145 3401 203 3458 Sed
222 3421 324 3458 rursus
344 3401 482 3475 quoniam
496 3393 666 3477 cogitantur
679 3396 869 3454 immutabilia
883 3396 982 3458 divina

63 3506 100 3557 sa,
113 3497 144 3542 ct
158 3483 235 3558 quod
248 3486 290 3556 ait
302 3483 473 3558 Apostolus,
499 3481 589 3538 Nouit
602 3479 746 3536 Dominus
761 3479 811 3552 qui
824 3491 894 3536 sunt
908 3483 982 3552 eius,

63 3563 118 3624 uim
127 3568 306 3644 praescivit,
321 3576 351 3622 et
357 3563 603 3640 praedestinavit
613 3562 779 3632 coesformes
794 3558 893 3635 [fieri]
910 3565 982 3618 ineu-

63 3651 114 3708 'ilii
127 3651 190 3720 aui;
203 3666 240 3712 cx
253 3649 296 3702 eis
309 3648 405 3721 perire
419 3647 515 3702 nullus
530 3653 641 3720 potest:
662 3643 728 3697 ideo
742 3643 873 3714 sequitur
885 3646 917 3708 in
931 3648 983 3702 illo
1039 3671 1044 3677 ·

68 3752 76 3788 :
93 3730 315 3806 Consolationes
329 3740 399 3792 tuoe
413 3730 648 3808 iucundocerupt
660 3726 789 3782 estimem
802 3742 904 3802 ouum.
923 3727 984 3784 Do.
1007 3795 1012 3802 ,

63 3815 192 3886 emipse,
221 3815 270 3885 qui
283 3812 316 3866 fit
330 3813 360 3866 in
375 3810 508 3868 cordibus
522 3810 654 3883 piorum,
683 3822 985 3880 quospersequuntur
1038 3872 1044 3880 ,
