2400 4312
995 105 1071 162 ..ιΙ

219 213 275 272 DE
300 209 516 272 ClVleTE
539 211 617 274 DEI
645 215 725 272 LlB
749 217 800 280 Vl.
924 253 925 256 =
968 220 1041 278 187-

69 373 155 426 imos
168 358 322 424 honainum
335 353 466 438 affectus,
488 385 610 445 quorum
623 369 698 424 alter
711 370 818 424 mentis
832 370 952 430 territae
966 393 1027 430 mo-

73 465 131 524 est,
146 455 226 508 alter
238 452 383 525 corporis,
398 468 452 505 nee
463 451 580 512 morbus
594 447 720 526 quidem,
735 451 786 508 sed
799 455 899 509 color.
890 455 911 486 ‘
946 454 1028 512 Hace

69 543 112 594 na
123 538 231 611 potius
245 533 359 604 eredes,
375 543 405 588 et
419 535 500 590 coelo
514 534 660 612 recipies²
692 535 760 592 De
751 537 823 610 ipsis
837 555 908 592 vero
918 539 1027 596 ritibus

69 623 153 676 :liter
166 617 303 692 turpibus
317 634 404 692 quam
416 617 507 674 libere
521 605 659 691 scripsit?
686 617 778 690 ‚,lllc,
796 621 910 693 inquit,
928 623 1028 678 viriles

78 713 183 778 partes
198 708 341 774 amputat,
355 701 405 754 ille
417 702 543 760 lacertos
556 713 645 760 secate
659 701 713 758 Vbi
725 704 818 758 iratos
831 702 901 759 deos
913 706 1028 776 timent,

73 790 119 844 sic
132 786 283 860 propitios
295 781 463 839 merenturl
476 783 528 840 Dii
541 793 639 841 autem
653 787 734 844 nullo
746 784 854 842 debent
866 788 924 846 ooli
936 797 1027 864 gene·
1040 823 1042 832 ·
1067 797 1070 801 '

69 874 95 927 si
107 881 139 926 et
153 869 213 925 hoe
226 867 342 924 volunt
360 865 474 922 Tantus
490 877 535 924 est
547 869 733 942 perturbatae
746 871 853 925 mentis
867 878 897 926 et
910 870 1027 928 sedibus
1104 897 1106 900 ·

69 975 78 1009 ι
90 957 191 1030 pulsae
206 951 305 1022 furor,
318 959 353 1006 ut
365 952 408 1006 sie
421 950 464 1006 dii
475 952 644 1049 placentur,
669 951 910 1026 quemadmodum
923 973 960 1010 ne
973 955 1025 1010 ho-

69 1055 108 1095 ιιι
121 1036 246 1112 quidem
260 1029 397 1090 saeviunt
412 1031 556 1098 teterrimi
570 1045 599 1090 ct
613 1037 643 1091 in
656 1035 769 1092 fabulas
783 1034 908 1096 traditae
922 1039 1025 1094 crude·
1109 1031 1111 1042 ‘

69 1124 114 1178 tis.
142 1119 285 1196 Tyranni
302 1120 509 1176 laceraverunt
530 1119 695 1192 aliquorum
717 1111 857 1190 mdiabra,
880 1123 1027 1218 neminem
1084 1145 1092 1160 r

68 1287 240 1367 tquidam:
261 1285 314 1340 sed
327 1303 411 1343 nemo
379 1242 498 1355 wi,
525 1286 729 1356 concrescet,
757 1286 876 1342 iubente
895 1285 1025 1358 domino,

69 1389 114 1428 ins
140 1357 256 1438 intulit.
278 1367 351 1436 Se·
341 1370 399 1442 ipsi
421 1369 453 1438 in
476 1370 593 1443 templis
616 1368 832 1440 contrucidant,
855 1371 1024 1430 vulneribus

69 1475 125 1512 :ae
138 1453 476 1531 sanghinesupplieant.
496 1450 531 1508 Si
549 1472 599 1508 eur
589 1453 720 1507 intueri
734 1461 835 1522 vacet,
859 1471 933 1528 quac
951 1454 1024 1510 faci·
1057 1479 1060 1485 ¹

69 1581 74 1608 ‚
88 1555 231 1620 quaeque
242 1537 407 1611 patiuntur,
429 1537 564 1593 inveniet
574 1545 634 1606 tam
646 1534 785 1592 indecora
796 1533 944 1608 honestis,
966 1547 1026 1594 tam

69 1641 139 1700 gua
152 1616 268 1691 liberis,
280 1629 341 1676 tam
355 1619 507 1684 dissimilia
521 1620 613 1688 sanis,
631 1628 665 1673 ut
677 1637 762 1674 acmo
775 1618 866 1674 hrerit
879 1620 1024 1690 dubitatu-

75 1707 181 1762 fu'rere
195 1721 259 1774 eos,
273 1703 299 1758 si
313 1721 377 1758 eum
388 1703 572 1778 paucioribus
586 1702 733 1758 furerent.
747 1719 826 1759 nuuc
832 1704 967 1758 sanitatis
973 1722 1024 1777 pa

69 1791 179 1846 oinium
190 1787 404 1844 insanientium
417 1787 503 1842 turba
516 1796 570 1842 est.
572 1788 599 1822 “

69 1893 115 1930 am
127 1875 182 1928 illa
196 1871 293 1969 quae'
283 1889 316 1925 ιιι
327 1871 390 1944 ipso
404 1868 545 1968 Capitolio
559 1870 631 1926 ficri
639 1871 734 1926 solere
750 1876 970 1940 commemorat,
996 1879 1026 1925 et

69 1958 152 2032 pide
152 1957 274 2012 omnino
287 1955 433 2031 coarguit,
459 1955 525 2027 quis
540 1955 682 2010 credat
652 1973 711 2009 ιιιιι
702 1954 759 2010 ab
773 1953 961 2010 irridentibus
975 1963 1027 2010 aut

69 2042 158 2098 :tibus
184 2035 275 2096 fieril
304 2036 380 2094 Nam
398 2055 464 2094 cum
481 2037 513 2092 in
531 2038 621 2096 ιιιιίι
640 2037 792 2116 Aegyptiis
807 2035 918 2094 Osirim
930 2037 1025 2112 lugeri

69 2131 149 2196 itum,
168 2141 242 2178 mox
255 2131 352 2178 autern
365 2121 519 2177 inventum
531 2137 638 2199 magno
653 2140 718 2177 esse
731 2119 850 2198 glaudio
863 2119 1025 2186 derisisset,

69 2207 200 2283 perditio
213 2208 278 2262 eius
293 2205 483 2279 inventioque
495 2203 643 2281 fingatur,
667 2204 752 2261 dolor
765 2211 863 2260 tamen
876 2205 926 2258 ille
938 2212 1025 2278 atque

69 2295 105 2347 tia
118 2291 156 2348 ab
171 2292 217 2346 eis
231 2291 282 2364 qui
294 2287 368 2345 nihil
379 2287 568 2362 perdiderunt
581 2287 711 2362 nihilque
723 2291 913 2358 invenerunt,
937 2307 1023 2344 rera-

69 2377 272 2450 ·exprimatur.
307 2370 409 2445 „Huic
422 2381 536 2442 maren,
556 2372 663 2446 inquit,
679 2371 774 2428 furori
788 2380 898 2434 certum
912 2379 1023 2446 tempus
1127 2371 1128 2376 '

69 2457 253 2516 :Tolerabil'e
266 2465 321 2526 est,
336 2457 426 2510 semel
439 2456 470 2510 in
483 2473 560 2516 anuo
573 2456 713 2514 insanire.
727 2452 761 2510 ln
775 2454 948 2528 Capitolium
958 2474 1023 2529 per·
1072 2493 1075 2498 ·

69 2544 96 2613 ri,
108 2541 233 2616 pudebit
245 2539 408 2614 publicatae
421 2537 593 2609 dementiae,
617 2538 694 2614 quod
707 2539 763 2594 sibi
775 2556 869 2595 vanus
883 2538 967 2593 furor
979 2549 1023 2594 at·
1039 2601 1041 2606 ,
1128 2591 1130 2602 ,

69 2627 118 2682 ‚uit
132 2624 233 2680 officii.
247 2623 331 2678 Alius
343 2623 465 2677 numina
476 2620 530 2678 deo
544 2621 670 2693 subiicit,
684 2623 758 2679 alius
771 2619 858 2694 horas
871 2621 934 2676 lori
948 2641 1023 2679 nun·
1095 2647 1097 2652 ’
1121 2645 1130 2656 ·

69 2723 86 2779 τ;
111 2709 189 2764 alius
203 2709 292 2762 lictor
305 2715 361 2777 est,
378 2706 453 2760 alius
470 2703 577 2762 unctor
589 2707 640 2778 qui
654 2723 729 2762 vano
743 2713 825 2760 motu
839 2703 1025 2762 brachiorum

69 2801 148 2847 tatrrr
170 2797 356 2866 unguntem
375 2786 453 2846 Sunt
473 2806 546 2863 quae
564 2787 671 2846 lunoni
689 2807 723 2844 ae
736 2787 888 2844 Minervae
906 2791 1023 2863 capillos

69 2883 192 2944 sonant,
217 2875 306 2950 longe
320 2889 338 2926 a
350 2873 473 2945 templo,
499 2891 560 2928 ιιοιι
572 2879 686 2930 tautum
699 2889 717 2926 a
730 2873 889 2938 simulacro
900 2879 1025 2943 stantes,
1049 2883 1050 2888 ’
1081 2863 1088 2874 ’
1106 2893 1108 2896 ·

68 2961 126 3014 itos
139 2965 261 3013 movent
273 2954 546 3034 ornantiummodo.
560 2952 639 3010 Sunt
647 2971 720 3028 quae
729 2957 879 3030 speculum
888 2964 1023 3012 teneant:

70 3052 83 3097 t
95 3059 174 3116 quae
188 3040 225 3095 ad
237 3037 402 3098 vadimonia
415 3056 468 3094 sua
481 3037 550 3094 deos
570 3037 728 3094 advocent:
754 3047 825 3096 sunt
841 3040 890 3113 qui
908 3038 1023 3095 libellos

69 3132 160 3194 rant,
166 3132 218 3177 'et
239 3123 306 3177 illos
326 3123 442 3177 causam
455 3125 538 3178 suam
551 3121 682 3194 doceant.
703 3120 827 3178 Doctus
839 3121 1035 3178 archimimus*

69 3225 108 3262 cx
123 3209 185 3262 iam
196 3205 376 3279 decrepitus,
402 3204 562 3279 quotidie
553 3224 584 3261 ιιι
604 3203 746 3280 Capitolio
772 3207 891 3260 ιιιίιιιιιιιι
909 3203 1023 3280 agebat,

69 3294 101 3348 si
115 3289 158 3345 dii
171 3290 298 3345 lalienter
310 3296 485 3362 spectarent,
503 3306 587 3362 quem
601 3286 742 3345 homines
747 3287 903 3343 desierant
931 3285 1024 3342 Omne
1124 3353 1128 3356 ,

69 3363 242 3431 :artificum
256 3389 349 3452 genus
363 3373 544 3444 operantium
558 3370 614 3427 diis
628 3371 838 3427 immortalibus
852 3369 972 3426 desidet.
985 3367 1025 3426 Et
1054 3391 1065 3398 ·“

69 3460 103 3514 lo
114 3465 200 3530 pozst
214 3453 256 3510 Hi
265 3464 373 3525 minen,
385 3455 493 3528 inquit,
507 3456 620 3510 etiamsi
634 3471 846 3527 supervacuum
857 3471 951 3522 usum,
964 3463 1024 3509 nort

69 3560 135 3616 pem
147 3557 205 3595 uee
218 3537 352 3594 infamem
368 3536 421 3592 deo
438 3539 619 3636 promittunt
649 3533 760 3593 Sedent
758 3535 931 3614 quaedam'
923 3555 955 3592 ιιι
969 3535 1023 3594 Ca-

69 3625 130 3694 dio,
156 3639 234 3696 quae
248 3639 280 3675 sc
293 3638 310 3675 a
322 3618 390 3677 Iove
403 3623 494 3676 amari
507 3629 626 3695 putant:
651 3621 705 3674 n'ec
718 3597 838 3672 ludonis
852 3619 975 3692 quidem,
998 3623 1025 3678 si
1128 3675 1129 3678 ,

69 3707 136 3762 dere
151 3705 249 3780 poetis
263 3703 347 3772 velis,
366 3704 603 3760 iracundissimae
617 3705 751 3774 respecta
761 3705 940 3759 terrentur.“

69 3789 154 3847 lianc
174 3787 341 3842 libertatem
352 3784 444 3842 Varro
458 3791 517 3844 noh
530 3783 646 3841 habuit:
673 3784 1026 3862 tantummodopoeticam
1082 3839 1089 3856 ,

71 3874 175 3951 ogiam
202 3866 412 3943 reprehendere
438 3887 526 3926 ausus
542 3877 601 3938 cst3
629 3863 745 3924 civilem
770 3885 833 3928 non
859 3883 961 3933 ausus¹
975 3881 1035 3934 est,
