2362 4320
100 199 120 302 ‚¹
154 204 251 266 :on
274 159 493 264 emunire
516 203 594 264 nni
621 163 807 265 mnne
954 215 1014 272 ιιι

49 364 85 414 tu.
113 358 219 436 lienique
232 357 387 434 Scriptura
403 369 469 416 cuin
485 358 550 415 illos
565 358 625 414 dice
640 359 840 440 dinumeraret
852 373 891 416 ex
901 361 1015 434 ordine,
1099 381 1100 390 ¹

48 439 142 516 nuquam
151 444 317 518 interposuit
329 442 502 500 vocabulum
515 445 620 498 noctis.
662 442 723 500 Nos
743 446 822 512 enim
839 445 882 502 ait
899 447 1017 516 alicubi,

47 518 225 583 Famutmox:
256 525 326 598 scd,
353 524 663 603 Faeta‘estveapcra,
691 527 1017 598 etfactameatmane

47 604 153 666 dictatae.
174 597 294 672 ltadies*
306 607 469 679 secundun,
484 618 513 665 et
526 611 643 666 caeteri.
666 609 801 688 Cognitio
816 613 919 686 qnippe
934 631 1016 677 creu-
1047 635 1051 644 =

47 693 100 746 lune
109 693 129 748 in
139 712 162 748 re
173 691 232 766 ipsa
246 693 442 748 decoloratior
451 701 509 764 ert,
523 695 606 748 utita
619 693 722 765 dicam,
737 712 822 769 quam
835 713 900 750 cum
913 697 944 750 in
959 692 1017 749 Dei

47 763 158 846 Sapientiae
169 777 375 854 cognoscitur,
401 777 482 832 velut
499 777 531 832 in
545 785 607 838 arte
625 791 680 851 qua
693 771 771 836 sacti
784 787 838 834 eet.
880 777 949 834 Ideo
963 797 1014 833 ve·
1072 847 1075 850 ι

47 866 101 928 ipen
110 862 292 936 congruentius
307 877 394 933 quam
407 876 467 914 nox
480 859 538 916 dici
550 868 660 934 potest:
679 879 753 938 quae
767 871 880 933 tamen,
895 870 928 919 ut
941 860 1015 933 dixi,

47 950 90 994 bun
98 940 121 996 ad
128 942 288 1000 laudandum
301 951 331 999 ct
343 941 497 998 amandum
510 943 636 998 refertur
649 941 832 1017 Creatorem,
845 946 973 1000 recurrit
983 945 1015 1000 in

47 1032 110 1077 utne.
123 1023 206 1082 lthoc
220 1046 287 1083 curn
300 1026 372 1082 facit
383 1027 415 1084 in
430 1027 598 1102 cognitione
612 1027 657 1082 oui
669 1029 776 1101 ipsius,
791 1027 851 1086 dies
865 1047 940 1085 unus
955 1011 1030 1084 estt'
1089 1043 1090 1046 ’

47 1107 118 1162 cunin
131 1112 286 1187 cognitione
302 1109 492 1180 firmamenti,
516 1109 591 1186 quod
609 1111 687 1166 inter
704 1129 795 1186 aquas
811 1112 967 1172 inferiores
986 1120 1016 1166 et

47 1190 272 1259 inperiorencoelum
289 1195 462 1268 appellatum
482 1202 546 1264 est,
566 1193 626 1258 dies
647 1194 806 1251 secundus:
833 1215 899 1252 cum
918 1197 950 1250 in
964 1214 1014 1250 co·
1053 1248 1058 1254 .

47 1271 127 1342 pitiana
136 1285 223 1338 terrae
237 1296 272 1332 ac
285 1278 373 1340 maris
388 1278 574 1351 omniumque
587 1277 789 1355 gignentium,
815 1296 888 1354 qnae
905 1277 1014 1334 radici-

47 1369 71 1408 ιιι
80 1360 219 1432 coodunata
232 1369 303 1416 suut
316 1369 428 1430 terrae,
442 1359 502 1416 dies
517 1361 634 1416 tertius:
663 1379 729 1416 curn
741 1362 773 1418 in
787 1360 957 1438 cognitione
965 1363 1014 1426 lu-

47 1436 142 1498 inanum
152 1445 268 1500 maioris
279 1453 310 1498 'ct
322 1445 444 1502 minoris
456 1445 641 1516 omniumque
654 1444 792 1514 siderum,
808 1444 869 1500 dies
880 1455 1012 1519 quartus:
1106 1447 1107 1452 ’

47 1525 103 1580 min
111 1529 272 1604 cognitione
287 1529 416 1586 omnium
426 1543 463 1582 ex
474 1527 557 1600 aquia
568 1527 738 1590 animalium
749 1528 915 1586 natatilium
927 1536 1014 1602 atquo

47 1605 161 1677 datilium,
175 1611 236 1679 dica
250 1611 385 1686 quintus:
400 1628 465 1664 cum
476 1609 692 1686 incognitione
705 1610 833 1668 omnium
846 1611 1014 1667 animalium

47 1705 167 1750 neronum
180 1703 269 1769 atque
281 1694 374 1767 ipsius
387 1691 531 1762 hominis,
558 1691 620 1747 dien
634 1689 744 1752 sextus.

47 1935 610 2016 aequationeintelligendaritDeirequies,
628 1945 901 2008 quaportroperarex
911 1937 1014 1993 dierum
1045 1955 1048 1962 “

98 2023 103 2029 ·
350 2007 483 2076 requievit
491 2005 520 2058 in
530 2007 649 2074 ceptimo.
1017 2075 1018 2082 ἵ

56 2115 202 2195 Cnmvero
216 2118 249 2172 in
262 2115 309 2188 die
323 2117 446 2190 septimo
459 2115 603 2190 requievit
615 2114 697 2172 Daue
715 2116 750 2173 ab
767 2115 900 2176 omnihus
918 2116 1012 2192 operi-

63 2203 133 2273 tuis,
159 2211 189 2258 et
201 2199 366 2256 sanctificat
378 2214 458 2270 cum;
483 2217 666 2274 nequaquam
676 2209 721 2272 est
732 2199 930 2275 accipiendum
941 2219 1013 2275 puc-

47 2293 92 2356 ier,
104 2289 242 2359 tanquam
254 2282 334 2338 Deus
346 2282 523 2338 laboraverit
536 2283 698 2356 operando,
713 2286 764 2359 qui
776 2285 866 2353 dixit,
880 2285 1013 2356 etfccta
1079 2291 1082 2300 '

47 2378 69 2437 t,
93 2369 180 2425 verbo
193 2366 372 2443 intelligibili
388 2375 418 2421 ot
430 2365 622 2440 sempiterno,
648 2386 709 2424 non
722 2368 847 2424 sonabili
858 2377 889 2424 ct
900 2377 1012 2440 tempo·
1035 2417 1036 2420 ,

47 2492 51 2506 ,
77 2449 135 2508 Sed
147 2453 263 2526 requies
276 2449 334 2506 Dei
345 2451 477 2524 requiem
490 2449 637 2526 significat
650 2469 750 2506 eorum
763 2452 812 2526 qui
826 2453 1013 2527 requiescunt
1034 2499 1036 2502 .

47 2533 106 2606 ito,
121 2537 197 2590 aient
209 2535 321 2592 laetitia
334 2534 450 2603 domur,
463 2533 604 2589 laetitiam
614 2533 764 2611 significat
775 2551 877 2614 eorum
889 2537 939 2609 qui
951 2536 1011 2590 lac-

47 2636 82 2673 ιιι·
99 2620 130 2675 ίιι
147 2619 249 2690 domo,
266 2617 465 2673 etiamsinon
478 2616 640 2672 condomus
654 2619 736 2690 ipsa,
763 2615 814 2671 aed
827 2617 885 2672 alia
897 2636 943 2672 res
957 2619 1012 2680 ali·
1036 2670 1039 2680 f

53 2703 140 2758 laetos
153 2703 234 2766 lacit.
278 2697 395 2768 Quanto
408 2701 518 2776 magis,
533 2701 559 2754 si
571 2700 672 2755 eadem
685 2699 786 2755 domus
799 2697 1013 2772 pulchritudine

51 2785 135 2841 iaciat
147 2781 241 2841 laetos
255 2767 452 2855 haiitntoreu,
478 2792 511 2839 ut
530 2801 591 2839 non
610 2785 704 2840 solnm
723 2799 758 2838 eo
776 2782 915 2859 loquendi
927 2783 1012 2840 modo
1032 2833 1033 2836 ,

47 2868 203 2940 edicatur,
230 2887 288 2943 quo
312 2867 511 2944 significamus
529 2885 580 2940 per
596 2867 627 2922 id
644 2865 719 2942 quod
737 2867 870 2922 continet
887 2866 917 2921 id
935 2865 1014 2939 quod

47 2953 164 3024 linctum
191 2953 290 3023 sicut,
300 2949 414 3007 theatra
426 2948 582 3024 plaudunt,
594 2960 677 3024 prata
689 2951 840 3027 mugiunt,
853 2967 918 3005 cum
931 2950 962 3004 in
976 2950 1011 3003 ii-

47 3038 160 3093 omine·
174 3031 331 3110 plaudant,
345 3031 436 3091 inhio
446 3032 534 3089 boves
547 3035 696 3110 mugient:
724 3033 775 3089 ied
789 3035 877 3088 etiam
889 3033 941 3087 illo
955 3048 1012 3105 quo

47 3113 167 3175 ilicetur-
178 3137 232 3192 per
243 3117 416 3174 efficientem
427 3116 458 3172 id
470 3116 548 3191 quod
561 3114 699 3188 efficitur3
708 3119 792 3172 'sicut
801 3111 877 3172 laeta
891 3116 1013 3189 epistola

47 3212 98 3273 nur,
113 3202 287 3280 significans
302 3211 404 3258 eorum
417 3201 570 3270 laetitiam,
584 3215 655 3274 qnos
666 3201 798 3277 legentes
811 3198 898 3256 eflicit
909 3200 1012 3254 laetos.
1038 3239 1041 3246 .

47 3287 266 3342 venientirrime
278 3286 377 3360 itaque
391 3291 455 3339 cum
461 3282 557 3338 Dcum
567 3285 747 3356 requievisse
759 3281 929 3358 prophctica
942 3287 1014 3335 nar--

47 3371 218 3440 auotoritas,
246 3368 428 3446 significatur
446 3367 562 3441 requies
581 3385 682 3422 eorum
700 3368 799 3441 quiin
822 3368 874 3422 illo
897 3362 1028 3437 requie-1,
1129 3429 1133 3436 Ι

47 3461 82 3524 tt,
108 3463 139 3508 et
162 3470 236 3527 quor
259 3451 330 3507 fucit
351 3452 421 3524 ipec
435 3450 626 3524 requiescere.
669 3449 735 3506 Hoc
748 3443 1012 3504 etiamhcminibur
1034 3445 1042 3476 r

47 3555 84 3592 »ut
98 3537 248 3610 loquitur,
262 3529 422 3608 et'propter
435 3551 507 3608 quos
521 3533 621 3605 utique
635 3533 802 3605 conscripta
815 3539 875 3600 eet,
890 3526 1012 3602 promit-
1059 3557 1061 3560 -
1093 3589 1094 3594 Ἰ

47 3618 243 3695 eprophetia‚
266 3616 343 3692 quod
357 3618 443 3672 etium
455 3616 513 3690 ipsi
525 3625 591 3688 post
603 3617 681 3671 bona
694 3632 782 3688 opera
795 3629 869 3684 quae
882 3613 914 3666 in
928 3611 970 3664 eis
985 3615 1014 3661 ct
1096 3657 1098 3662 .

47 3721 95 3760 eos
110 3711 253 3776 operatur
267 3699 367 3770 Deus,
394 3702 420 3756 oi
432 3699 468 3756 ad
481 3699 563 3752 illum
577 3699 658 3770 priua
672 3700 704 3753 in
716 3699 774 3750 iste
788 3694 850 3748 vita
862 3710 914 3765 per
927 3689 1014 3748 fidem

47 3785 103 3842 iam
120 3783 210 3840 modo
229 3784 419 3853 acceeoerint‚
441 3783 477 3838 ¹in
495 3781 545 3835 illo
558 3778 704 3836 habebunt
716 3775 848 3850 requiem
861 3773 1013 3844 sempiter-

47 3909 50 3924 .
97 3867 165 3925 Hoc
180 3867 259 3922 enim
273 3877 303 3923 et
315 3865 426 3924 subbati
438 3864 592 3921 vacatione
611 3880 647 3917 ex
661 3865 816 3937 praecepto
830 3855 904 3931 legia
917 3855 949 3908 in
964 3870 1013 3906 vc·
