2340 4312
143 173 821 316 'assisinis-unniutu-‘xit
1001 227 1040 282 n
1133 283 1138 290 ,

28 387 89 444 qne
106 367 244 423 rationis
258 362 399 434 afferunt,
425 381 516 438 qnare
533 367 748 441 ten-agrarios
768 376 800 422 ct
812 366 932 426 inferior
945 375 1041 432 locum
1063 363 1067 370 Χ

28 454 64 508 eli
78 449 307 546 tranquillioris
320 451 462 504 invaserit
473 467 525 522 per
538 451 687 505 volumina
699 459 745 504 tot
755 469 909 520 annorum,
925 465 954 508 ct
967 473 1040 528 aqna

28 537 86 590 ior
100 553 141 589 ae
153 535 291 607 superior
303 534 445 605 permissa
459 551 519 588 non
533 534 572 588 eit
583 531 638 640 hoc
650 533 749 588 facere
760 535 873 590 saltem
876 535 917 590 ad
926 546 1040 610 tompus

27 613 157 695 ignum?
964 657 966 660 -
1093 670 1124 696 Ι,

52 701 177 757 Dicunt
196 701 286 756 etiam
304 717 365 754 non
383 702 515 772 potuisse
533 717 637 773 capere
657 683 742 756 areae
754 702 833 762 illius
848 669 1042 775 quantitatem

28 785 171 860 imalium
185 800 323 858 genera
311 793 371 837 tam
383 785 498 838 multa'
489 803 520 839 m
534 793 658 857 utroque
671 802 760 854 sexu,
783 785 853 840 bina
867 784 923 838 def
912 801 1042 842 immun·

28 887 53 937 ι,
67 867 198 939 septena
213 865 249 920 tle
262 865 388 922 mundis.
424 867 481 931 Qui
494 865 565 922 mibi
577 866 788 924 videntur-non
802 877 969 940 (computare
982 869 1042 922 nisi

28 960 131 1005 menta
152 949 256 1004 eulnta
273 948 485 1025 longitudinis,
504 958 542 1004 et
558 950 720 1008 latiardinis
740 953 957 1026 quinquaginta
971 949 1040 1025 [tri-

28 1043 79 1088 nta
94 1025 298 1107 altitudinis],
320 1050 378 1086 nec
389 1033 522 1107 eogitare
537 1033 619 1088 aliud.
628 1043 742 1090 tantum
756 1051 820 1094 esse
830 1036 867 1090 in,
879 1035 1039 1107 superiori-

28 1134 63 1184 s,
84 1117 219 1187 itemque
232 1113 313 1168 aliud
326 1124 441 1182 tantum
454 1116 487 1170 in
500 1116 696 1187 'superioribas
710 1119 912 1189 superiorum,
938 1135 974 1172 ac
987 1133 1040 1190 por

28 1217 49 1252 c
59 1208 111 1253 ter
127 1198 218 1252 ducta
236 1197 288 1250 illa
301 1197 404 1253 cubita⁴
416 1197 484 1252 lieri
501 1207 653 1273 nongenta
666 1197 742 1273 [per
755 1198 895 1275 longum]
922 1210 1040 1256 eentum

28 1281 214 1358 inquaginta
229 1279 301 1358 [perae
310 1281 417 1349 latum,
428 1281 598 1356 nonaginta
610 1298 662 1351 per
674 1277 806 1352 altum].r
832 1280 865 1338 Si
878 1293 975 1340 autom
989 1303 1038 1338 co·

28 1373 124 1418 temus
139 1361 221 1437 quod
229 1362 370 1438 Origines
384 1380 445 1418 non
458 1364 643 1438 ineleganter
651 1363 810 1432 adstruxit,
823 1361 945 1439 Moysen
959 1367 1039 1420 soili-

28 1456 41 1500 t
54 1446 209 1502 hominem
223 1445 280 1500 Dei
294 1445 457 1513 eruditum,
470 1446 548 1500 siout
561 1447 702 1518 scriptum
717 1454 778 1516 est,
793 1450 870 1502 omni
884 1450 1038 1524 sapientia
1111 1463 1131 1506 ,”

28 1527 306 1606 Ἧῃριίονιιιιι,ἰιιιί
321 1527 536 1584 Geometrieam
548 1528 732 1598 dilexerunt,
751 1532 927 1604 geometrica
942 1532 1040 1586 cubita

28 1613 169 1687 gnilleare
182 1613 328 1684 potuisse,
342 1610 393 1666 ubi
407 1629 499 1666 unum
512 1619 651 1683 quantum
660 1607 832 1668 sex'nostra
844 1614 944 1672 valere
958 1627 1038 1684 assc—
1119 1675 1122 1680 .

29 1704 121 1767 rant3
151 1697 219 1768 quis
233 1712 293 1749 non
307 1693 559 1772 videatquantum
575 1712 674 1750 rerum
688 1707 791 1768 capere
803 1696 964 1766 potuitilla
976 1713 1038 1750 ma.-
1083 1763 1088 1766 ,

28 1774 138 1834 titudol
161 1777 237 1838 Nam
249 1777 322 1831 illud
335 1776 412 1850 quod
425 1777 587 1850 disputant,
602 1785 701 1832 tantae
713 1776 926 1853 magnitudinis
941 1791 1039 1836 aream

28 1881 57 1918 »n
70 1863 208 1936 potuisse
224 1861 382 1936 compingi,
398 1860 578 1932 ineptissime
592 1862 817 1930 calumniantur,
832 1861 1037 1934 quumsciant,

28 1963 156 2000 emensas
170 1945 257 1998 urbes
272 1943 364 1998 fuisse
379 1952 579 2013 constructas,
607 1961 662 1998 nec
675 1939 831 2005 attendunt
848 1952 964 1998 centum
982 1961 1037 1997 an·
1094 1993 1095 1996 ,

28 2023 53 2082 s
63 2029 170 2102 quibus
184 2045 254 2082 arca
263 2027 317 2082 illa
330 2034 375 2080 est
392 2025 549 2081 fabricata:
574 2027 634 2080 nisi
647 2025 724 2082 forte
738 2027 811 2097 lapis
823 2025 914 2098 lapidi
928 2025 1036 2082 abbae:

28 2127 63 2166 rc
81 2121 181 2185 potest
195 2113 258 2168 sola
277 2111 357 2166 calce
376 2110 568 2178 coniunctus,
594 2117 627 2165 ut
640 2127 739 2172 murus
750 2128 803 2182 per
816 2118 860 2168 tot
873 2111 964 2166 millia
977 2112 1036 2166 eir-

30 2204 186 2270 magatur,
206 2203 236 2248 et
249 2192 459 2269 lignum-ligno
474 2209 527 2263 per
540 2192 747 2263 subscudines,
766 2195 876 2266 epiros,
896 2195 993 2258 elavos
1007 2202 1038 2248 et
1073 2203 1084 2238 4

28 2287 101 2332 uten
112 2277 265 2334 bituminis
278 2294 339 2332 non
352 2284 449 2348 potest
462 2273 629 2345 adhaerere,
641 2276 960 2346 utiabrioareturarea,
975 2294 1037 2334 nort

28 2362 115 2430 urvis,
129 2359 181 2414 sed
194 2362 283 2415 rectis
296 2361 383 2416 lineis
397 2359 486 2434 longe
498 2359 614 2431 lateque
626 2369 778 2431 porrecta,
796 2361 1037 2432 quamnullusin

28 2445 191 2498 ammittat
205 2440 505 2510 οοιιιιιιιιίιοιιιίιιιιιιι,
532 2440 779 2513 sedlesetunda,
807 2461 895 2515 quum
908 2445 1035 2513 venerit,
1098 2503 1109 2524 ι

28 2529 127 2582 ιιιιιιιΙί
139 2526 242 2581 ordme
255 2524 433 2597 ponderum,
452 2525 603 2600 magisque
616 2524 716 2578 divina
729 2524 930 2596 providentia,
948 2545 1037 2612 quam
1082 2521 1084 2528 ’
1129 2563 1133 2572 ·

28 2625 128 2664 ιιιιιιιιιι
144 2607 301 2681 prudentia
318 2615 468 2714 natantem
486 2607 647 2682 gubernet,
672 2625 710 2664 ne
724 2609 855 2662 incurrat
867 2601 1036 2712 ubicunque

28 2693 204 2768 sufragium.

64 2773 148 2840 Quod
168 2784 266 2830 autem
288 2758 542 2846 scrupulosissime
562 2775 665 2847 quaeri
682 2751 759 2832 solet
775 2772 811 2834 de
825 2773 1035 2846 ualentissimis

28 2860 146 2928 mtiolis,
172 2877 232 2913 non
256 2859 349 2914 solum
372 2859 470 2933 quales
493 2866 564 2914 sunt
581 2875 678 2912 mures
694 2866 723 2911 et
739 2858 919 2926 stelliones,
934 2875 1037 2914 verum

28 2941 92 2995 :iam
106 2942 205 3015 quales
225 2942 371 3009 locustae,
388 2939 545 3008 scarabei,
572 2958 699 3002 muscae,
713 2939 847 3020 denique,
863 2949 893 2994 ct
914 2941 1036 3013 pulices,
1076 2941 1079 2948 “
1125 2943 1128 2946 ’

28 3027 102 3078 trum
115 3043 173 3080 non
186 3023 336 3096 amplioris
350 3024 466 3078 numeri
482 3025 514 3078 in
528 3041 596 3080 arca
609 3025 659 3078 illa
676 3023 800 3093 suerint,
828 3041 913 3097 quam
927 3024 978 3096 qui
991 3033 1036 3077 est

28 3105 157 3177 clinitus,
183 3105 273 3182 quum
293 3103 348 3160 hoe
372 3106 528 3177 imperaret
551 3104 647 3162 Deus:
674 3109 753 3180 prius
771 3105 945 3177 admonendi
967 3114 1037 3160 sunt
1095 3122 1105 3132 ·

28 3201 77 3243 tros
89 3187 160 3246 baec
174 3198 304 3258 movent,
319 3190 360 3242 sic
374 3187 574 3260 accipiendum
588 3207 652 3243 cese
667 3189 744 3264 quod
757 3189 866 3245 dietum
880 3198 935 3257 ert,
952 3185 1037 3254 Quae
1086 3229 1089 3234 -
1140 3189 1141 3192 ’

28 3283 111 3344 cpuat
123 3290 213 3350 saper
228 3284 358 3343 tori-cna,¹
371 3280 404 3334 ut
418 3289 537 3334 neeesse
550 3289 610 3326 non
626 3272 714 3330 fucrit
728 3273 897 3332 conservari
911 3273 942 3325 in
956 3286 1035 3354 areq,

28 3365 78 3408 uae
90 3365 211 3428 possunt
224 3357 255 3410 in
269 3355 351 3428 aquis
364 3355 481 3424 vivere,
506 3374 566 3410 non
585 3358 679 3410 solum
693 3373 803 3422 mersa,
831 3355 907 3408 sicut
924 3354 1035 3425 pisces,

28 3453 103 3492 erum
116 3441 204 3493 ctiam
219 3438 457 3511 supernatantia,
472 3439 549 3493 sieut
560 3441 667 3492 multae
681 3441 774 3493 alites.
818 3435 934 3492 Deinde
948 3452 1055 3508 quum„
1080 3449 1085 3458 ·

28 3516 126 3592 icitur,
139 3519 334 3577 Masculuset
340 3521 461 3590 femina
476 3533 579 3578 erant:
603 3521 734 3593 profecto
748 3521 924 3595 intelligitur
937 3517 973 3572 ad
987 3536 1034 3572 re-

28 3562 165 3659 arandbm
186 3621 281 3680 genus
304 3602 375 3657 dici:
402 3621 436 3658 ac
454 3621 506 3675 per
524 3603 576 3658 boe
596 3623 650 3658 nec
669 3605 719 3658 illa
739 3619 858 3656 necesse
878 3601 975 3657 fuerat
994 3601 1035 3657 ibi

28 3697 87 3754 sse,
112 3705 186 3760 quae
204 3695 328 3766 possunt
348 3686 412 3739 sinc
432 3686 588 3741 concubitu
603 3687 638 3740 de
652 3687 814 3760 quibusque
827 3685 913 3752 rebus
930 3686 975 3740 vel
988 3703 1035 3738 rc-

28 3781 72 3822 um
85 3769 315 3842 corruptionibus
330 3769 425 3824 nasei-2
448 3770 496 3823 rel
508 3757 681 3842 siluerunt,
696 3770 782 3822 sicut
777 3769 814 3822 in
828 3767 958 3822 domibus
972 3787 1036 3822 esse

32 3860 239 3922 omanorum,
266 3853 330 3906 sinc
351 3852 410 3906 ullo
430 3867 550 3906 numero
564 3851 684 3908 delinito
697 3869 762 3908 esse
774 3853 923 3926 potuisse:
947 3852 1041 3906 autel
