2310 4306
171 216 233 274 on
261 213 478 321 crvrrnrn
505 194 584 278 nm
608 220 688 279 nun.
711 221 839 283 xvnr.
969 233 1025 289 rm
1073 193 1084 210 ⁸

20 361 146 444 phigenia
163 368 244 444 regie
265 369 491 444 Agamemnonis
507 369 577 426 filia.
612 369 715 447 Neque
736 376 813 429 enirn
835 369 1047 452 daemonium„
1100 369 1101 374 ἵ

20 445 107 505 ιίἰοίο
119 449 174 504 Dei
192 452 343 521 permissio
361 449 528 508 huiuamodi
545 456 723 530 praestigiae
741 456 872 512 difficiles
891 475 954 512 esre
972 479 1023 531 po-

21 540 129 587 erunt:
143 531 194 587 ned
207 533 275 605 quia
289 533 340 587 illa
352 534 437 608 virgo
450 543 552 605 postca
564 537 631 592 vivo
646 548 761 610 reperta
776 548 831 609 eet,
845 542 1024 613 suppositam
1057 555 1062 562 ·

20 623 47 660 ⁰
70 615 112 668 illa
124 629 239 681 ceruam
254 632 330 683 enee,
344 614 431 669 facile
445 619 596 692 cognitum
609 628 664 674 ent.
693 618 775 674 Socii
788 639 860 676 vero
874 620 1024 676 Diomedis

20 690 73 748 lia
83 713 216 769 nusquam
230 695 326 751 subito
340 708 581 770 comparuerunt,
608 709 637 756 et
650 710 752 774 postea
765 705 844 758 nullo
858 705 923 759 loeo
937 722 1024 778 appa-

20 786 127 848 erunt,
140 777 328 849 perdentibus
337 779 537 836 eoo'ultoribue
547 775 765 858 angelismnlio,
775 786 806 839 in
815 803 863 848 eae
871 803 940 841 aves
951 803 1025 860 «quae

20 869 45 906 Ι)
67 860 117 914 illie
126 869 196 930 runt
206 863 320 917 occulte
330 877 368 916 ex
378 862 443 918 aliie
453 864 537 933 locis,
547 865 597 920 ubi
609 874 654 920 eet
662 865 716 921 hoe
726 885 820 944 genus
831 870 938 938 avium,
946 869 982 924 ad
991 887 1025 923 ea
1055 921 1057 926 ,

20 951 66 996 212
76 943 237 1015 perductae,
252 962 286 999 ac
299 954 420 1016 repente
434 947 619 1018 suppositae,
632 947 791 1032 ereduntqr
803 968 867 1006 core
881 956 1025 1008 converti.
1040 997 1042 1004 ι

20 1023 84 1078 tud
94 1033 188 1080 cutem
200 1025 350 1082 Diomedis
365 1027 396 1082 in
410 1029 548 1100 templum
560 1047 663 1103 aquarn
674 1034 780 1087 rostris
794 1031 920 1090 afferunt
932 1045 962 1090 et
974 1033 1025 1089 ad·
1090 1074 1093 1081 .

20 1115 149 1182 otgunt,
172 1117 201 1163 ct
214 1107 291 1181 quod
304 1107 494 1166 blandiuntur
509 1109 716 1189 Graeeigenir,
729 1116 912 1193 alienigenos
926 1134 1024 1189 perse·
1096 1121 1097 1124 ’

20 1195 133 1257 untur,
147 1188 310 1246 mirandum
323 1207 384 1246 non
398 1200 444 1246 eet
457 1190 521 1246 fieri
535 1191 709 1250 daemonum
720 1197 880 1266 instinctug
901 1217 1025 1272 quorum
1065 1209 1067 1216 ’

20 1269 127 1340 terent,
141 1271 317 1344 pertundere
331 1271 416 1328 deum
430 1273 539 1330 facturn
553 1294 617 1330 esre
631 1276 813 1348 Diomedem,
828 1279 864 1336 ad
877 1281 1025 1354 decipien-

64 1351 200 1422 homineo,
214 1362 247 1408 ut
262 1353 351 1409 faleor
365 1352 435 1410 deos
450 1351 515 1410 cum
527 1359 592 1413 veri
605 1357 662 1413 Dei
674 1360 783 1415 iniuria
795 1364 902 1418 multos
917 1355 1025 1434 colant,

22 1425 201 1492 hominibun
214 1437 355 1518 mortuis,
381 1438 436 1510 qui
452 1454 507 1492 nec
530 1458 595 1494 cum
616 1441 766 1510 viverent,
790 1461 860 1498 rere
875 1446 1026 1516 vixerunt,
1102 1445 1104 1460 *

20 1519 123 1590 uplin,
148 1516 305 1586 altaribus,
330 1519 501 1589 sacrifieiis,
526 1521 725 1592 sacerdotibus
751 1519 836 1605 (quae
850 1527 1027 1582 omniocurn

20 1607 76 1655 eta
88 1610 166 1669 nunt,
181 1617 241 1656 non
254 1600 313 1656 uici
326 1602 380 1656 uni
391 1600 456 1657 Deo
468 1603 537 1661 rivo
552 1613 581 1659 et
592 1622 663 1660 vero
677 1603 834 1683 debentur)
853 1609 1026 1664 inserviant.

355 1750 495 1826 „cnr
537 1752 650 1811 xrx.

20 1846 75 1898 tud
83 1861 111 1900 eo
121 1853 240 1914 tempore
249 1846 354 1902 Aenean
367 1847 397 1900 ia
411 1848 523 1908 ltaliam
537 1851 653 1914 venerit,
673 1867 725 1919 quo
735 1849 847 1904 Leddon
857 1851 943 1903 ludex
949 1866 1029 1918 prae·
1057 1822 1060 1826 .

383 1917 487 1969 ridebat
497 1917 637 1972 Hebraeis.

50 2021 93 2077 Eo
105 2031 235 2096 ternpore
247 2032 314 2098 post
327 2032 439 2097 captam
454 2021 573 2080 Troiam
586 2035 674 2102 atque
688 2025 823 2098 deletam,
836 2026 952 2082 Aenean
964 2043 1028 2080 eum
1055 2057 1058 2064 ·

20 2105 103 2174 giuti
121 2106 260 2176 navibus,
281 2105 384 2180 quibus
403 2105 595 2178 portabantur
610 2111 751 2184 reliquiae
764 2108 973 2176 Troianorum,
998 2109 1029 2162 in
1087 2147 1096 2154 -

20 2185 109 2242 ssiam
121 2190 219 2255 venit,
243 2197 387 2264 regnante
400 2187 442 2242 ibi
455 2185 577 2262 Latino,
591 2200 620 2246 ct
633 2191 710 2266 apud
723 2192 915 2248 Athenienses
929 2189 1029 2246 Menc-

21 2269 91 2339 ¹aco,
104 2270 181 2343 opud
194 2269 351 2344 Sicyonios
364 2269 534 2345 Polyphide,
549 2274 623 2346 apud
636 2275 773 2349 Assyrios
786 2274 934 2344 Teutane3
954 2273 1031 2347 apud
1105 2307 1107 2314 ,
1126 2311 1132 2322 ι

21 2350 146 2408 sslrraeor
167 2361 265 2408 autem
279 2350 370 2408 ludex
383 2351 502 2408 Labdon
521 2355 586 2410 fuit.
620 2356 738 2412 Mortuo
752 2368 849 2413 autem
861 2349 967 2412 [latino
981 2373 1029 2411 re-

21 2436 225 2491 omittentes
240 2434 334 2491 tribus
348 2437 445 2505 annis,
469 2436 579 2492 eisdem
590 2439 623 2494 in
636 2439 808 2512 supradietis
821 2442 893 2494 loeis
907 2457 1029 2494 manen·
1126 2460 1130 2464 ·

21 2519 218 2594 weregildo,
232 2517 288 2572 nisi
304 2518 381 2591 quod
391 2517 598 2592 Sicyoniorum
612 2521 670 2574 iam
683 2519 823 2595 Pelasgus
838 2531 911 2590 erat,
926 2531 955 2576 et
968 2520 1029 2576 He·

21 2593 250 2656 neornmludex
262 2598 404 2656 Samson:
417 2602 467 2674 qui
482 2609 546 2655 c'um
561 2602 733 2656 mirabiliter
746 2601 831 2657 fortio
845 2612 932 2673 ercet,
945 2615 1030 2676 puta·
1110 2645 1112 2648 -

21 2693 47 2733 n
58 2692 103 2738 ert
114 2681 267 2738 Hercules.
304 2680 364 2737 Sed
382 2683 524 2752 Aeneam,
550 2685 687 2757 quoniam
699 2683 813 2757 quando
827 2693 960 2740 mortuno
975 2697 1030 2756 ert,

21 2766 246 2838 »rx-conparuit,
261 2763 346 2820 doum
360 2764 417 2819 sibi
430 2764 564 2820 fecerunt
572 2764 685 2834 Latini.
705 2764 816 2821 *Sabini
831 2761 917 2820 etiarlr
930 2784 1031 2843 regern

21 2855 81 2902 lum
95 2849 220 2922 primum
234 2845 363 2904 Sancum
378 2843 552 2924 [Sangam],
567 2850 630 2904 nire
644 2859 678 2904 ut
690 2850 780 2923 aliqui
793 2849 942 2922 appellant
954 2848 1030 2906 San-
1122 2891 1124 2895 ·

21 2941 93 3000 mn,
117 2932 284 2986 retulerunt
305 2931 337 2984 in
350 2930 429 2984 deon.
460 2929 517 2985 Per
532 2930 608 2985 idem
621 2941 734 3004 tempus
749 2929 862 2987 Codrus
873 2947 928 2984 rex
942 2930 1030 2986 rithe-

21 3014 145 3069 Ιιιιιιίιιιιι
157 3011 428 3084 Peloponnennihns
443 3012 573 3069 eiusdem
584 3010 715 3069 hostilius
730 3014 857 3069 civitatis
872 3030 903 3066 oe
917 3013 1031 3068 interli—
1116 3013 1120 3060 1

21 3094 135 3152 endum
148 3097 268 3171 ignotus
282 3095 402 3170 obiecit:
417 3104 447 3149 et
458 3095 567 3150 factum
581 3103 640 3148 est.¹
660 3093 725 3150 Hoc
737 3095 822 3150 modo
837 3111 901 3150 eum
915 3094 1031 3167 praedi-

21 3189 66 3234 cnt
78 3179 204 3251 patriam
220 3175 370 3231 liberanto.
403 3175 588 3249 Responsum
606 3177 684 3230 enim
704 3186 876 3249 occeperunt
888 3175 1030 3249 Pelopon-

21 3277 116 3330 ensee,
131 3271 203 3315 tune
216 3258 332 3313 demum
345 3276 377 3312 ec
390 3266 589 3330 superaturos,
608 3259 636 3312 ei
650 3275 752 3313 eorum
764 3275 865 3334 regem
878 3275 938 3313 non
953 3253 1036 3315 occi·'

21 3351 120 3399 erent.
134 3341 252 3397 Felellit
265 3357 337 3416 ergo
351 3357 400 3396 eor
414 3338 514 3395 habitu
524 3341 660 3413 pauperis
674 3340 851 3414 apparendo,
867 3347 896 3395 et
905 3341 937 3394 in
949 3357 1033 3396 enam

22 3445 101 3483 reem
113 3443 166 3498 per
180 3423 310 3499 iurgium
322 3420 516 3494 provocando,
539 3420 622 3477 Vnde
635 3424 677 3477 ait
689 3421 847 3498 Virgilium
865 3421 925 3476 Aut
936 3423 1034 3498 iurgio

22 3509 94 3566 adri.
139 3503 187 3561 Et·
196 3503 274 3560 hunc
289 3502 488 3560 Atheniense&
499 3513 640 3577 tanquam
652 3503 738 3560 deum
756 3502 967 3558 sacrificiorum
980 3502 1032 3560 lro-
1105 3525 1111 3532 ·

22 3609 68 3648 ire
92 3589 257 3645 coluerunt.
288 3587 397 3652 Quarto
419 3586 592 3642 Latinorum
610 3603 683 3662 rege
707 3584 800 3640 Siluio
819 3585 935 3640 Aeneae
959 3584 1033 3656 filio,

22 3692 55 3730 m
72 3672 109 3726 de
124 3668 251 3737 Creusa,
276 3667 312 3722 de
330 3685 387 3742 qna
401 3668 459 3724 fuit
472 3669 629 3736 Ascanius,
641 3666 702 3741 qui
715 3668 819 3740 tertius
832 3667 873 3722 ibi
886 3669 1034 3742 regnarit,

22 3757 44 3812 d
60 3754 100 3808 de
113 3751 238 3808 Lavinio
250 3749 348 3806 Latini
360 3749 431 3821 lilia,
444 3769 531 3827 quern
543 3747 725 3824 portlrnmum
739 3749 852 3806 Aenean
866 3746 971 3804 dicitur
982 3749 1034 3804 ho·

22 3840 113 3904 riene3
132 3833 321 3908 doryriorurn
333 3840 431 3889 autem
443 3834 584 3891 vicesimo
596 3841 627 3888 et
640 3847 719 3887 nono
734 3831 834 3899 Oneo,
842 3840 872 3886 ct
883 3829 1031 3912 Melantho
1068 3905 1073 3909 .,
