2266 4312
198 7 249 43 era
276 1 415 61 sprrrars
429 2 596 57 quoperrn
610 1 765 54 errores,c
792 1 851 39 non
866 2 916 38 era
943 4 1033 59 corpo
1057 1 1130 62 atq

198 72 361 147 exteriores
376 84 482 123 sensus
495 67 579 122 homo
594 68 750 123 frueretur.
765 67 840 122 Erat
852 68 939 140 plane
953 79 1131 145 utrumqucp

141 181 146 201 s
197 163 362 226 utrumque.
384 150 491 207 Postea
504 169 574 206 vero
588 169 673 225 quam
687 151 828 223 superbus
841 153 890 205 ille
904 155 1049 228 angelus,
1073 172 1129 226 acp

197 236 328 304 invidus,
341 253 393 309 per
406 233 527 289 eandem
538 234 700 308 superbiam
711 252 728 288 a
739 232 803 289 Deo
817 233 854 288 ad
867 237 1058 308 semetipsum
1071 254 1131 292 con

197 318 322 393 quodam
336 319 419 392 quasi
432 310 586 391 tyrannico
599 315 675 370 fastu
689 315 816 392 gaudere
830 316 967 387 subditis,
981 332 1068 391 quam
1082 338 1121 374 ess

152 419 158 438 l
198 402 275 458 ditus
290 403 415 477 eligens,
429 400 464 454 de
476 400 600 472 spiritali
614 398 747 472 paradiso
761 399 877 469 cecidit,
893 392 943 476 (de
954 403 1038 456 euius
1052 403 1126 475 lapsu

199 504 321 558 rumque
335 485 415 554 eius,
436 485 487 556 qui
501 500 538 536 ex
552 483 665 558 angelis
680 481 736 537 Dei
750 483 849 558 angeli
860 483 926 537 eius
943 481 1041 540 effecti
1055 494 1129 554 sunt,

197 569 262 625 bris
272 567 426 624 undecimo
440 575 469 620 et
481 565 652 631 duodecimo
665 562 753 618 huius
764 564 873 642 ¹Operis
887 559 972 637 satis,
993 559 1127 642 quantam

199 646 377 726 disputavi,)
400 647 567 704 malesuada
584 648 716 723 versutia
733 648 765 702 in
778 646 904 703 hominis
917 667 1024 705 sensus
1040 669 1129 724 serpet

200 745 299 804 etans,
320 735 367 788 eui
381 732 604 806 utiquestanti,
619 731 757 804 quoniam
770 732 832 804 ipse
846 731 1003 800 ceciderat,
1019 733 1127 789 invideo

173 822 175 831 ‘
199 819 312 874 lubrum
327 818 359 871 iu
372 814 507 889 paradiso
522 811 682 889 corporali,
708 812 758 867 ubi
778 832 844 868 oum
861 814 975 870 duobus
990 817 1051 871 illis
1064 815 1132 871 homi

107 960 109 965 ,
200 901 330 956 maseulo
346 908 375 953 et
389 898 498 952 sentina
511 898 649 952 animalia
662 897 750 950 etiam
770 899 924 952 terrestria
946 909 1064 954 caetera
1083 899 1127 954 sul

199 984 323 1039 innoxia
341 980 549 1050 versabantur,
577 980 684 1034 animal
703 980 817 1038 seilicet
832 979 976 1037 lubricum
990 992 1021 1037 et
1033 991 1132 1038 tortuo

103 1106 113 1123 s,
201 1065 341 1121 fractibus
360 1059 484 1132 monite,
508 1063 589 1135 operi
602 1080 660 1116 suo
681 1080 858 1138 congruum,
882 1081 935 1136 per
955 1083 1044 1138 quem
1061 1068 1133 1139 loqu

202 1149 306 1223 elegit,
321 1163 414 1218 eoque
426 1163 478 1218 per
492 1146 654 1220 angelicam
667 1147 862 1216 praesentiam
871 1151 1128 1220 praestantioremq

202 1241 297 1302 arram
311 1229 435 1301 spiritali
450 1227 647 1300 nequitiaxsibi
660 1228 817 1305 subiecto,
836 1237 865 1282 et
884 1238 1027 1303 tanquam
1045 1233 1115 1286 instr

201 1311 342 1377 abutens,
356 1310 472 1365 fallacia
488 1306 658 1384 [fallaciam]
673 1313 886 1366 sermocinatus
901 1322 947 1367 est
960 1312 1100 1369 feminae:
1129 1350 1130 1357 κ

202 1395 316 1449 seilicet
328 1393 468 1469 inferiore
481 1395 560 1449 illius
574 1391 718 1447 humanae
732 1395 851 1467 copulae
863 1396 1026 1469 incipiens,
1050 1407 1082 1452 ut
1092 1388 1132 1473 gr

154 1529 157 1538 ,
201 1478 369 1551 perveniret
382 1477 418 1531 ad
431 1486 540 1545 totum3
567 1494 627 1530 non
643 1476 831 1546 existimans,
856 1479 955 1533 virum
973 1479 1061 1534 facile
1079 1498 1131 1534 ere

199 1578 257 1617 ¹nee
275 1559 400 1616 errando
419 1577 504 1632 posse
523 1558 632 1630 decipi,
658 1557 710 1612 sed
723 1557 790 1613 dum
803 1560 901 1614 alieno
915 1561 994 1616 cedit
1009 1565 1107 1618 errori.

203 1644 281 1700 enim
293 1643 392 1698 Aaron
406 1642 517 1696 erranti
529 1643 634 1713 populo
649 1640 684 1695 od
697 1641 806 1696 idolum
825 1641 1027 1700 fabricandum
1042 1664 1099 1701 non
1111 1663 1133 1698 c·

203 1727 241 1780 sit
252 1725 399 1794 inductus,
413 1723 464 1778 sed
478 1726 567 1778 cessit
580 1724 752 1790 obstrictus;
773 1743 826 1779 nec
841 1723 1031 1782 Salomonem
1046 1727 1128 1784 eredi1

203 1808 302 1863 errore
314 1815 430 1880 putasse
442 1806 527 1861 idolis
542 1823 605 1859 esse
619 1805 815 1877 serviendum,
829 1807 880 1862 sed
894 1809 1046 1866 blanditiis
1060 1811 1131 1866 femi*

201 1893 254 1946 illa
267 1890 423 1964 sacrilegia
436 1887 528 1943 fuisse
542 1889 735 1961 compulsum:
762 1891 804 1944 ita
816 1891 995 1948 credendum
1009 1904 1071 1964 est,
1096 1894 1132 1947 ἰΙΙ

202 1992 268 2028 rum
280 1990 350 2026 suae
364 1971 501 2041 feminae,
514 1972 565 2025 uni
580 1988 682 2040 unum,
702 1968 847 2027 horninem
861 1971 984 2046 homini,
1000 1979 1129 2052 coniuge
