2362 4312
167 349 172 354 ¹
235 265 298 322 un
321 257 529 348 eruturus
552 259 631 321 ιιιιι
661 261 743 320 ιιι.
765 249 807 319 ιι.
994 269 1033 327 ιι
1071 221 1072 226 Ν

18 393 21 456 i
36 423 135 480 lamani
146 423 176 477 in
189 419 269 476 bella
284 415 383 471 civilia
390 416 452 496 suis
465 403 669 492 cupiditatibus
684 431 768 489 quam
781 413 897 470 illorum
910 403 1033 495 instiga.

18 506 134 562 tionibus
156 503 346 558 exarsissent
391 503 392 508 ’

361 644 484 707 CAP.
525 646 677 706 XXVI.

29 749 161 804 ιιιιιιιιιιι
171 749 335 800 homonum
344 743 461 806 monitis,
475 759 544 810 quae
552 746 724 829 pertinebant
734 747 772 804 od
780 741 862 797 bonos*
869 713 963 811 morea,
975 763 1033 818 euos

143 817 258 887 palam
245 835 279 870 ιιι
288 815 377 869 saeris
387 815 478 867 eorum
491 815 575 866 omnia
589 816 711 884 nequitia
729 816 924 868 disceretur«

73 929 144 994 Quae
156 945 219 981 cum
232 926 281 980 ita
292 924 371 994 siat,
399 939 464 977 cum
479 922 573 995 palam
586 913 742 998 aperteque
755 923 951 998 turpitudines
966 943 1031 981 cru-

29 1011 163 1068 delitatibus
176 1009 308 1077 mixtae,
338 1005 498 1104 ppprobria
516 1006 667 1062 numinum
679 1016 709 1062 et
723 1009 860 1106 orinuna,
886 1010 949 1064 sive
963 1027 1031 1083 pro-

28 1096 78 1166 dita,
100 1096 156 1150 sire
170 1090 352 1161 conficta,'
344 1091 415 1163 apsis
429 1089 664 1161 exposcentibus,
691 1099 721 1145 et
733 1092 792 1146 nis1
783 1091 910 1146 'lieret
901 1101 1031 1147 nraseen-

25 1180 87 1249 abus,
112 1179 202 1233 etiam
218 1176 316 1231 certis
331 1182 361 1228 et
375 1171 459 1255 stupis
484 1172 708 1229 solennitatibus
734 1184 905 1230 consecrata
917 1177 975 1230 illis
1003 1186 1039 1230 et

23 1263 125 1317 debeata
150 1259 342 1328 claruerint,
369 1263 456 1330 atque
480 1253 517 1310 ad
539 1256 670 1311 omnium
697 1259 807 1328 oculos,
834 1267 867 1313 ut
891 1258 1032 1316 imitanda

22 1354 244 1442 proponerentur,
275 1337 436 1414 spectanda
449 1339 668 1414 processerint3
689 1341 757 1415 quid
771 1349 826 1411 est,
854 1333 929 1415 quod
943 1341 1032 1397 iidem

22 1429 58 1501 ipu
50 1427 235 1499 ¹daemones,
265 1425 318 1500 qui
331 1439 364 1478 se
375 1419 573 1478 huiuscemodi
585 1423 781 1497 voluptatibus
795 1424 956 1480 immundos
971 1425 1030 1523 spi-

23 1513 144 1567 imsesse
171 1508 390 1578 confitentur,
404 1505 526 1580 quisuis
552 1499 674 1582 flagitiis
702 1515 732 1562 et
753 1507 941 1579 facinoribus,
968 1510 1030 1564 sive

24 1594 144 1666 indicatis,
169 1597 241 1650 sire
257 1590 419 1659 simulatis,
445 1605 604 1664 eorumque
614 1589 669 1644 sibi
685 1589 878 1672 celebratione
890 1591 982 1664 petita
995 1591 1029 1646 ab

24 1677 224 1752 inpudentibus,
242 1681 364 1730 extorta
377 1670 590 1748 apudentib'us,
604 1681 738 1727 auctores
753 1691 784 1726 se
798 1659 876 1728 bitae
890 1675 1030 1729 scelestae

22 1761 220 1836 immundaeque
230 1764 395 1826 testantur,
405 1753 596 1836 perhibentur
606 1757 725 1812 tamen
716 1773 747 1811 ιιι
758 1745 857 1830 adytis
865 1757 925 1810 suis
934 1771 1030 1810 scere·

20 1844 89 1918 lisque
110 1841 325 1919 penetralibus
352 1839 427 1894 dare
425 1827 573 1913 ιιιιιιιιιιιι
587 1839 663 1894 bona
674 1847 830 1912 praecepta
844 1837 1030 1910 demonibus,

19 1928 163 1999 quibusdam
176 1928 267 1982 velut
281 1923 383 1979 electis
398 1924 519 1986 sacratis
533 1918 612 1977 suisl
640 1922 760 1988 Quod
736 1941 761 1977 sn
774 1923 887 1992 itaest,
900 1919 1031 2020 hocipso
1124 1977 1125 1980 ,

19 2011 123 2067 ullidior
135 2007 328 2066 advertenda
338 2014 383 2063 est
392 2014 422 2060 et
431 2001 632 2064 convincenda
641 2007 752 2062 malitia
762 2006 915 2079 spirituum
925 2007 1030 2072 noxio·
1039 2059 1046 2078 ι

20 2107 70 2149 rom,
103 2093 208 2150 Tanta
222 2091 307 2146 euim
318 2090 365 2144 ris
379 2097 425 2143 est
435 2083 589 2163 probitatis
603 2098 634 2144 et
647 2091 802 2159 castitatis,
828 2098 862 2145 ut
875 2090 969 2144 omnis
983 2089 1032 2146 rel

18 2189 72 2245 pene
83 2175 181 2233 omnis
209 2177 278 2230 eius
304 2171 389 2228 laude
411 2180 563 2227 moveatur
579 2169 844 2241 humanarumue,
871 2191 926 2228 nec
939 2165 1034 2246 usquex

18 2259 67 2315 odeo
81 2263 120 2315 sit
131 2255 325 2333 turpitudine
349 2257 467 2325 vitiosa,
493 2264 527 2309 ut
538 2264 632 2311 totum
657 2257 776 2310 amittat
797 2267 916 2312 sensum
929 2253 1031 2320 ¹bone·

18 2345 95 2396 uatis.
125 2341 265 2398 Proinde
278 2337 642 2415 malignitasdacmonum,
665 2339 724 2394 nisi
737 2337 844 2394 alieubi
857 2357 905 2410 se,
931 2356 1031 2414 quem·

18 2424 151 2481 admodum
175 2425 324 2497 scriptum
347 2422 378 2477 in
403 2422 514 2476 nostris
532 2422 639 2476 litteris
653 2423 804 2493 ιιοιιιιιιιι,
831 2421 1032 2498 trenrfiguret

18 2507 36 2562 ia
48 2506 170 2584 Angelos
188 2507 280 2575 lucis,
293 2521 355 2560 nou
368 2503 468 2578 implet
481 2505 633 2580 nogotium
646 2502 836 2579 deceptionis.
875 2503 961 2562 Foris
973 2507 1031 2562 ita-

18 2609 56 2662 ne
66 2593 192 2666 populus
208 2587 403 2645 celeberrimo
417 2588 541 2660 strepitu
554 2587 687 2666 impietas
700 2587 813 2661 irapura
824 2589 1031 2661 circumsonat,

18 2686 28 2730 t
40 2676 121 2730 intus
134 2674 243 2749 paucis
257 2671 379 2726 castitas
393 2670 527 2728 simulata
540 2671 592 2726 rix
605 2679 705 2727 sonat:
718 2711 719 2716 ι
730 2671 909 2744 praebentur
925 2690 1031 2746 propa-

18 2760 57 2813 sla
68 2756 234 2832 pudendis,
263 2763 294 2809 et
307 2753 426 2813 secreta,
445 2751 613 2809 laudandis:
641 2753 729 2810 decus
754 2756 837 2825 latet,
864 2763 895 2809 ct
907 2752 1032 2811 dedecus
1104 2789 1107 2814 ι

18 2851 90 2897 atet:
116 2836 200 2914 quod
212 2838 323 2894 malum
336 2838 580 2915 geritur50mnes
593 2846 735 2892 convocat
748 2841 940 2912 spectatores}
955 2839 1033 2914 qnod

20 2941 106 2978 onum
119 2923 253 2990 dicitur,
277 2922 331 2977 vix
349 2920 461 2994 aliquos
474 2917 590 2975 inuenit
602 2919 763 2977 auditores:
788 2928 928 2996 tanquam
939 2919 1031 2977 bone-

18 3017 45 3060 ta
57 3004 265 3062 erubescenda
277 3005 353 3072 sint,
380 3011 411 3057 et
434 2999 589 3058 inhonesta
612 3003 772 3079 glorianda.
816 3002 874 3060 Sed
895 3003 1032 3072 abibae,
1072 3043 1079 3054 .

18 3091 55 3144 isi
66 3092 100 3146 in
113 3089 297 3144 daemonum
308 3081 441 3159 templisl
463 3085 530 3154 ubi,
555 3086 614 3140 uisi
637 3087 669 3141 in
691 3085 823 3144 fallaciae
843 3082 1032 3144 diversoriisl

18 3172 72 3228 llud
84 3174 171 3228 enim
184 3170 237 3239 fit,
263 3179 298 3224 ut
308 3168 507 3237 honestiores,
527 3169 580 3243 qui
589 3170 675 3242 pauci
689 3179 774 3239 sunt,
789 3172 952 3244 capiantur:
977 3167 1032 3224 hoe

20 3263 114 3326 utem,
142 3255 314 3328 neplures,
328 3252 379 3327 qui
392 3253 655 3324 suntturpissinu',
669 3255 865 3330 corrigantur.
900 3305 902 3310 ,
1089 3312 1108 3324 ,ι

59 3339 118 3395 Vbi
132 3347 166 3393 et
180 3335 297 3433 potando
319 3332 581 3390 sacratiCoelcstis
604 3333 760 3392 audiebant
783 3336 926 3408 castitatis
948 3351 1034 3414 prae-

18 3433 95 3498 epta,
111 3422 284 3478 nescimus:
308 3427 377 3474 ante
390 3419 484 3490 ipsum
494 3426 592 3473 tamen
604 3416 768 3489 delubrum,
786 3419 834 3473 ubi
847 3392 1035 3473 simulacrum

17 3507 68 3563 lud
86 3508 223 3561 locatum
245 3501 512 3575 conspiciebamus,
537 3503 670 3556 universi
696 3502 826 3576 undiquc
840 3497 1034 3571 confluentes,
1074 3553 1075 3556 ,
1108 3539 1111 3552 ι

18 3600 26 3644 ι
37 3591 92 3646 alu
104 3589 237 3663 quisque
250 3593 367 3659 poterat
379 3592 507 3653 stantes,
532 3583 627 3639 ludos
625 3602 681 3659 qun
672 3585 855 3663 agebantur
867 3583 1033 3638 intentissi-
1156 3615 1162 3644 o

18 3691 36 3726 ιι
26 3669 281 3746 spectabamus,
305 3668 455 3723 intuentes
473 3668 637 3722 alternante
661 3673 834 3740 conspectu,
856 3662 925 3720 hinc
938 3683 1033 3722 mere-

18 3757 113 3810 rieiam
125 3769 283 3828 pompam,
308 3750 390 3805 illine
403 3750 550 3827 virginem
563 3747 660 3820 deam3
685 3751 765 3804 illam
791 3749 960 3821 suppliciter
983 3751 1034 3806 ad·

18 3839 92 3906 rari,
118 3845 194 3892 ante
208 3835 292 3888 illam
306 3833 403 3906 turpia
416 3832 571 3888 celebrari:
597 3851 656 3888 nou
671 3831 712 3888 ibi
724 3827 919 3938 pudibundos
923 3834 1047 3907 marnoa,

18 3919 106 3976 nullan
120 3913 364 3974 verecundiorem
376 3915 524 3971 scenicam
539 3916 687 3994 ridirnus3
707 3927 821 3980 cuncto
836 3901 1063 3983 obscoenitatis

722 4005 753 4068 E
852 4071 855 4076 .
