2400 4312
242 204 305 298 DE
332 183 556 276 CIVITATE
580 211 658 322 DEI
680 211 759 272 LIB.
781 214 874 273 VIII.
935 279 938 292 Ἀ
995 219 1068 274 bib

37 370 165 424 mlscetur
179 365 322 422 daemoni
335 383 352 419 a
365 348 555 438 principibus
558 376 587 421 et
598 311 783 439 pontificibus
798 368 926 423 civitatis
939 385 991 441 per
1005 385 1068 423 see·
1142 399 1144 404 ,

37 470 106 506 nccos
119 449 208 505 ludos
223 457 379 524 poetarum
391 439 516 502 ludibria
530 450 707 522 requirenti
732 465 791 505 non
806 452 945 505 miscetur
958 447 1070 506 hommr
1145 509 1149 518 q

39 533 145 588 deorum
158 533 290 587 crimina
303 531 425 606 lingere
430 529 605 602 prothepti,
627 542 657 587 et
669 533 808 587 miscetur
820 531 954 587 daemoni
968 550 1001 586 se
1014 533 1068 587 lal-
1141 567 1145 578 ι

39 616 201 670 sisdeorurn
215 613 389 668 criminibus
404 613 575 668 oblectanti:
603 631 664 670 non
683 617 822 670 miscetur
839 607 950 670 homini
967 632 1069 690 mago-

42 717 91 753 rum
103 700 219 754 scelera
232 697 323 750 iustis
337 696 449 772 legibus
464 698 614 769 punienti,
635 705 664 750 et
673 699 814 752 miscetur
827 698 962 753 daemoni
974 699 1069 773 magi-

43 799 79 835 cas
91 791 166 836 artes
181 780 304 836 docenti
320 787 350 833 et
362 779 508 850 Implenti:
528 781 740 835 nonaniscctur
752 779 863 854 homini
876 782 1071 836 imitationem

45 863 178 918 daemonis
193 855 341 939 fugienti,
367 870 404 916 et
417 862 556 917 miscetur
575 863 709 918 daemoni
728 861 929 936 deceptionem
942 861 1069 936 hominis

46 947 194 1020 aucupanti.
1009 961 1012 974 ·

411 1025 534 1084 CAP.
577 1027 688 1085 XXI.

52 1123 82 1176 In
90 1124 255 1180 daenconibas
265 1121 370 1176 nuntiis
381 1131 407 1174 et
418 1122 613 1188 interpretibus
624 1125 663 1176 clii
674 1117 800 1188 utuntur,
815 1126 935 1198 fallique
950 1143 977 1177 se
986 1125 1058 1179 ab
1032 1142 1070 1178 ιιι

374 1199 423 1242 aet
433 1192 569 1260 ignorent,
580 1203 629 1244 cut
640 1194 730 1246 uelint.
1058 1215 1064 1232 ι

4 1317 19 1322 -
102 1280 158 1338 Sed
176 1284 319 1338 nimirum
338 1250 438 1336 tantae
458 1279 546 1335 huius
566 1281 755 1339 absurditatis
775 1293 804 1339 et
817 1284 1004 1362 indignitatis
1026 1292 1071 1339 est

54 1381 140 1441 magna
152 1365 329 1434 necessitas,
343 1363 419 1444 quod
431 1364 545 1418 scilicet
558 1363 625 1419 deor
640 1364 786 1422 aetherios
799 1366 924 1422 humana
935 1375 1071 1422 curantes

23 1517 28 1522 h
55 1447 107 1520 quid
120 1456 274 1504 terrestres
284 1445 421 1502 ⁴homines
435 1455 560 1522 agerent
573 1448 673 1520 utique
691 1450 811 1519 lateret,
836 1451 896 1505 nisi
914 1450 1070 1505 daemones

9 1542 12 1554 ·
56 1531 110 1584 atrii
122 1532 315 1600 nuntiarent?
337 1530 474 1604 quoniam
493 1527 591 1583 aether
606 1531 694 1606 longe
709 1541 818 1586 eterra
833 1541 878 1587 est
890 1533 1006 1604 alteque
1021 1550 1071 1586 ιιι-
1154 1555 1158 1566 ι

1 1647 8 1653 «
56 1629 176 1684 spectus,
204 1617 256 1668 air
270 1629 340 1667 vero
360 1609 471 1666 aetheri
485 1620 639 1685 terraeque
654 1610 830 1690 contiguus?
847 1613 891 1670 ‚0
911 1613 1073 1668 mirabilem

9 1755 13 1766 ..
57 1693 223 1768 sapientiam!
248 1694 326 1760 Quid
341 1693 418 1749 aliud
432 1693 467 1748 de
481 1693 541 1766 diis
551 1695 601 1748 isti
615 1697 763 1764 sentiunt,
790 1713 865 1769 quos
881 1713 981 1750 omnes
996 1697 1072 1768 opti-

7 1819 18 1850 ,
58 1793 102 1830 ιιιι
111 1780 228 1847 ιιιΙιιιιι
256 1778 316 1832 nisi
331 1795 380 1831 eos
395 1787 424 1832 et
436 1775 562 1831 humana
575 1794 691 1847 curare,
716 1797 753 1832 ne
768 1779 845 1832 cultu
858 1777 1013 1834 videantur
1026 1777 1073 1831 in-

8 1856 135 1936 ξιιίςιιί,
158 1869 187 1916 et
205 1869 326 1934 propter
341 1861 553 1914 elementorum
566 1859 735 1915 distantiam
748 1860 873 1916 humana
888 1853 1018 1929 nescire,
1027 1865 1075 1914 ut
1109 1863 1110 1866 ’

10 1942 192 1998 credantur
206 1941 363 1998 daemones
376 1943 553 2011 necessarii,
581 1951 610 1996 et
629 1943 665 1997 ob
684 1942 739 1999 hoc
759 1945 847 1998 etiam
866 1944 922 2017 ipsi
935 1950 1075 2014 putentur

10 2024 161 2096 colendi,
175 2045 228 2100 per
242 2042 314 2100 quos
329 2023 383 2079 diis
397 2027 526 2097 possint,
553 2033 582 2092 et
595 2012 685 2099 quid'
676 2046 708 2081 ιιι
721 2027 809 2084 rebus
822 2025 955 2080 humanit
969 2033 1076 2101 agatur

6 2103 19 2168 ξ
16 2104 203 2178 addiscere,
232 2119 262 2162 et
275 2108 324 2161 ubi
338 2115 453 2180 oportet
464 2106 633 2162 hominibus
648 2106 825 2165 subvenIreI
847 2107 948 2164 Hoc'
925 2126 950 2162 ιι
964 2109 1005 2162 ita
1019 2112 1074 2177 est,

60 2185 122 2244 lin
114 2193 176 2262 istis
197 2190 284 2245 bonis
302 2191 395 2265 magis
400 2194 500 2245 notus
526 2197 572 2244 cst
594 2189 716 2247 daemon
734 2209 909 2266 percorpus
933 2191 1075 2260 vicinum,

1 2289 15 2328 ,’
60 2287 125 2342 quam
137 2272 223 2328 bomo
237 2290 291 2346 per
304 2289 432 2326 annuum
444 2269 561 2327 bonum
589 2272 751 2329 0multum
764 2274 887 2330 dolenda
901 2275 1075 2340 necessitas,
1169 2281 1178 2288 “

59 2369 84 2406 ιι
95 2357 189 2428 potius
203 2353 357 2410 irridenda
370 2357 417 2410 vel
431 2343 602 2409 detestanda
613 2357 746 2427 vanitas,
772 2376 810 2412 ne
824 2357 864 2411 sit
876 2372 953 2412 tana
966 2355 1075 2410 divini-

5 2427 17 2516 ξ
59 2435 111 2490 tae!
120 2435 152 2493 Si
175 2439 255 2492 enim
280 2439 376 2494 animo
399 2436 434 2492 ab
454 2436 603 2493 obstaculo
624 2440 754 2512 corporis
772 2438 865 2494 libero
880 2439 1008 2492 animum
1021 2455 1074 2492 no·

4 2533 14 2584 ,t
59 2527 132 2574 strum
142 2521 181 2576 dii
192 2519 296 2575 videre
306 2521 441 2616 possunt,
455 2537 515 2574 non
529 2518 563 2574 ab
577 2517 632 2574 hoe
642 2519 833 2577 daemonibus
846 2520 981 2597 indigent
994 2538 1075 2574 nun

59 2601 101 2656 tiis.
121 2602 154 2658 Si
167 2611 267 2658 autem
281 2599 445 2657 animo'rum
458 2597 567 2656 indicia
581 2599 751 2677 corporalia,
771 2605 868 2677 qualia
882 2610 950 2657 sunt
962 2603 1074 2669 uultus,

59 2681 162 2756 locutio,
189 2695 301 2755 motus,
313 2691 366 2758 p'er
380 2702 483 2757 eorpus
498 2701 583 2738 tuum
595 2684 719 2741 aetherii
732 2685 774 2742 dii
787 2686 936 2755 sentiunt,
964 2693 993 2739 et
1007 2684 1075 2739 inde

59 2768 182 2844 eolligunt
196 2766 267 2842 quid
280 2769 368 2822 etiarn
382 2768 537 2823 daemones
552 2769 704 2839 nuntient,
731 2777 899 2842 possuntet
913 2765 1074 2836 mendacin
1120 2835 1122 2838 .
1157 2805 1159 2810 f

57 2845 213 2906 daemonum
227 2851 331 2922 decipi.
354 2849 445 2906 Porro
460 2851 485 2903 si
499 2849 618 2905 deorum
632 2850 769 2906 divinitas
783 2869 799 2906 a
813 2849 1000 2906 daemonibus
1015 2866 1074 2903 non

55 2941 134 3004 potest
144 2934 218 3002 falli,
229 2933 265 2987 ab
277 2931 378 2987 eadem
388 2932 542 2994 divinitate
554 2931 629 3004 quod
638 2935 752 3010 agimus
761 2952 819 2988 non
829 2924 1077 3008 potestignorari.¹

98 3014 209 3071 Vellem
222 3023 322 3070 autem
335 3013 405 3069 mihi
418 3015 469 3068 isti
481 3013 626 3085 dicerent,
646 3025 744 3071 utrum
757 3015 812 3070 diis
826 3015 982 3070 daemones
997 3031 1074 3068 nun·
1118 3075 1119 3078 Ἰ

53 3095 179 3155 ιίιιιιίιιι
193 3095 229 3152 de
249 3097 420 3176 criminibus
437 3095 557 3153 deorum
575 3099 689 3170 poetica
702 3097 817 3154 Platoni
841 3098 994 3172 displicere
1018 3093 1074 3170 fig-

51 3193 147 3254 menta,
161 3190 192 3235 et
205 3180 261 3237 sibi
273 3195 308 3234 ea
318 3179 433 3253 placere
446 3180 621 3250 celaverint3
635 3199 673 3235 an
684 3191 838 3254 utrumque
848 3177 1090 3244 becultaverint,
1185 3173 1189 3180 ’

50 3262 167 3341 deosque
186 3281 253 3318 esse
270 3263 428 3317 maluerint
444 3261 534 3316 totius
553 3263 597 3316 rei
615 3261 728 3318 huius'
720 3278 857 3340 ignaros3
869 3281 907 3319 an
922 3269 1076 3330 utrumque

49 3347 246 3416 indicaverint,
261 3352 292 3399 et
303 3345 471 3420 religiosam
485 3361 555 3420 erga
562 3343 635 3400 deos
649 3344 779 3403 Platonis
793 3344 987 3424 prudentiam,
1002 3341 1089 3394 etia·

49 3429 126 3487 deos
117 3428 295 3487 iniuriosam
307 3426 458 3481 libidinem
467 3435 568 3523 sutm3
594 3443 633 3482 an
651 3430 829 3483 sententiam
847 3419 963 3500 quidem
977 3419 1075 3475 Plato-

47 3515 99 3585 nis,
124 3517 183 3598 quia
204 3511 300 3566 uoluit
318 3508 386 3564 deos
400 3526 452 3581 per
465 3510 584 3581 impiam
597 3511 744 3566 licentiam
751 3518 942 3582 poctarum
922 3504 1003 3559 falsis
1019 3503 1075 3557 eri-

47 3589 163 3653 minibus
178 3593 334 3662 infamari,
359 3592 493 3687 ignotam
507 3589 562 3646 diis
577 3609 641 3647 esse
654 3585 818 3659 volueiint,
844 3605 926 3642 suam
938 3603 1009 3640 vcro
1023 3603 1076 3640 ne·
1100 3665 1101 3670 ἵ

46 3681 170 3754 quitiam,
186 3693 245 3752 qua
258 3673 341 3730 ludos
354 3674 487 3728 scenicos
500 3683 609 3744 amant,
623 3674 725 3748 quibus
739 3674 790 3726 illa
804 3670 923 3726 deorum
937 3666 1078 3724 dedecora
1138 3664 1148 3678 ¹

46 3761 242 3827 celebrantur,
266 3754 389 3842 prodere
413 3771 474 3816 non
497 3757 680 3826 erubuerint,
706 3755 753 3810 vel
774 3753 933 3808 timuerint.
965 3748 1076 3805 llorum
1131 3779 1136 3784 =-

45 3853 174 3916 quatuor,
199 3855 276 3916 quae
290 3835 502 3916 interrogando
515 3838 663 3919 proposui,
688 3833 838 3911 quodlibet
851 3836 976 3912 eligant,
1004 3831 1076 3886 etin
1098 3851 1111 3864 ι
