2310 4306
82 171 83 178 ‘
168 151 233 257 nn
255 147 475 256 divinius
497 196 683 265 ιιιιιιιιι.
705 197 814 260 ιιιιι.
846 259 847 264 ι
880 165 881 172 ‘
952 207 1011 288 rso
1045 197 1046 208 ‘

14 352 74 412 sdic
88 350 273 409 inimicorum
286 359 419 420 tuorum,
434 351 476 406 ita
490 337 669 423 clerum‘cst,
683 361 715 410 ut
727 370 788 410 non
801 356 895 412 solum
907 354 1012 413 inlide-

15 455 54 490 ει
66 445 93 492 et
107 433 278 504 infeliciter,
292 431 346 488 sed
356 435 443 506 etiarn
457 434 640 508 impudenter
653 446 786 512 negetur.
809 434 848 492 Et
860 438 917 510 ipsi
929 439 1012 514 quip-

13 557 15 566 ,
34 518 161 574 intentur
174 516 298 584 inimici,
312 533 350 572 ex
363 515 436 572 Sion
448 517 566 572 missam
578 517 670 574 fuisse
683 520 778 596 legem
792 517 916 592 Christi,
937 521 1013 596 quod

13 601 180 678 virgenum
194 615 248 654 nos
262 616 412 669 vocamus,
426 607 456 654 et
467 617 530 654 enm
542 601 657 676 virgam
670 603 792 658 vittutis,
802 603 1015 681 einsragnosess

13 699 62 738 us.
84 681 239 739 Dominari
251 699 322 737 vero
337 699 402 736 eum
415 682 446 737 in
460 681 559 751 medio.
569 683 752 740 inimieorum
766 677 899 757 snorum,
924 685 1013 744 iidem
1048 739 1050 742 .

13 767 131 822 siinter
148 783 221 840 quos
236 763 420 835 dominatur,
447 764 582 820 dentibus
600 765 763 824 frendendo
782 777 812 823 et
827 767 1014 840 tabescendo,

31 848 100 906 nibil
113 847 253 904 adversus
272 865 338 902 eum
349 846 489 918 valendo,
512 856 667 906 testantur.
700 849 815 907 Deinde
833 852 910 927 quod
927 854 1014 928 paulo

12 940 58 986 »nt
67 929 141 1002 dicit,
154 927 275 986 Iuravit
286 928 439 1001 Dominus,
454 940 484 988 et
496 948 552 986 non
559 931 724 1006 poenitebit
738 953 818 992 eun:
830 935 935 1010 quibus
949 954 1016 993 rer·
1088 937 1092 940 ’

12 1025 42 1064 ⁸
56 1014 221 1072 inmutabile
236 1012 364 1068 futurum
376 1030 440 1068 esse
455 1011 618 1091 signifieat,
639 1014 722 1089 ,quod
741 1016 893 1094 adiungit,
921 1018 966 1076 Tu
981 1035 1015 1076 es

12 1097 121 1154 werbe
138 1099 170 1152 in
188 1105 340 1152 aeternnm
359 1097 522 1162 secundum
536 1092 667 1177 ordinem
685 1095 892 1175 Melchised003
924 1119 962 1157 ex
980 1121 1015 1158 eo
1079 1153 1084 1172 ,

12 1178 70 1234 uct
79 1182 130 1236 iun
142 1195 287 1253 nusquam
301 1186 345 1232 est
358 1179 551 1235 sacerdotium
565 1189 594 1234 et
606 1179 781 1237 sacrificium
793 1181 953 1242 secundnm
966 1203 1016 1242 or·

11 1271 85 1328 qen
95 1263 208 1332 Aaron,
232 1253 264 1316 ei
280 1260 387 1335 ubique
406 1259 527 1318 offertur
540 1263 591 1319 sub
611 1261 761 1318 sacerdote
781 1264 913 1338 Christo,
940 1267 1017 1342 quod
1060 1299 1069 1314 =

11 1346 107 1402 'uniit
119 1342 325 1414 Melchisedec,
345 1344 461 1418 quando
474 1344 625 1418 benedixit
636 1343 790 1417 Abraham,
805 1350 872 1423 quis
885 1349 1016 1428 ambige·
1062 1356 1065 1368 '

36 1430 221 1502 permittitur,
235 1425 271 1482 de
284 1445 341 1502 quo
353 1424 577 1484 istndicanturl
605 1427 650 1484 tu
662 1423 734 1484 haec
747 1431 846 1504 itaque
858 1433 1018 1490 manifesta

11 1504 163 1582 feruntur,
185 1528 260 1585 quae
272 1511 361 1583 paulo
374 1509 525 1567 obscurius
539 1512 569 1568 in
584 1511 685 1568 eodem
697 1509 817 1568 Psalnro.
826 1515 922 1588 posita
936 1527 1017 1587 sunt,

11 1595 100 1651 lando
111 1604 193 1652 recte
203 1595 422 1670 intelliguntur:
438 1594 514 1668 quod
523 1595 555 1651 in
565 1596 674 1650 nostris
691 1591 776 1669 [quae
787 1597 928 1670 quomodo
938 1607 1018 1656 reete

10 1679 209 1756 telligsntur,
223 1677 255 1732 in
269 1672 392 1750 uostris]
407 1675 465 1732 iam
477 1677 663 1751 popularibus
679 1676 869 1736 Semonibus
890 1677 1018 1756 [notum]

10 1761 115 1818 emur.
151 1759 202 1818 Sic
219 1760 298 1816 etin
313 1759 362 1814 illo
376 1759 427 1815 ubi
437 1758 631 1818 humilitatem
644 1762 790 1834 passionis
804 1778 873 1816 suae
886 1781 939 1836 per
952 1781 1020 1837 pro-
1070 1753 1072 1759 ¹

10 1846 115 1902 *etiam
127 1843 260 1902 Christus
280 1843 443 1916 eloquitur,
465 1841 579 1901 dicens:
605 1841 757 1900 Foderunt
773 1861 878 1906 manus
896 1861 976 1902 meus
990 1855 1022 1902 et

10 1928 75 1986 'des
90 1922 206 2012 [neceb
230 1926 490 1982 dinumeraverunt
503 1929 599 1984 omniu
613 1942 682 1982 ossa
695 1945 769 1984 men.
794 1924 862 2004 ipsu
871 1947 940 1984 cero
954 1945 1022 1986 con·

10 2005 194 2068 'eraverunt
207 2017 237 2067 et
249 2017 461 2085 conspexerunt
473 2027 526 2065 nec.
541 2009 651 2076 Quibus
665 2011 766 2085 utiquc
778 2008 875 2068 verbis
888 2010 920 2067 in
933 2029 1021 2066 cruce

9 2107 94 2168 *tous
113 2091 294 2171 significavit
313 2099 483 2162 extentum,
508 2092 642 2149 manibus
656 2093 840 2170 pedibusque
854 2092 978 2150 confixis
993 2101 1024 2151 et
1044 2113 1050 2128 ι

9 2188 138 2234 urorum
149 2173 438 2232 transverberatione
452 2175 608 2245 cennens,
623 2194 715 2251 eoque
729 2178 813 2234 modo
827 2193 859 2232 se
873 2186 1022 2253 spectaco·

9 2271 48 2316 ῆι
72 2257 330 2316 considerantibus
354 2267 384 2312 et
409 2257 659 2334 conspicientibus
685 2251 862 2335 praebuisse.
904 2259 1022 2318 Addens

9 2337 89 2402 hm:
116 2342 294 2398 Divisa-unt
307 2339 364 2395 sibi
376 2344 552 2416 uestimenta
564 2361 643 2412 meu,
663 2353 693 2399 et
705 2359 795 2421 super
807 2354 916 2401 vestem
929 2337 1036 2400 rreum*
1079 2399 1080 2404 ,

9 2421 133 2482 s'serunt
153 2435 270 2480 sortem.
306 2423 388 2488 Quae
409 2423 560 2499 prophetia
580 2424 816 2498 quemadmodum
835 2427 953 2499 impletu
970 2428 1022 2498 sit,

9 2511 169 2586 Vangelica
184 2516 284 2562 narrst
298 2504 430 2562 historia.
458 2506 543 2568 Tunc
556 2507 687 2581 profecto
701 2517 731 2562 et
745 2509 804 2563 alis
815 2519 896 2564 recte
909 2510 1023 2566 intelli-

9 2602 116 2660 sntur,
139 2607 215 2664 quae
229 2589 270 2644 ibi
282 2589 379 2644 minus
392 2586 492 2663 apc‘rte
505 2588 583 2646 dicta
596 2598 679 2660 sunt,
704 2607 770 2646 cum
783 2603 952 2668 congruunt
963 2591 1023 2666 his,

9 2685 69 2730 tae
81 2683 164 2744 tanta
178 2671 415 2727 manifestatione
436 2667 621 2730 claruerunt:
647 2674 819 2746 praesertim
838 2675 905 2748 quia
924 2684 953 2730 et
971 2677 1034 2732 illu

9 2767 62 2812 tae
75 2776 136 2812 non
149 2751 296 2810 transacta
310 2755 468 2826 credimus,
490 2755 541 2810 scd
553 2756 721 2830 praesentia
734 2765 924 2826 contuemur,
946 2760 1024 2816 sictut

35 2840 135 2896 eodem
148 2837 262 2894 Psalmo
278 2839 419 2914 leguntur
433 2848 516 2895 tanto
529 2848 598 2895 ante
611 2838 774 2916 praedicta,
792 2840 833 2895 ita
848 2855 925 2895 niuno
939 2839 1022 2896 exhi-

9 2928 49 2979 δι
72 2926 131 2978 iarn
152 2931 216 2977 toto
238 2921 307 2976 orbe
330 2931 502 2979 cernuntur.
538 2921 581 2978 lbi
605 2923 682 2978 enirn
705 2925 789 2997 paulo
811 2931 878 3004 post
898 2920 1023 2980 diciturt'

9 3003 314 3068 annino-aluntur,
341 3012 371 3060 et
387 2999 596 3064 convertentur
610 3005 652 3061 ud
663 3003 819 3062 Dominum
832 3006 965 3062 universi
978 3003 1023 3076 si-

9 3100 42 3146 ἢ
60 3101 178 3157 terrac,
203 3096 233 3144 et
250 3085 417 3148 bdorubunt
431 3091 461 3144 in
475 3098 629 3165 conspectu
647 3090 710 3145 eius
726 3091 883 3145 universae
894 3090 1023 3168 patriae

9 3176 138 3229 mutan:
165 3172 300 3246 queniam
320 3166 441 3228 Domini
460 3179 504 3228 cet
527 3189 665 3248 regnum,
689 3180 719 3228 ct
741 3174 803 3250 inse
824 3169 1024 3228 dominabitur

8 3259 129 3312 sanum.
296 3263 303 3276 ¹
500 3319 501 3322 Ἰ

346 3335 468 3394 CAP.
511 3333 543 3392 X
556 3335 669 3393 V111.
772 3362 775 3370 ι

9 3447 33 3482 ε
43 3433 154 3485 Psalmo
164 3430 256 3495 tertio,
267 3439 295 3484 et
305 3431 336 3483 de
346 3432 560 3502 quadragesimo,
571 3433 639 3485 etde
650 3431 743 3502 quinto
753 3430 861 3496 decimo,
871 3439 898 3484 et
908 3429 939 3483 de
949 3445 1024 3483 sexu·
1090 3437 1091 3442 ’

9 3503 106 3556 resino
116 3502 241 3572 septimo,
251 3501 385 3572 inquibus
394 3516 464 3554 mors
474 3512 502 3555 et
511 3503 674 3554 resurrectio
679 3500 790 3552 Domini
797 3500 1005 3567 prophetantur.

53 3590 100 3650 Dc
112 3593 331 3648 resurrectione
345 3607 458 3666 quoquc
473 3593 545 3660 eius,
563 3609 746 3668 nequaquam
759 3587 942 3645 Psalmorum
956 3608 1023 3645 ora·
1055 3617 1062 3624 ·

9 3676 237 3732 asseruerunt.
273 3673 347 3730 Nom
365 3675 433 3748 quid
451 3683 496 3730 cst
515 3674 593 3730 allud
612 3674 686 3749 quod
705 3674 735 3727 in
750 3670 865 3727 Psalmo
883 3673 972 3728 tertio
988 3689 1026 3728 ex
1078 3681 1082 3686 '

9 3766 115 3814 bnona
129 3755 193 3812 eius
207 3757 335 3813 canitur:
351 3755 415 3832 Ego
429 3758 563 3825 dormivi,
579 3755 609 3814 et
623 3773 751 3812 somnium
765 3758 838 3834 cepi,
853 3753 906 3832 [et]
922 3771 1026 3812 ensur-

9 3840 72 3910 set,
99 3841 236 3918 quonium
251 3837 392 3895 Dominus
412 3841 553 3916 suscipiet
571 3837 634 3896 mel
657 3838 796 3896 Auferte
815 3840 966 3914 quisquam
984 3840 1025 3894 ita
