2400 4312
249 179 549 270 necrvrr‘s‘rn
571 175 749 272 nn1c¹rn
773 213 844 274 vn.
1004 223 1071 278 cro

43 364 163 440 reecpit,
177 361 246 420 sive
259 379 336 436 quse
347 361 411 435 ipss
423 362 564 442 coniecit,
578 362 755 422 distribuere
767 366 918 424 laboravit.
962 373 978 404 ‘²
989 367 1071 426 llaec

43 458 131 503 autem
142 447 221 503 feeit
234 453 324 519 atquc
337 446 401 522 egit
411 463 486 502 uuus
500 465 586 503 verus
597 446 697 518 Deusq
723 449 776 504 sed
793 450 872 506 sicut
890 451 966 508 idem
978 450 1070 523 Deus,

43 529 140 602 idest,
154 529 269 603 nisique
281 537 382 599 totus,
402 530 492 585 nullis
505 531 638 586 inclusus
651 531 742 604 lotis,
760 534 851 589 nullis
864 535 992 592 vinculis
1005 538 1070 592 ulli-

45 623 142 691 getur,
168 614 203 668 in
217 613 316 667 nullas
328 620 429 685 partes
443 614 571 685 sectilis,
598 629 636 668 ex
648 616 731 670 nulls
742 624 826 688 perte
838 617 1002 690 mutabilis,
1016 619 1071 674 im·
1146 683 1155 696 ι

46 699 122 772 plens
138 697 256 752 coelum
269 704 300 750 et
313 702 422 750 terrem
433 703 588 769 praesente
601 699 751 770 potentia,
777 717 836 754 non
850 698 1003 779 indigente
1017 719 1071 758 ns·
1144 747 1148 762 .

50 790 118 836 tura.
138 778 189 836 Sic
202 781 306 854 itaque
318 777 503 834 administrat
518 781 618 835 omnia
633 797 708 854 quae
721 783 848 852 creavit,
861 793 896 839 ut
907 786 995 841 ctiam
1009 787 1070 862 ipsu

53 865 173 938 qroqrios
187 880 331 918 exercerc
350 871 380 917 et
397 880 486 940 egere
503 871 603 918 ructus
622 865 710 920 sinat.
753 866 892 934 Quamvis
906 869 984 924 enim
997 867 1072 928 nihii

59 964 114 1000 esse
123 947 236 1020 possint
250 947 316 1000 sine
328 947 408 1020 ipso,
422 964 483 1002 non
496 955 568 1002 suut
579 946 657 1021 quod
670 948 743 1021 ipre.
784 948 856 1026 Agit
867 959 966 1010 auten
978 954 1071 1010 multu

61 1030 131 1084 etium
141 1047 192 1102 per
203 1029 351 1106 Angelos:
377 1029 429 1085 sed
446 1031 569 1100 nonnisi
588 1047 626 1085 ex
644 1049 677 1086 se
693 1033 758 1104 ipso
771 1032 918 1089 leatificat
930 1035 1069 1113 Angelos.

62 1109 95 1166 lte
106 1114 230 1186 quumvis
244 1121 366 1185 propter
380 1114 493 1188 aliqum
507 1115 610 1169 causas
628 1112 794 1172 horninibus
808 1115 938 1196 Angelos
956 1121 1070 1174 mittat:

60 1212 107 1250 aon
117 1204 212 1252 nmen
225 1213 265 1252 ex
276 1195 401 1273 Angelis
412 1194 565 1272 homiues,
584 1195 636 1252 scd
647 1215 685 1254 ex
698 1217 731 1254 ss
743 1199 826 1271 ipso,
839 1187 919 1256 s‘icut
929 1201 1071 1284 Angelos,

59 1275 196 1348 leatificat.
236 1279 280 1340 at
292 1277 351 1340 hoc
363 1297 423 1336 uno
436 1289 468 1335 ct
481 1295 552 1340 vero
566 1279 631 1338 Deo
644 1283 735 1338 vitem
747 1299 897 1356 speremus
911 1294 1069 1342 aeternam.

659 1360 695 1438 (e
706 1365 745 1424 al.
761 1363 844 1422 att.
857 1364 987 1445 XXX)

391 1509 531 1572 ΗΡ]
557 1512 715 1574 XXXl.

61 1607 264 1680 Qsilmgroprde
274 1607 409 1679 benefieiis
418 1607 487 1690 Des,
505 1610 909 1690 ecceptogeserolilsrgitsts,
926 1622 1072 1668 sectatores

424 1688 550 1732 caumas
561 1689 684 1734 utantur.

107 1785 252 1845 llelremu‘s
266 1787 346 1844 enim
359 1786 394 1842 al)
408 1787 459 1845 illo
473 1794 590 1859 praeter
600 1785 805 1844 huiuscemodi
817 1785 976 1858 beneficia,
995 1805 1070 1863 quea
1109 1818 1116 1825 ν

61 1887 89 1924 er
101 1868 166 1941 huc,
178 1872 214 1927 de
227 1887 290 1946 qua
300 1872 443 1927 nonnulle
455 1861 599 1941 diximus,
613 1869 869 1928 administratione
882 1880 1005 1928 naturae
1018 1872 1070 1928 bo-

60 1956 96 2008 uis
112 1957 252 2029 malisque
265 1956 408 2032 lsrgitur,
434 1971 574 2032 mgnum
586 1955 771 2012 othonorum
783 1955 933 2028 proprium
947 1971 1071 2031 magnae

61 2035 208 2094 dilectionis
222 2036 374 2096 indicium.
401 2059 403 2064 ·
417 2037 590 2111 Quisquam
604 2039 698 2109 enim,
712 2037 790 2112 quod
802 2055 921 2108 sumus,
935 2037 1013 2113 quod
1026 2040 1070 2094 ri-

61 2121 154 2191 rinus,
180 2121 260 2196 quod
278 2123 395 2177 coelum
413 2129 580 2195 terramque
600 2123 814 2194 conspicimus,
841 2120 920 2196 quod
932 2119 1070 2178 habemns

61 2214 168 2260 nentem
180 2214 270 2280 etque
283 2205 440 2274 rationem,
450 2220 518 2277 ⁴llus
531 2221 599 2260 cum
608 2205 715 2277 ipsum,
740 2207 793 2279 qui
805 2203 876 2262 lrscc
887 2207 985 2262 omnic
999 2223 1070 2262 eon-

63 2283 132 2359 lilit,
156 2289 357 2363 inquiremus,
372 2304 557 2364 nequaquem
569 2289 717 2346 valcamus
730 2289 843 2346 actioni
854 2287 988 2348 sufficere
1001 2307 1070 2367 gra-
1134 2331 1138 2354 ,

65 2370 161 2428 uun:
187 2381 289 2428 tumen
306 2369 386 2446 quod
403 2387 458 2428 nos
476 2379 614 2428 oneratos
635 2371 815 2447 obrutosque
837 2373 980 2446 peccatis,
1006 2381 1071 2430 ets

68 2457 289 2530 contemplatione
301 2471 373 2511 suse
386 2455 461 2510 lucis
475 2470 611 2525 sversos,
630 2471 664 2510 ec
677 2456 880 2526 tenebrarum,
894 2455 997 2528 idest,
1012 2457 1069 2512 ini-

64 2537 159 2607 quitatis
171 2539 333 2596 dilectione
344 2546 490 2609 caseatos,
503 2555 565 2595 non
578 2539 696 2596 omuino
710 2538 851 2608 descruit,
864 2540 1002 2614 misitque
1015 2558 1069 2595 no-

60 2617 92 2673 lis
104 2619 226 2678 Verbum
239 2639 342 2692 suurn,
361 2622 413 2695 qui
425 2622 547 2678 csteius
560 2623 667 2679 unicus
680 2621 790 2693 Filius,
804 2639 862 2696 quo
874 2623 1024 2695 preneste
1038 2624 1070 2680 in
1112 2643 1119 2652 ¹

58 2713 168 2762 munta
182 2723 273 2764 carue
287 2715 357 2763 nato
370 2713 460 2779 etque
472 2723 576 2778 passo,
589 2706 694 2780 quenti
704 2704 788 2762 Deus
799 2704 947 2762 hominem
960 2704 1069 2777 pende-

57 2796 91 2841 ret
101 2806 304 2860 nosceremus,
317 2797 406 2863 atque
419 2789 471 2844 illo
485 2788 630 2846 sacrificio
642 2789 790 2866 singulari
802 2806 820 2844 a
832 2789 961 2862 peccetis
975 2790 1069 2844 omui-

55 2867 96 2925 lrs
104 2872 323 2944 mundaremur,
337 2873 461 2945 eiusque
467 2870 583 2944 Spiritu
592 2873 624 2928 iu
640 2872 776 2928 cordibus
789 2872 900 2928 nostris
912 2869 1069 2927 dilectione

51 2950 160 3026 dill'usa,
179 2956 316 3012 omnibus
328 2953 549 3014 difficultatibus
562 2957 706 3028 superatis
719 2957 752 3012 iu
765 2964 916 3010 aeternum
928 2954 1069 3026 requiem,

51 3045 74 3092 et
94 3039 350 3114 contemplationis
381 3038 446 3094 eius
473 3035 649 3095 ineffabilem
678 3037 862 3094 dulcedinem
891 3036 1070 3092 vcuiremus.

49 3119 120 3186 Quae
131 3122 237 3193 corde,
258 3131 330 3198 quot
342 3123 462 3199 linguae
475 3120 512 3178 cd
524 3121 659 3198 agendas
668 3123 696 3178 ei
709 3123 821 3200 gratias
834 3120 906 3176 estis
919 3135 985 3174 esse
998 3134 1069 3174 eon-

47 3200 204 3262 teaderint'i
567 3241 568 3244 =

276 3317 280 3324 ·
382 3285 505 3345 CdP.
546 3284 730 3346 xxxrl.

45 3381 117 3447 Quos
123 3391 325 3437 sacromentum
334 3383 505 3436 redemtionis
516 3381 621 3436 Christi
631 3379 712 3436 millis
720 3391 795 3435 retro
805 3374 968 3446 temporibus
983 3378 1084 3449 defuso·

129 3456 185 3518 rit,
199 3469 353 3522 semperque
363 3453 399 3506 tit
408 3453 519 3514 diversis
529 3451 775 3523 sigmficotienibu‘s
782 3448 979 3519 praedicatum.
1072 3487 1075 3492 .

97 3543 165 3602 lloo
178 3544 352 3619 mysterium
364 3544 443 3600 vitae
455 3553 594 3600 aeternae
604 3544 663 3598 ism
676 3542 745 3597 inde
759 3540 793 3596 ab
815 3534 936 3592 exordio
955 3539 1074 3610 generis

45 3628 159 3685 lemni
171 3643 227 3701 qcr
240 3625 382 3701 quaedam
395 3627 481 3705 signe
494 3635 524 3682 et
540 3634 723 3682 sacramente
737 3618 916 3692 temporibus
931 3634 1073 3694 congrua,

45 3713 144 3787 quibus
157 3710 307 3782 oportuit,
321 3727 372 3784 per
384 3711 512 3788 Angelos
525 3708 725 3788 praedicatum
739 3711 794 3758 est.
821 3697 936 3755 Deinde
949 3703 1075 3774 populus

45 3793 194 3850 Hebraeus
207 3793 240 3848 in
254 3809 343 3847 unsar
354 3793 499 3868 quandam
511 3789 734 3864 rempublicam,
755 3800 830 3858 quae
843 3779 898 3835 hcc
908 3795 1075 3838 sacramen·
1144 3821 1146 3830 l

45 3887 103 3934 lusu
118 3884 238 3961 egeret,
267 3885 460 3954 congregetur
475 3885 533 3948 cst,·
559 3874 608 3932 ubi
625 3889 679 3950 per
691 3865 840 3948 quosdam
858 3863 1013 3935 scientes,
1032 3880 1090 3940 qer
