2310 4306
76 273 79 280 1
155 192 216 262 all
384 199 482 272 Dttl
503 199 694 260 AVRELH
719 200 970 260 nvovsrtut

154 373 241 415 nasse
261 353 375 424 studuit
388 361 419 409 et
430 350 555 410 habere:
582 351 658 426 Nam
675 363 743 428 post
756 353 918 410 Alexandri
932 351 1066 420 Macedonis,
1081 353 1105 424 qui

154 443 242 504 etiam
257 437 381 516 Magnus
396 438 621 513 cognominatus
634 445 688 506 est,
714 437 994 504 mirificentissimam
1002 436 1105 506 niniuequ
1135 437 1151 481 .'

132 521 323 578 ‘diuturnum
335 521 511 594 potentiam,
538 535 596 592 qua
614 520 784 594 universam
798 520 912 589 Asiam,
937 520 987 574 imo
997 525 1104 592 penatum
1125 521 1155 567 25

149 603 263 672 sorbens,
277 604 383 678 partim
392 603 423 657 ri
436 610 464 656 ct
477 603 577 670 armis,
590 603 694 674 partim
707 611 822 656 terrore
835 601 994 678 subegerat,
1004 599 1105 674 quaudoir
1125 628 1145 645 ,ι

154 698 199 743 ter
213 695 330 742 caetera
343 684 475 759 Orientis
496 679 613 759 [regna]
634 685 722 754 etiam
735 682 1022 761 Iudaeamingressus
1032 678 1105 744 attuit
1131 702 1153 738 ts

155 777 318 834 comortuo
331 767 460 823 Comites
479 767 559 836 eius,
586 783 650 820 cum
668 766 887 843 regnumillud
908 766 1105 840 amplissimuuru
1129 765 1154 818 'it

154 851 275 926 pacifice
288 852 367 905 inter
381 867 413 904 se
426 850 589 923 possessuri
603 848 785 920 divisissent,
808 849 861 904 sed
874 849 969 923 potius
982 847 1105 919 dissipauit

154 935 239 990 bellis
253 933 352 988 omnia
364 932 526 1000 vastaturi,
551 929 732 987 Ptolemaeos
752 931 840 1008 reges
860 929 964 988 habere
981 923 1108 1000 coepitht·¹
1136 947 1150 981 r:

154 1025 221 1090 ptus
231 1029 250 1071 τ.
266 1031 389 1088 quorum
399 1014 511 1086 primus
524 1009 598 1089 Lagi
611 1013 707 1083 filius,
726 1016 833 1070 multos
848 1032 886 1068 ex
899 1009 996 1070 ludaei
1006 1005 1107 1083 captiui
1154 1036 1155 1053 1

155 1099 319 1176 Aegyptum
332 1096 498 1168 transtulit
526 1094 717 1152 Huic'autem
732 1095 894 1152 succedens
907 1097 977 1152 alius
989 1093 1108 1152 Puteum
1127 1103 1148 1146 ur

155 1182 207 1255 qui
220 1188 265 1234 est
278 1179 438 1252 appellatus
452 1175 669 1252 Philadelphus,
683 1171 784 1234 omnes
801 1195 874 1254 quos
887 1180 937 1234 ille
949 1168 1109 1240 arduicum
1126 1191 1139 1227 t

155 1265 283 1338 iugatae,
302 1259 410 1315 liberos
423 1241 520 1316 redire
532 1261 680 1334 permisit:
707 1263 829 1334 insuper
844 1271 874 1316 et
887 1261 962 1318 dona
972 1259 1114 1336 rogitate
1129 1255 1150 1305 is

154 1346 234 1418 plum
247 1342 304 1399 Dei
317 1343 408 1413 misit,
418 1343 592 1419 „petivitque
605 1341 640 1398 ab
653 1343 796 1400 Eleazaro
810 1352 882 1416 tunc
893 1343 1032 1418 pontifice,
1042 1331 1112 1394 unul

49 1421 52 1434 ’
154 1426 331 1500 Scripturas,
347 1443 418 1499 quas
431 1425 562 1499 profecto
576 1427 708 1483 audierat
719 1425 796 1484 fama
808 1426 993 1501 praedicante
1005 1423 1112 1486 tiarati
1137 1450 1143 1465 ³

153 1508 220 1564 ideo
236 1509 444 1581 concupiverat
456 1507 563 1566 habero
576 1509 608 1564 in
621 1507 806 1580 bibliotheca,
819 1527 909 1583 quam
921 1497 1113 1572 nobilissimuit
1132 1536 1133 1539 =

96 1613 98 1620 ¹
150 1600 244 1648 cerat.
271 1589 332 1646 Has
346 1591 374 1644 ei
388 1591 543 1648 cumidem
555 1592 690 1666 pontifex
702 1593 832 1648 misisset
845 1583 1115 1664 Boumasanoi!
1153 1619 1155 1636 ι

154 1676 205 1730 ille
217 1675 393 1747 interpretes
407 1677 580 1746 postularit3
607 1684 638 1729 et
650 1673 711 1730 dati
724 1685 795 1730 sunt
807 1675 835 1729 ei
849 1676 1027 1752 septuaginta
1041 1671 1087 1735 dua,
1139 1699 1144 1720 t

154 1758 281 1833 singulis
305 1754 458 1812 duodecim
482 1757 613 1814 tribubus
624 1759 707 1814 seni·
723 1757 868 1828 homines,
895 1760 1011 1834 linguae
1030 1753 1073 1810 utri
1095 1788 1096 1793 =

154 1840 328 1909 doctissimi,
342 1837 494 1896 Hebraeae
508 1840 723 1914 seilicetatque
738 1839 878 1896 Graecae.
899 1839 1115 1906 Quorumdam
1137 1866 1139 1873 ›

153 1923 227 1982 tatio
241 1931 273 1976 ut
286 1919 481 1997 Septuaginta
494 1931 627 1994 vocetur,
641 1924 700 1978 iam
714 1913 842 1979 obtinuit
856 1921 1037 1980 consuetudo.
1064 1909 1115 1971 Tui
1152 1944 1154 1961 1

148 2015 201 2062 tur
215 2022 297 2074 sanc,
311 2013 371 2058 tam
383 2004 545 2070 mirabilem
558 2023 593 2060 ac
606 2005 780 2079 stupendum
792 2006 941 2079 planeque
951 2006 1063 2060 ditinum
1071 2000 1116 2052 ire·
1141 2028 1142 2033 κ

153 2105 216 2144 rum
230 2087 327 2143 verbis
340 2085 432 2140 fuisse
447 2097 651 2158 consensum,
666 2097 698 2143 ut
717 2106 805 2162 quum
824 2087 862 2142 ad
879 2087 1015 2162 hoc-opus
1026 2101 1075 2158 seps
1100 2075 1117 2088 ”
1133 2106 1147 2143 p

50 2205 59 2218 ι
152 2171 265 2246 singuli
286 2167 432 2238 sederint,
466 2165 529 2245 (ita¹
549 2172 626 2226 enim
651 2188 753 2226 corum
773 2169 861 2225 fidem
885 2153 1116 2238 Ptolemenoi
1137 2198 1139 2203 >

153 2247 317 2326 explorare)
331 2253 362 2306 in
376 2253 455 2307 nullo
470 2251 575 2322 verbo,
597 2252 673 2326 qrrad
687 2251 763 2308 idem
777 2253 961 2329 significaret
974 2261 1001 2308 et
1012 2242 1115 2306 antarta
1141 2282 1155 2299 ..

150 2336 280 2404 valeret,
305 2334 353 2388 rel
374 2335 405 2389 in
424 2334 580 2390 verborum
599 2334 722 2404 ordine,
746 2337 820 2390 alter
838 2336 873 2390 ab
888 2337 980 2392 altero
993 2329 1118 2402 discrepat

150 2417 203 2474 sed
215 2425 353 2489 tanquam
366 2433 444 2486 unus
459 2426 536 2472 esset
548 2418 710 2491 interpres,
737 2418 873 2492 itaquod
887 2397 1114 2496 omnesinterpdi
1142 2450 1143 2459 a

151 2508 231 2569 sunt,
246 2515 336 2554 unum
351 2507 429 2554 erat:
456 2500 596 2573 quoniam
610 2518 641 2554 re
656 2519 725 2556 veru
739 2498 868 2578 Spiritps
884 2511 948 2556 erat
960 2517 1027 2556 unus
1037 2499 1112 2551 intur
1150 2542 1152 2547 .

46 2605 47 2608 ¹
150 2580 213 2638 bus.
248 2579 288 2636 Et
307 2579 372 2636 ideo
391 2590 451 2636 tam
471 2582 604 2638 mirabile
618 2581 676 2638 Dei
687 2600 793 2640 munus
807 2593 995 2656 acceperant,
1018 2589 1045 2636 ut
1054 2576 1112 2632 ditm
1144 2608 1154 2631 ι,

150 2657 379 2738 scripturarum,
394 2681 454 2718 nou
469 2673 609 2738 tanquam
621 2664 824 2734 humanarum,
848 2666 900 2721 sed
912 2668 989 2721 ‘sicut
999 2669 1069 2726 erant,
1149 2696 1152 2713 ι

142 2764 237 2820 quatu
254 2745 448 2815 divinarum,
466 2747 554 2802 etiam
574 2749 630 2802 isto
651 2746 737 2804 modo
759 2748 1007 2804 commendaretur
1017 2734 1114 2800 auctori*
1147 2778 1149 2793 .

148 2825 304 2886 credituris
318 2827 491 2902 quandoque
504 2830 641 2904 gentibus
653 2831 821 2902 profutura,
835 2831 981 2905 quodiam
994 2805 1111 2886 ridendi·
1129 2824 1143 2873 Ἄ

148 2910 274 2978 fectum·-
706 2923 711 2930 ¹
872 2916 876 2922 ¹
1129 2922 1130 2941 i

507 2993 629 3052 Cd'P.
665 2992 733 3050 XL
748 2994 824 3052 111.

92 3129 96 3150 s
147 3085 191 3143 De
201 3089 367 3142 auctoritate
380 3084 563 3156 Septuaginta
575 3090 772 3158 interpretum,
784 3108 862 3159 quae,
873 3095 947 3152 sulco
956 3074 1108 3142 heraclid*
1130 3079 1153 3128 u,

338 3158 405 3220 stili,
421 3157 539 3216 eremitas
548 3157 586 3210 sit
595 3159 790 3227 interpretibus
796 3162 988 3232 praeferenda.
1132 3174 1145 3214 ,·

208 3244 283 3303 Nam
296 3267 363 3305 cum
376 3246 488 3303 suerint
502 3256 532 3302 et
545 3249 597 3302 alii
610 3249 802 3322 interpretes,
822 3251 872 3323 qui
886 3267 923 3303 ex
935 3248 1048 3304 Henna
1057 3236 1108 3304 litt*
1132 3240 1150 3318 ii

147 3329 178 3386 iu
191 3329 334 3386 Graecam
347 3347 429 3399 sacra
442 3331 492 3390 illa
505 3331 620 3404 eloquin
634 3333 860 3402 transtulerunt,
875 3333 953 3387 sicut
964 3328 1055 3403 Aquita
1064 3315 1108 3403 si*
1134 3325 1155 3375 lt

146 3410 280 3481 machus,
307 3411 507 3482 Theodotion;
533 3413 609 3467 sieut
622 3414 709 3468 etiam
722 3415 772 3469 illa
786 3423 831 3469 est
849 3401 1108 3489 interpretatori¹1¹¹
1139 3426 1146 3445 r

147 3503 250 3548 auctor
263 3513 323 3550 non
337 3503 471 3569 apparot3
499 3503 528 3548 et
540 3496 575 3550 oh
591 3492 646 3566 hoc
659 3497 723 3550 sine
736 3498 854 3553 nominc
869 3494 1034 3570 interpretis,
1049 3479 1109 3548 dimi
1135 3491 1151 3540 't

147 3574 236 3630 editio
250 3588 453 3652 nuncupatur:
478 3575 553 3631 hanc
568 3586 663 3632 tamen
679 3595 751 3652 quae
764 3577 958 3654 Septuaginta
971 3585 1017 3643 est,
1027 3565 1109 3640 tanqu!
1137 3557 1153 3622 i

147 3657 208 3708 sola
222 3668 315 3732 essct,
342 3660 385 3714 sic
399 3661 510 3732 recepit
523 3658 675 3730 Ecclesia,
688 3725 690 3730 ¹
703 3679 795 3734 eaque
816 3669 941 3716 utuntur
955 3654 1044 3715 Gracci
1057 3631 1109 3721 ,opi
1142 3686 1155 3710 .·

98 3761 107 3776 1·
147 3733 319 3810 Christiani,
335 3759 458 3814 quorum
471 3743 604 3815 plerique
617 3753 714 3798 utrum
728 3745 785 3798 ulia
798 3745 837 3798 sit
850 3745 946 3817 aliqua
959 3738 1092 3818 ignorant,

81 3823 84 3838 ¹
147 3812 201 3868 hac
215 3816 407 3897 Septuaginta
428 3823 672 3896 interpretatione
692 3826 779 3882 etiam
793 3827 823 3882 iu
838 3824 971 3882 Latinam
982 3815 1110 3896 linguam*
