2362 4312
228 199 732 326 osvcrvrrsrnnur'ura.
756 251 818 306 111.
856 205 859 212 ’
1003 269 1042 326 aa

30 399 58 465 b
82 401 179 458 lieerunt
188 413 247 480 ergo
260 399 399 471 Romani,
425 409 459 474 ut
470 409 569 479 strage
581 419 751 459 socerorum
764 407 900 463 nranibus
914 416 1042 471 eruentis

24 491 37 534 t
50 492 53 535 t
78 487 184 540 alearum
193 485 297 540 filiabus
309 487 460 558 amplexus
473 486 653 542 miserabiles
667 494 894 562 extorquerent:
909 511 962 548 nee
975 496 1042 558 illae

24 583 55 619 rrv
76 569 178 623 auderent
188 567 248 623 llere
259 576 357 640 patres
372 569 502 640 oeeisos,
518 587 555 623 ne
569 565 751 625 offenderent
762 573 892 628 vietores
906 577 1041 636 maritos:

24 648 46 703 ll
76 651 206 724 quaealbae
217 651 270 706 illis
287 651 566 728 pugnantibus,pro
581 653 686 726 quibus
701 653 833 711 facerent
846 666 915 713 voto
930 639 1042 716 aeseiel

24 755 25 762 ι
75 733 128 789 lant.
159 733 260 791 Talibus
285 736 395 809 nuptiis
421 737 560 809 populum
572 733 737 792 Romanum
758 757 818 794 non
845 739 965 812 Venus,
992 743 1043 799 sed

24 833 44 870 ιι
72 813 158 872 Belem
167 818 277 874 deterit:
302 809 503 890 autfertassis
516 818 618 892 Alecto
632 820 682 876 illa
699 819 852 878 infernalis
865 824 959 895 suria,
986 827 1044 884 iam
1088 851 1094 880 ι

43 934 50 949 ,ι
73 901 328 973 e'irlarerte-lunone,
354 903 421 974 plus
434 903 467 958 in
484 903 550 957 illos
574 900 675 958 habuit
697 905 849 977 licentiae,
877 925 963 982 quam
977 929 1045 966 eunr
1102 939 1105 945 ·

24 983 55 1046 rib·
73 984 117 1038 ein
126 986 233 1056 preelbus'
242 994 344 1041 eontra
356 985 484 1041 Aeneam
496 985 593 1042 luerat
607 987 743 1042 excitata.
780 988 983 1048 Andromae'be
996 993 1041 1048 le-

24 1061 128 1152 lilliei'as
144 1071 270 1141 captivata
295 1077 355 1140 est,
381 1086 468 1143 quam
480 1069 530 1124 illa
552 1070 692 1146 coniugia
704 1068 836 1138 Romana
861 1087 1041 1147 nupserunt:

32 1168 49 1204 ·,
65 1149 111 1206 licet
128 1153 247 1223 serviles,
273 1161 372 1208 tamen
385 1161 452 1226 post
465 1153 528 1208 eius
542 1153 691 1227 amplexus
716 1155 832 1210 nullum
845 1154 1042 1228 Troianorum
1111 1183 1117 1202 ι

45 1229 151 1308 'Pyrrbue
164 1234 273 1292 oeeirlit.
299 1233 426 1292 Romani
439 1245 536 1292 autem
550 1234 667 1293 saeeros
682 1235 897 1306 interficiebant
909 1243 940 1296 in
953 1260 1041 1316 proe—
1090 1231 1092 1240 ⁴

30 1313 33 1322 ’
53 1313 93 1389 lis,
115 1338 228 1393 quorum
239 1321 298 1374 iem
310 1319 386 1376 filias
400 1319 639 1393 amplexabantur
652 1322 683 1377 in
696 1319 839 1378 thalamis.
869 1322 922 1379 llle
935 1329 1041 1382 vietori

24 1402 147 1472 tttbdita,
173 1404 272 1459 dolore
285 1412 536 1466 tanturnsuorum
547 1412 671 1460 martem
696 1397 808 1478 potuit,
834 1425 895 1463 non
921 1410 1039 1466 timere:
1140 1455 1142 1458 .

24 1479 87 1541 luae
107 1489 230 1544 sociatae
253 1487 429 1543 bellantibus
447 1496 602 1561 parentum
619 1506 741 1545 suorum
753 1499 863 1545 mortes
877 1493 1038 1564 proceden-

38 1570 173 1626 b'basriris
186 1571 343 1642 timebant,
369 1569 559 1628 redeuntibus
573 1569 741 1641 dolebant,
754 1590 809 1628 nee
831 1575 965 1630 timorem
987 1575 1038 1630 ha·
1101 1635 1102 1640 χ

30 1648 113 1710 beatos
124 1655 267 1725 liberum,
292 1673 348 1710 nee
362 1653 499 1710 dolorem.
527 1653 607 1710 ,Nam
619 1664 739 1728 propter
751 1655 1040 1729 interitunreivium‚

24 1741 259 1813 propinquorum,
285 1727 410 1794 frat'rum
421 1776 430 1808 ,
443 1730 681 1811 parentum-,aut
692 1739 740 1811 pie
750 1739 977 1810 ,eruciabantun
990 1751 1042 1797 aut

24 1823 167 1878 rmdeliter
191 1821 374 1886 laetabantur
395 1823 529 1878 victoriis
554 1823 736 1877 maritorum.
779 1819 847 1876 Huc
874 1813 1055 1895 accedebat,',

24 1907 99 1978 uod,
124 1916 160 1961 ut
174 1914 246 1962 sunt
257 1905 372 1967 alternb
383 1905 544 1978 bellorum,
570 1907 685 1980 aliquae
699 1912 854 1978 parentum
868 1905 947 1960 ferro
969 1909 1040 1961 ami-

24 1999 111 2056 erunt
135 1991 234 2059 viros,
260 1990 395 2063 aliaeque
411 1989 604 2063 utrorumque
617 1989 696 2046 ferro
712 1997 891 2082 etparenqes
906 1997 936 2044 et
949 1991 1039 2045 viros.

24 2073 108 2148 leque
123 2075 207 2128 enim
221 2081 251 2127 et
262 2073 340 2144 apud
352 2065 501 2128 Rombnos
527 2089 616 2146 parva
628 2082 631 2089 ’
641 2073 764 2129 luerunt
787 2074 838 2127 illa
861 2072 1041 2129 discrimina.

24 2157 162 2232 siquidem
173 2155 208 2211 etl
223 2156 403 2211 obsidionem
412 2173 533 2230 «quoque
545 2165 718 2230 perventum
733 2164 778 2210 est
792 2156 936 2228 civitatis,
958 2145 1038 2212 clair-

24 2245 103 2317 'sque
116 2241 214 2315 portis
229 2256 260 2294 se
274 2239 442 2294 tuebantur.
486 2239 598 2306 Quibus
613 2239 677 2294 dolo
692 2241 818 2312 apertis,
845 2238 1039 2314 admissisque

24 2326 139 2382 ostibus
154 2324 378 2394 intramnis,
389 2325 425 2380 in
438 2324 501 2396 ipso
513 2322 582 2386 loro,
591 2324 733 2390 scelerata
748 2332 777 2380 et
791 2325 879 2378 nimis·
892 2332 978 2379 atrox
992 2327 1039 2384 in·
1101 2385 1103 2388 ,

24 2430 47 2465 rr
58 2426 194 2487 generos
208 2425 385 2481 socerosque
409 2407 510 2484 pugna
533 2407 686 2484 commissa
700 2415 755 2462 est·
790 2395 843 2462 ·Et'
850 2416 982 2478 raptores
996 2408 1040 2464 illi

24 2496 89 2558 tiam
105 2492 341 2564 superabantur,
355 2491 385 2546 et
398 2491 500 2546 erebro
513 2490 662 2568 fugientes
676 2491 755 2544 intra
765 2489 863 2548 domos
876 2509 954 2560 suus,
968 2493 1039 2567 gra·
1068 2557 1069 2560 Ἴ

24 2580 66 2632 ius
90 2575 254 2632 foedabant
279 2575 436 2647 pristinae,
463 2574 594 2648 quamvis
609 2582 638 2628 et
663 2574 740 2646 ipsas
759 2573 908 2646 pudendas
932 2575 1038 2651 lagenb

24 2680 111 2736 uque
139 2660 293 2716 victorias.
336 2656 394 2714 Hie
407 2667 504 2713 tamen
518 2653 659 2713 Romulus
674 2657 709 2711 de
723 2675 844 2712 suorum
856 2657 1039 2728 iararlvirtute

24 2761 183 2818 esperone,
211 2739 310 2798 lovem
323 2743 440 2819 rogavit
453 2750 487 2799 ut
499 2749 628 2800 starent:
642 2749 742 2814 ‘atque
757 2741 807 2794 ille
817 2737 870 2794 hae
884 2729 1038 2808 oeeasione

24 2848 108 2884 tomen
123 2826 259 2884 Statoris
273 2827 397 2882 inuenit.
431 2825 493 2881 Nee
507 2823 575 2880 finis
590 2831 667 2878 esset
681 2825 757 2879 tanti
768 2823 852 2894 laeli,
867 2824 925 2878 nisi
936 2833 1038 2899 raptae

24 2912 70 2965 llae
93 2911 238 2966 laceratis
266 2909 396 2966 crinibus
422 2911 597 2978 emicarent,
624 2917 654 2962 et
671 2908 844 2984 propalatae
856 2908 1037 2980 parentibus,

24 3013 76 3049 ram
89 3013 198 3051 eorum
211 2994 418 3062 iustissimam,
445 2992 608 3058 non‘arrnis
621 2987 809 3064 victricibus,
837 2986 900 3044 setl¹
913 2993 1046 3063 supplici

24 3079 108 3134 letate
138 3076 291 3132 sedarent.
336 3074 452 3131 Deinde
465 3074 566 3130 Titum
579 3073 699 3130 Tatium
724 3091 825 3150 regern
850 3072 1036 3142 Sabinorum,
1081 3113 1083 3121 Α

24 3164 112 3218 ocium
126 3161 221 3238 regni
234 3157 376 3216 Romulus
392 3159 471 3216 ferre
484 3159 651 3232 compulsus
669 3167 728 3228 est,
741 3159 877 3235 germani
891 3157 1036 3226 consortis

24 3249 178 3318 apatiens:
206 3242 258 3299 sed
271 3242 386 3316 quando
401 3250 431 3298 et
443 3244 532 3303 istum
546 3240 594 3296 diu
609 3242 763 3311 toleraret,
787 3242 837 3316 qui
851 3240 971 3295 fratrem
984 3257 1037 3313 ge-

24 3331 176 3402 nuumque
204 3345 266 3382 non
293 3321 448 3398 pertulitl]
475 3318 866 3397 Vndeet‘ipsainterfeeto,
894 3329 927 3374 ut
945 3323 1038 3376 maior
1087 3387 1088 3390 Ἰ

24 3431 70 3468 eus
94 3420 198 3481 esset,
223 3426 354 3486 regnum
376 3411 455 3464 solus
479 3409 613 3465 obtinuit.
635 3413 639 3434 ¹
659 3408 740 3473 Quae
755 3414 824 3461 sunt
837 3407 893 3459 ista
906 3404 1036 3458 iuranu-

24 3498 147 3564 tiarum,
177 3511 255 3567 quae
268 3494 450 3558 irritamenta
462 3487 621 3568 bellorum,
640 3508 714 3564 quae
729 3488 846 3544 foedera
860 3486 1037 3561 germanita-

24 3599 58 3650 s,
83 3577 261 3645 affinitatis,
289 3577 453 3647 societatis,
478 3569 664 3632 divinitatis?
691 3573 791 3637 ,linae
813 3577 960 3641 postremo
984 3569 1037 3624 sub

24 3673 45 3716 st
71 3661 131 3716 diis
159 3659 312 3716 tutoribus
335 3660 396 3713 vita
423 3655 577 3715 ciuitatisl
619 3654 707 3710 Vides
734 3649 923 3726 quantahine
939 3649 994 3704 diei
1010 3662 1039 3706 et
1074 3705 1076 3708 .

24 3765 90 3816 ,uam
115 3745 211 3800 multa
237 3750 372 3814 possent,
398 3743 455 3800 nisi
480 3760 554 3817 quae
577 3743 736 3813 supersunt
749 3742 849 3788 nostru
863 3742 980 3787 curaret
992 3735 1038 3789 in-

25 3831 116 3900 cutio,
144 3837 176 3883 et
190 3843 291 3880 sermo
304 3825 336 3880 in
350 3825 405 3880 alia
423 3813 586 3892 festinaret,
