2400 4312
254 197 317 254 aea
452 141 455 156 ’
480 189 577 251 nrvr
596 165 781 252 sunnin
800 192 1054 282 nveqsrnu

156 357 158 362 '
254 346 412 420 subvenire
421 341 639 418 compellimur?
653 344 751 402 Servii
763 354 860 404 autern
871 355 966 404 motus
980 349 1037 404 iste
1048 347 1108 404 retii

254 431 290 486 do
303 433 345 486 ite
356 431 509 504 praebetur
523 428 731 500 misericordia,
744 437 779 485 ut
789 430 902 486 iustitia
916 442 1108 501 conservetur,

254 514 400 591 indigenti
410 513 560 581 tribuitur,
574 513 635 568 sire
648 530 713 569 eum
726 513 888 590 ignoscitur
900 506 1070 586 poenitenti.
1094 513 1108 570 l

252 616 285 653 re
298 599 411 652 locutor
421 596 555 672 egregius
569 613 628 654 non
640 594 779 651 dubitarit
789 596 931 670 appellere
941 598 1086 667 virtutem,
1099 615 1108 671 q

254 699 303 736 cos
316 682 395 735 inter
407 679 481 735 vitia
493 695 646 733 numerare
659 695 719 734 non
732 678 832 751 pudet:
858 681 907 753 qui
920 687 1033 749 tomen,
1051 690 1084 736 ut
1095 679 1108 738 d

142 755 144 760 ¹
216 773 226 780 ’“
252 763 380 837 Epicteti
393 760 565 820 nobilissimi
586 758 694 832 Stoici,
722 779 760 816 ex
777 761 901 816 decretis
918 761 1049 820 Zenonis
1067 772 1096 820 et

228 841 303 920 [qui
315 844 398 900 buius
413 852 508 898 sectae
520 844 626 916 primas
640 853 736 916 partes
749 843 925 915 babuerunt,
947 843 1107 901 huiusmodi

252 931 284 984 in
303 929 431 983 animum
448 927 585 1000 sapientis
607 925 781 998 odorittunt,
804 946 890 1001 quem
907 929 988 984 vitiis
1007 928 1108 986 omnibu

254 1029 317 1066 esse
330 1011 442 1066 volunt.
460 1006 542 1066 Vnde
555 1007 589 1064 fit
602 1027 792 1084 consequens,
805 1019 839 1066 ut
852 1009 923 1066 boec
936 1013 998 1086 ipse
1011 1029 1071 1068 non
1080 1029 1108 1084 pr

253 1092 366 1169 quando
385 1093 511 1164 sepienti
526 1093 568 1146 sio
582 1091 733 1164 occidunt,
757 1103 791 1150 ut
804 1101 906 1150 eontra
919 1096 1057 1150 virtutem
1069 1113 1108 1150 nse

253 1195 376 1250 nemque
390 1169 463 1230 nihil
473 1176 596 1248 possint,
618 1184 647 1230 et
658 1192 717 1232 una
730 1177 768 1232 sit
780 1175 934 1250 eademque
948 1178 1093 1232 sententio
1106 1177 1108 1232 Ι

254 1278 363 1329 corum,
376 1260 425 1315 vel
437 1259 524 1313 ctiam
536 1255 763 1328 Platonicorum,
784 1268 812 1316 et
824 1261 952 1332 ipsorum
964 1257 1109 1320 Stoicorus

255 1345 297 1398 ait
306 1341 431 1412 Tullius,
445 1340 526 1402 ¹verbi
538 1344 806 1400 controversieiam
819 1341 871 1400 diu
882 1351 997 1418 torquet
1009 1340 1106 1399 bonsin

253 1428 297 1482 los
311 1425 506 1482 contentionis
520 1423 699 1497 cupidiores,
719 1443 805 1499 quam
817 1426 959 1482 veritatis.
989 1424 1056 1482 Scd
1067 1423 1108 1486 adl

255 1511 355 1584 quaeri
368 1517 473 1582 potest,
488 1516 587 1563 utrum
599 1506 635 1564 ad
648 1508 726 1562 ritae
738 1510 899 1580 praesentis
913 1510 1108 1582 pertineatinl

255 1594 340 1648 etiam
357 1593 389 1648 in
408 1592 568 1664 quibusque
586 1589 670 1646 bonis
691 1589 792 1648 officiis
811 1588 1007 1650 huiuscemodi
1019 1609 1106 1666 perpe

214 1696 216 1700 ’
255 1678 444 1740 sanctirum
469 1674 577 1750 Angeli
607 1693 673 1730 oum
705 1682 735 1728 et
765 1677 830 1730 sinc
861 1676 906 1730 ira
930 1676 1070 1747 puniant,
1106 1701 1108 1721 ι

253 1761 481 1834 piuntsaetcrna
502 1756 560 1814 Dei
584 1758 649 1833 lege
667 1756 848 1831 puniendos,
873 1765 903 1812 et
923 1759 1038 1817 miseris
1062 1759 1108 1814 siu

256 1843 455 1916 compassione
474 1840 663 1909 subveniant,
691 1847 720 1894 et
737 1839 969 1914 periclitantibus
989 1843 1031 1898 eis
1050 1859 1108 1915 quo

255 1928 319 1982 sine
336 1927 440 1983 tunore
458 1924 651 1994 opitulentur,
677 1932 815 1982 ettamen
833 1924 956 1984 istorum
975 1925 1108 1984 nomina

172 2063 191 2078 η,
254 2005 466 2064 ¹consuetudine
481 2006 634 2060 locutionis
647 2003 790 2062 humanae
804 2007 890 2061 ctiam
901 2007 933 2060 in
947 2025 996 2064 eos
1007 2025 1108 2081 usurp«

253 2100 318 2165 pter
336 2087 479 2164 quandem
498 2104 617 2159 operiam
632 2083 868 2160 similitudinem,
889 2106 950 2150 non
962 2099 1108 2163 proptera

226 2199 232 2206 ·
254 2173 468 2228 infirmitatem:
496 2167 651 2244 sicutipse
668 2170 748 2226 Deus
769 2165 926 2228 secundum
946 2171 1108 2246 Scripturas

152 2305 156 2314 ,
254 2275 309 2311 nec
323 2264 418 2309 tamen
433 2253 493 2306 ulla
505 2254 638 2326 passione
652 2255 794 2320 tutbatur.
829 2253 893 2316 Hoc
907 2257 985 2310 enim
997 2256 1108 2312 rerbun

218 2419 220 2434 μ
254 2338 405 2443 usurpavit
418 2332 546 2408 effectus,
560 2353 620 2396 uon
633 2337 712 2393 illius
726 2338 909 2398 turbulentus
922 2327 1053 2400 effeetus?

653 2501 877 2563 cau.vi
970 2555 971 2560 i

255 2597 356 2662 Quibus
363 2597 532 2667 passionibus
541 2599 687 2663 daemones,
693 2599 837 2668 ,confitente
842 2600 964 2669 Apuleio,
974 2601 1108 2671 exagitem

468 2686 525 2737 ,ope
535 2668 651 2732 domines
660 2669 734 2736 opud
742 2670 802 2734 deos
811 2671 909 2723 asserit
919 2671 1052 2722 adiuvari.
1072 2707 1082 2716 .-

313 2759 378 2824 Qua
389 2759 508 2824 interim
521 2758 556 2815 do
569 2762 678 2822 sanctis
690 2759 810 2836 Angelis
823 2760 995 2834 quaestione
1007 2759 1108 2833 dilata,

252 2833 487 2916 quemadmodum
501 2841 599 2902 dicant
610 2841 880 2902 Platonicimedios
900 2841 1053 2906 doemones
1071 2847 1108 2904 im

251 2923 383 2980 homines
397 2927 572 2982 constitutos
586 2927 650 2982 istis
663 2927 831 2999 passionum
843 2922 1108 2988 aestibusfluctuas

252 3017 349 3066 mente
367 3007 402 3062 ob
415 3005 460 3062 his
477 3009 569 3066 libere
582 3010 682 3083 cisque
695 3007 862 3066 dominante
874 3017 970 3066 motus
980 3007 1108 3068 huiusce

252 3101 363 3162 rentur,
378 3110 437 3146 nun
447 3090 617 3150 condiceret
628 3091 765 3165 Apuleius
774 3093 863 3158 siusili
871 3101 953 3148 motu
965 3093 1061 3154 cordis
1075 3104 1107 3154 et

251 3177 289 3230 tis
303 3193 355 3249 per
367 3194 467 3234 omnes
486 3175 697 3250 cogitationum
709 3182 806 3230 aestus
822 3173 974 3238 fluctuare.
999 3175 1066 3250 lpsa
1087 3179 1108 3255 ip

184 3263 187 3276 ¹
252 3275 377 3328 eorum,
388 3257 418 3312 id
437 3268 495 3328 est,
518 3273 584 3330 pers
598 3258 688 3314 animi
701 3255 846 3331 superior,
866 3276 922 3331 qua
935 3259 1096 3315 rationales

252 3359 307 3414 quo
320 3343 414 3401 virtus
428 3350 458 3396 ot
470 3340 629 3413 sapientia,
647 3342 674 3394 si
686 3341 744 3396 ulla
757 3342 800 3396 eis
813 3349 905 3411 esset,
924 3342 1108 3415 passionibus

250 3425 289 3478 tis
303 3423 475 3484 inferiorum
488 3424 578 3482 aninri
595 3424 721 3496 partium
736 3423 873 3502 regendis
889 3423 1108 3500 moderandisqu

250 3514 346 3578 retur3
359 3508 431 3580 ipse,
439 3509 573 3581 inquam,
585 3525 667 3565 mens
682 3524 796 3578 eorum,
811 3507 887 3568 sieut
899 3507 954 3566 istc
966 3507 1108 3565 Platonici

250 3597 310 3658 tur,
322 3591 385 3646 salo
398 3590 648 3662 perturbationum
660 3588 790 3650 fluctuat.
815 3589 953 3646 Subiecta
966 3603 1011 3646 est
1023 3609 1096 3668 ergo

250 3685 368 3726 monum
380 3672 560 3744 passionibus
574 3673 743 3742 libidinum,
757 3672 959 3744 formidinum,
978 3675 1104 3743 irarum,

250 3751 409 3808 iusccmodi
421 3749 554 3810 caeteris.
568 3756 648 3820 Quoe
660 3757 753 3832 igitur
766 3773 832 3830 pers
846 3756 877 3810 in
887 3758 1035 3813 eisvlibera
1047 3767 1108 3812 estc

252 3834 421 3906 sapientiae,
429 3853 484 3910 qua
490 3838 694 3911 placeantdiis,
702 3846 731 3893 et
740 3839 775 3894 ad
786 3839 928 3898 bonorum
938 3860 1048 3896 morum
1056 3841 1108 3896 sim
