2400 4312
167 176 171 180 ’
244 207 649 295 ercammarum
676 216 853 277 masau.
1000 229 1069 285 ,207

55 371 147 448 pudo,
172 371 263 446 lenge
276 369 392 441 lateque
406 367 549 444 vulgata,
560 367 734 425 ornantibus
750 387 783 424 ea
798 370 957 430 mendaciis
971 386 1069 450 paeta-
1126 381 1127 384 ’

51 475 116 525 runi,
138 465 168 510 et
179 453 217 508 ad
232 471 266 506 ca
281 450 432 508 fallacibus
446 451 596 524 spiritibus
611 451 827 522 seducentibus.
852 451 979 512 Facilius
993 461 1070 514 enim
1144 495 1146 510 .

49 538 101 593 ieri
124 537 238 611 potuit,
266 544 299 589 ut
312 535 426 588 iuvenis
440 533 545 606 impius
560 535 654 590 veleb
669 535 758 606 impio
772 545 855 608 patre
868 538 997 594 interfici
1010 559 1070 596 me-

48 631 119 676 tue'nr
133 631 163 675 ct
176 616 282 675 avidus
298 617 384 692 regui
396 623 508 688 patrem
520 618 643 689 pelleret
656 635 766 693 regno,
785 635 870 692 quam
884 619 914 675 id
927 622 1002 695 qued
1016 625 1071 678 iste

46 705 263 776 interpretatur,
289 698 357 754 idea
371 697 531 754 Saturnum
555 709 667 772 patrem
680 717 697 753 a
709 697 778 756 leve
802 700 863 756 filia
880 715 1071 777 superatum,

44 787 111 860 quod
124 785 195 840 ante
210 793 261 838 est
272 799 361 837 eausa
375 798 449 862 (prae
461 783 592 852 pertinet
604 782 640 837 ad
653 781 767 851 levem,
781 800 866 857 quam
880 803 981 842 scaren
994 787 1073 862 qued
1112 785 1116 790 ’

42 871 162 944 pertinet
188 864 228 922 ad
256 863 429 920 Saturnum.
473 862 508 920 Si
522 865 600 920 enirn
613 862 668 920 hee
681 866 722 920 ita
734 874 827 936 essct,
855 881 1004 943 nunquam
1017 869 1072 926 Sa·
1119 873 1121 876 ’

44 962 139 1008 turnus
160 951 245 1024 prior
264 948 385 1017 fuisset,
411 950 467 1002 nec
479 956 563 1020 pater
575 944 653 1004 levis
669 957 755 1002 esset.
791 946 921 1024 Semper
935 955 1012 1008 cuim
1025 971 1072 1008 se·
1088 967 1094 986 *

40 1051 202 1090 mencausa
220 1029 389 1106 praeeedit,
416 1047 612 1103 necunquam
624 1023 783 1106 generatur
799 1048 836 1084 ex
850 1035 970 1090 senune.
1014 1032 1074 1090 Sed

40 1136 98 1172 eum
111 1123 260 1172 conantur
273 1114 448 1169 vanissimas
462 1112 573 1168 fabulas
587 1113 650 1169 sive
663 1111 868 1178 homiuumrcs
881 1127 980 1192 gestas
993 1120 1074 1175 velut

40 1198 215 1254 naturalibus
230 1196 525 1268 interpretationibus
538 1192 701 1266 honerare,
729 1197 820 1250 etiam
845 1194 977 1254 hemines
1003 1219 1072 1256 acu·

40 1283 142 1337 tissimt‘
151 1290 254 1336 tantas
268 1278 422 1350 patiuntur
435 1279 607 1356 angustias,
626 1288 771 1335 uteorum
785 1295 899 1353 queque
913 1283 1074 1338 vanitatem

39 1365 128 1421 delere
142 1378 303 1440 cogamur.

416 1492 537 1551 CAP.
580 1489 693 1549 xlx.

73 1591 110 1643 De
119 1588 414 1658 interpretationibus,
424 1589 519 1658 quibus
529 1590 632 1645 colendi
644 1589 761 1642 Saturni
770 1585 843 1641 ratic
852 1591 1039 1644 concinnatur.

98 1697 279 1766 Saturnum,
305 1696 419 1769 inquit,
446 1695 602 1767 dixerunt,
629 1715 703 1771 quae
717 1706 786 1753 nata
799 1715 837 1752 ex
850 1715 885 1752 cc
900 1704 1014 1765 essent,
1028 1715 1075 1752 sc-

43 1783 119 1838 litum
133 1781 294 1848 deverare;
322 1776 397 1852 qued
411 1797 446 1834 ee
460 1782 588 1850 semina,
615 1779 693 1840 unde
706 1789 917 1849 nascerentur,
935 1777 1075 1835 redirent.

44 1863 78 1919 Et
88 1863 224 1938 quedfilli
238 1859 297 1934 pre'
306 1855 376 1916 leve
397 1855 610 1938 gleba‘ebieeta
636 1873 681 1918 est
706 1861 889 1932 devoranda,
916 1861 1076 1936 signifieat,

45 1948 149 2021 inquit,
174 1940 459 2000 manibushumanis
475 1946 558 2004 obrui
572 1954 687 2019 coeptae
702 1945 826 2001 serendo
850 1945 965 2026 fruges,
993 1952 1075 1998 ante·
1134 1956 1139 1960 ·

47 2047 123 2102 quam
136 2030 250 2084 utilitas
265 2025 368 2082 arandi
383 2035 461 2081 esset
475 2029 605 2082 inventa.
648 2026 797 2084 Saturnus
820 2046 891 2104 crgo
906 2027 965 2082 diei
979 2024 1078 2082 debuit
1129 2069 1130 2076 ,

48 2113 101 2184 ipra
113 2121 213 2180 terra,
240 2128 301 2165 nen
317 2110 442 2165 senuna:
469 2112 534 2182 ipsa
553 2110 632 2166 enirn
646 2109 855 2186 quedammodo
869 2111 991 2165 devorat
1004 2126 1077 2182 quae
1106 2113 1110 2119 '

49 2196 193 2270 genuerit,
208 2211 276 2248 eum
290 2209 328 2246 ex
342 2209 376 2254 ca
388 2201 458 2248 nata
468 2193 581 2248 semina
594 2195 625 2248 in
639 2212 702 2250 eam
712 2212 816 2250 rursus
829 2191 997 2266 recipienda
1009 2192 1077 2245 red-

50 2279 138 2332 ierint.
182 2275 224 2330 Et
238 2274 314 2348 qued
327 2291 380 2347 pre
395 2273 462 2332 leve
476 2277 623 2347 accepisse
646 2275 752 2334 dicitur
771 2277 900 2352 glebam,
927 2273 998 2349 quid
1022 2272 1077 2330 buc

55 2358 122 2414 adid
133 2361 229 2429 valet,
258 2357 333 2430 qued
359 2357 493 2414 manibus
519 2356 669 2414 huminum
693 2376 793 2414 semen
807 2359 892 2435 gleba
910 2366 1078 2430 coepertum

57 2438 110 2496 cati
132 2437 282 2515 Numquid
295 2439 361 2494 ideo
375 2458 435 2495 neu
449 2449 509 2509 est,
533 2450 566 2497 ut
579 2450 711 2510 caetera,
725 2439 1002 2514 devoratum,gqued
1012 2441 1077 2515 gle-

56 2518 338 2598 brcccpertumesti
365 2520 569 2580 ltacnimhec
584 2521 768 2592 dictumest,
796 2524 943 2597 quasiqui
965 2523 1079 2598 glebam
1124 2519 1125 2524 ’

55 2609 194 2681 apparuit,
209 2624 311 2666 scanen
324 2605 494 2675 abstulerit,
507 2607 585 2662 sicut
597 2597 726 2662 Satirrne
739 2602 893 2680 perhibent
906 2606 1002 2660 ablata
1015 2606 1078 2680 gle-
1115 2602 1119 2612 ’

34 2690 82 2762 ,be
92 2691 221 2746 ablatum
233 2686 348 2758 lovem,
374 2705 408 2742 ac
422 2705 483 2744 nen
495 2690 593 2762 petius
614 2688 700 2765 gleba
717 2697 817 2743 semen
831 2687 987 2761 operiendo
1000 2687 1078 2742 fecer
1162 2743 1165 2754 .

52 2775 85 2828 rit
97 2773 168 2828 illud
181 2771 354 2848 diligentius
369 2769 514 2827 devorari.
558 2769 673 2850 Dcipdc
686 2770 841 2838 istcmede
861 2788 959 2825 semen
973 2767 1079 2836 cstiu7
1132 2837 1140 2845 ἱ

50 2858 135 2929 piter,
162 2873 225 2910 nnn
243 2854 363 2910 seminis
378 2872 483 2924 causa,
510 2854 589 2928 quod
613 2856 699 2927 paule
726 2864 794 2910 ante
819 2852 977 2926 dicebatur.
1022 2849 1081 2907 Sed

51 2939 113 3012 quid
126 2939 238 2994 faciant
251 2933 407 3006 immineri,
428 2937 557 3010 quicum
571 2954 619 2991 res
633 2939 737 2992 stultas
751 2938 1000 3010 interpretantur,
1013 2952 1087 2990 nen.

50 3023 205 3080 inveniunt
218 3018 289 3093 quid
301 3019 449 3093 sapienter
462 3015 593 3084 dicatur?
619 3019 737 3075 Falcem
748 3017 851 3089 babet,
877 3019 985 3093 inquit,
1012 3035 1081 3090 prc-

49 3115 109 3178 pter
136 3103 356 3181 agriculturam.
398 3100 551 3158 ,certeillo
565 3112 710 3180 regnante
724 3100 853 3157 noudum
868 3110 932 3157 crat
953 3098 1081 3176 agricul-

49 3198 126 3256 tura,
153 3196 184 3242 et
199 3185 265 3240 ideo
278 3185 379 3258 priora
392 3186 456 3241 eius
468 3194 599 3258 tempera
610 3183 816 3258 perhibentur,
843 3186 919 3238 sicut
931 3183 1006 3236 idem
1020 3182 1081 3254 ipse

49 3270 166 3326 fabellas
194 3269 422 3341 interpretatur,
448 3270 517 3342 quia
530 3262 617 3341 piimi
630 3266 761 3322 homines
776 3285 813 3321 cx
826 3265 870 3320 his
883 3265 1021 3320 vivebant
1034 3281 1081 3316 se-

48 3353 189 3420 minibus,
216 3368 292 3424 quae
306 3359 387 3406 terra
402 3351 504 3425 specte
517 3351 666 3427 gignebat.
710 3347 755 3406 An
769 3349 874 3404 falcem
888 3355 1001 3418 sceptra
1014 3363 1081 3418 per-

48 3433 105 3491 dite
119 3436 251 3508 accepit,
278 3442 313 3488 ut
326 3435 376 3506 qui
387 3435 489 3506 primis
503 3434 681 3507 temporibus
695 3452 749 3488 rex
762 3433 873 3500 fuerat,
887 3429 1007 3497 otiosus,
1021 3427 1082 3482 filie

47 3527 193 3596 regnante
206 3516 294 3572 fieret
316 3517 467 3590 operarius
491 3512 670 3588 lubericsusl
696 3514 811 3571 Deinde
825 3511 890 3567 idce
905 3509 975 3566 dicit
988 3528 1004 3564 a
1018 3511 1081 3584 qui-

47 3599 166 3656 busdam
178 3603 290 3672 pucras
310 3600 346 3653 ei·
361 3601 461 3655 salites
485 3601 647 3668 inuriclari,
674 3595 918 3665 sieutaPceniS,
945 3593 1082 3667 etaqui÷

48 3682 167 3738 busdam
183 3683 274 3737 ctiam
287 3683 428 3752 maiores,
453 3683 559 3738 cicuta
574 3682 683 3752 Gallis,
711 3681 778 3754 quia
798 3678 928 3734 emnium
940 3678 1084 3732 seminum

50 3768 189 3838 optimum
203 3773 250 3820 est
264 3782 360 3840 genus
373 3763 539 3820 humanum.
582 3763 629 3822 De
653 3762 707 3831 hac
735 3761 933 3820 crudelissima
955 3761 1084 3816 vanitate
1147 3759 1152 3770 ¹

49 3848 115 3923 qaid
141 3865 216 3926 epus
241 3855 288 3902 est
309 3839 391 3921 plura·
412 3843 527 3922 diecret
555 3847 620 3904 Hae
632 3847 729 3923 potius
744 3844 929 3933 advertamus
942 3850 1089 3922 atqueae-
