2400 4312
263 198 321 256 nu
345 149 566 290 ιιιιιιιιι
589 197 666 274 nur
688 197 769 259 ιιι.
794 197 888 254 ιιιι.
931 279 937 294 ,
1016 202 1080 268 ιιι

49 373 90 428 per
102 353 268 408 amicitiam
282 349 402 405 deorum
415 348 535 404 multum
549 348 623 422 apud
634 348 765 420 homines
776 351 903 406 valeant.
946 348 986 404 Hi
1001 331 1077 406 enim

49 437 95 491 liis
114 435 219 503 bonis,
246 449 319 507 quos
333 441 446 486 sanetas
459 429 588 506 Angelos
615 449 675 487 non
701 451 836 490 vocamus
861 433 1077 506 rationalesque

17 583 20 586 ¹
50 527 207 584 uenturae,
237 524 358 570 sanctae
372 509 506 594 eoelestis
519 511 728 584 habitationis,
756 516 819 584 sive
833 513 931 584 redes,
951 514 1013 570 sive
1028 513 1077 570 do-

51 600 236 666 minationes,
264 598 328 651 sive
340 596 534 670 principatus,
561 597 623 652 sive
636 606 810 668 potestates,
837 598 923 652 amici
940 613 1003 652 esse
1018 615 1079 652 om-
1158 659 1159 666 ἵ

53 682 113 736 nino
127 698 188 734 non
203 686 345 752 possunt3
371 676 503 750 aquibus
515 685 574 733 tam
588 678 676 754 longe
690 679 796 735 absunt
808 678 900 736 animi
914 675 1079 745 affectione,

55 780 126 836 quarn
138 763 229 840 longe
244 759 351 818 absunt
363 757 553 849 e1virtutibus
563 761 649 829 vitia,
663 770 693 818 et
705 779 723 818 a
733 761 864 820 bonitate
875 761 996 818 malitia.

419 907 441 966 C
461 911 484 966 A
508 908 540 967 P.
583 908 615 966 X
628 909 659 966 X
672 909 708 969 V.

83 1005 120 1056 De
128 1005 168 1056 bis
178 1020 249 1072 quae
268 1003 370 1062 sancta}
380 967 528 1090 Angeliset
536 969 806 1072 bmninibusporsuut
821 1021 875 1082 esee
884 1003 1043 1068 eommunia.

106 1092 191 1148 Nullo
204 1091 292 1148 modo
307 1091 398 1169 igitur
410 1095 493 1166 quoni
507 1111 560 1166 per
571 1092 742 1150 ᾶιοιιιοιιιιιιι
755 1093 939 1149 medietatem
949 1091 1079 1148 anubion-

7 1173 28 1194 '''
64 1174 115 1230 dam
127 1185 170 1232 est
183 1173 221 1231 ad
234 1175 468 1234 benevolentiam
483 1193 535 1231 seu
550 1175 773 1236 beneficentiam
788 1174 969 1246 deorum,vol
981 1175 1079 1248 potius

63 1258 188 1314 bonmnm
199 1259 395 1334 Angelorum3
421 1257 472 1336 sed
483 1275 536 1330 per
551 1257 647 1314 bonae
669 1258 829 1314 voluntatis
847 1253 1080 1328 similitudinem,

7 1395 10 1412 ,
64 1341 382 1414 quaeumillissumus,
410 1348 440 1412 et
457 1359 524 1396 cum
541 1341 757 1408 illisuirimus,
785 1350 815 1396 et
832 1358 896 1396 cum
913 1341 972 1395 illis
985 1337 1080 1394 Deum

7 1471 9 1492 Ι
66 1439 132 1495 quem
144 1424 245 1478 colunt
258 1423 397 1492 colimus,
417 1423 471 1477 etsi
482 1440 532 1476 eos
547 1422 712 1478 carnalibus
725 1423 816 1477 oculis
829 1415 928 1478 videre
941 1440 1001 1477 non
1014 1439 1080 1494 pos-

67 1521 160 1562 sumus:
178 1506 212 1560 in
228 1509 370 1601 quantuni
384 1514 481 1568 autem
494 1503 730 1560 dissimilitudine
746 1505 908 1562 voluntatis
923 1514 952 1558 et
966 1502 1080 1579 fragili-

7 1623 14 1648 ·
67 1587 545 1657 lateinfirmitatismiserisumus,
573 1588 605 1642 in
620 1595 735 1654 tautum
762 1585 816 1640 ab
821 1587 863 1640 eis
880 1585 1081 1661 longeeumus

7 1719 9 1722 .
68 1671 259 1766 ritaemerito,
288 1687 347 1726 non
361 1671 488 1742 eorporis
501 1671 578 1725 loeo.
620 1667 686 1723 Non
702 1669 779 1723 enim
795 1669 863 1760 quia
876 1668 908 1721 in
921 1677 998 1721 terra
1012 1684 1081 1721 eon-

69 1749 156 1808 ditione
171 1753 272 1808 earnis
286 1749 466 1820 habitamus,
485 1751 535 1808 aed
549 1769 576 1806 ιι
567 1750 775 1806 immunditia
788 1736 884 1812 cordis
903 1758 1019 1803 terrena
1034 1767 1081 1804 sa.-

7 1873 18 1906 ,
68 1835 158 1907 pimus,
180 1852 243 1890 non
258 1852 301 1890 ers
314 1852 472 1909 iungamur
515 1833 585 1890 Cum
601 1851 671 1889 vero
686 1849 837 1902 sanamur,
864 1840 898 1886 ut
911 1831 1034 1905 quales
1026 1832 1082 1903 ipsi

7 1953 17 1982 ,,-
69 1926 136 1989 ιιιι,
160 1919 270 1987 simus3
296 1916 353 1972 fide
369 1918 489 1972 interim
507 1915 570 1970 illis
584 1918 823 1990 propinquamus,
851 1915 877 1968 si
893 1913 929 1968 ab
949 1913 1002 1967 illo
1028 1931 1081 1968 ιιοι

7 1999 43 2098 ἐκ
69 1997 298 2138 implentum
280 2013 380 2074 aquo
393 2007 430 2054 et
431 2000 500 2073 ipsu
483 1999 574 2058 'faeti
597 2008 679 2071 sunt,
706 2000 793 2054 etiam
818 1997 891 2070 ipsis
917 1995 1081 2052 laventibus

7 2137 14 2144 ,
70 2099 104 2138 ne
121 2102 202 2139 ιιιιιιι.

403 2161 530 2219 CAP.
575 2160 725 2221 XXVI.

71 2239 132 2304 qaod
139 2242 222 2294 omnis
233 2241 330 2310 religio
343 2257 516 2310 paganorum
527 2241 598 2292 circa
609 2242 727 2294 dominer
740 2249 860 2294 mortuos
862 2237 953 2310 fuerat
963 2236 1080 2306 inspleta.
1118 2309 1120 2312 Ι
1174 2239 1175 2242 ’

115 2330 189 2388 Sane
202 2325 413 2387 advertendum
429 2335 474 2386 eit
487 2329 630 2404 quomodo
647 2332 704 2385 itte
717 2329 890 2406 Aegyptius,
915 2347 980 2384 eum
1000 2327 1081 2383 dole·
1118 2405 1127 2412 „

69 2421 103 2468 ιιι
120 2425 233 2488 tempus
251 2431 315 2468 esse
332 2421 506 2479 venturum,
532 2431 589 2486 quo
610 2413 663 2469 illa
681 2411 866 2468 auferrentur
876 2429 921 2467 ex
939 2413 1081 2487 Aegypto,

69 2511 127 2568 quae
138 2497 448 2553 fatereturamultum
462 2495 627 2551 errantibus
640 2503 670 2550 et
683 2493 855 2561 incredulus
870 2494 1033 2550 etacultu
1039 2493 1082 2549 di·
1133 2499 1134 2502 ’
1171 2541 1175 2550 .

17 2605 31 2614 =
68 2579 138 2634 rinae
149 2561 307 2655 religionis
318 2579 429 2634 eversis
445 2595 509 2632 esse
521 2579 670 2647 instituta,
684 2578 725 2632 ait
737 2579 815 2632 inter
829 2585 956 2632 caetera:
975 2575 1082 2647 „Tunc

68 2670 149 2726 „terra
163 2664 223 2717 ista
237 2660 423 2716 sanctissima
436 2659 518 2722 sedes
532 2659 714 2716 delubrorum
728 2669 815 2732 atque
828 2661 1017 2732 templorum,
1037 2678 1082 2712 ee·
1169 2685 1178 2702 ·

69 2744 240 2814 „palatorum
255 2743 312 2799 erit
323 2752 558 2816 mortuorumque
571 2743 747 2814 plenissima.
750 2742 771 2774 “
813 2742 905 2806 Quasi
919 2759 1020 2796 verosa
1012 2742 1083 2796 'illa
1126 2771 1129 2776 ·

68 2841 112 2881 non
124 2826 331 2894 auferrentur,
344 2843 403 2880 non
418 2833 516 2880 essent
529 2823 660 2880 homines
674 2825 822 2892 morituri,
836 2833 887 2886 aut
901 2824 970 2879 alibi
984 2832 1083 2878 essent

66 2910 158 2964 nortui
170 2905 302 2982 ponendi
314 2923 400 2982 quem
413 2909 444 2962 in
457 2917 545 2962 terra.
588 2905 627 2962 Et
639 2908 739 2980 utique
753 2915 861 2980 quanto
875 2908 939 2994 plus
951 2907 1083 2962 volvere—

65 2997 102 3044 ιιι
114 2991 253 3064 temporis
267 2999 298 3044 et
310 2988 438 3060 dierum,
462 2999 545 3046 tanto
569 2989 662 3045 maior
680 2998 756 3043 esset
776 2981 912 3044 uumerus
933 2989 1082 3060 sepulcro·

63 3087 130 3144 rum,
148 3081 269 3147 propter
281 3074 423 3129 merorem
435 3089 587 3128 numerum
600 3080 787 3135 martanorum.
830 3069 887 3128 Sed
900 3068 954 3124 boc
967 3069 1084 3125 videtur
1120 3121 1122 3124 .

64 3152 166 3224 dolere,
193 3153 273 3228 qnod
289 3153 447 3210 Memoriae
454 3149 643 3229 Martyrum
649 3164 818 3210 nostrornm
844 3155 957 3224 templis
984 3163 1111 3237 eorum·
1164 3201 1171 3222 q

64 3233 241 3310 delubrisque
255 3235 458 3294 succederent:
484 3246 518 3291 ut
529 3236 666 3294 videlieet
684 3237 732 3310 qui
747 3233 818 3292 haec
836 3237 938 3311 legunt
955 3234 1052 3286 animo
1066 3253 1084 3290 a

62 3318 136 3374 uobis
149 3337 256 3376 averso
270 3328 358 3392 atque
371 3335 517 3398 perverso,
524 3327 627 3392 putent
639 3337 657 3374 a
670 3321 790 3392 paganis
805 3317 873 3372 deos
887 3317 979 3375 cultos
993 3314 1083 3372 fuisse

61 3399 85 3456 iu
96 3402 225 3475 templis,
239 3419 258 3480 e
269 3400 353 3457 nobis
366 3410 462 3458 autem
475 3395 531 3456 coli
544 3399 672 3456 mortuos
686 3402 716 3455 in
730 3401 879 3474 sepulcris.
899 3395 993 3451 Tanta
1006 3399 1084 3456 enim
1156 3455 1157 3458 Ἴ

60 3477 205 3540 bomines'
197 3477 279 3568 ampii
293 3484 433 3553 caecitate
447 3485 477 3538 in
493 3492 604 3538 montes
618 3481 742 3556 quodam
755 3481 839 3536 nando
853 3477 1013 3548 offendunt,
1021 3497 1083 3536 res·

59 3567 225 3648 queoeulps
240 3541 458 3620 sbosfericnlea
472 3565 703 3633 noluutvidere,
730 3578 762 3618 ut
779 3579 838 3616 non
856 3560 1025 3634 attendant,
1029 3565 1083 3622 in

60 3649 188 3704 omnibus
202 3649 299 3702 literis
311 3665 489 3724 paganorum
502 3656 550 3702 aut
564 3663 624 3702 nun
640 3647 781 3715 inveniri,
810 3639 860 3698 aut
879 3645 931 3698 vix
951 3646 1083 3702 inveniri
1116 3683 1117 3686 =

61 3726 138 3800 lece,
165 3731 217 3803 qui
231 3747 290 3786 non
302 3727 434 3790 homines
445 3729 569 3798 fuerint,
594 3728 772 3799 mortuisque
786 3725 877 3780 divini
889 3724 1016 3780 honores
1035 3728 1105 3792 de-

61 3810 194 3876 Ιιιιίιίιιι.Ι
237 3812 349 3868 Omitto
363 3811 442 3886 quod
456 3812 548 3868 Varro
562 3810 648 3880 dicit,
662 3826 762 3863 omnes
775 3807 849 3865 ab'
824 3826 865 3863 ers
878 3819 1009 3864 mortuos
1023 3814 1085 3866 exi·
1096 3833 1108 3842 ²
