2340 4312
192 205 292 278 „nn
314 161 532 290 simulne
555 206 636 290 nri
658 205 737 265 nio.
759 208 835 265 xv.
877 279 880 285 s
923 169 927 174 ⁵
1019 219 1057 304 ⁵3

28 362 80 414 int
93 376 175 413 unus
189 359 306 428 noster,
321 367 350 412 et
363 358 461 435 decem
475 359 572 414 nostri
586 369 703 415 centum
714 346 840 416 illorum.
884 359 950 417 Hoc
963 365 1059 420 autem

28 443 213 496 alsissimum
234 444 313 509 esse,
339 441 513 495 documento
528 442 747 497 'evidentissimo
762 444 934 499 ostenditur.
977 447 1064 511 Quod

28 525 89 578 uite
106 541 198 596 quarn
211 524 333 592 faciam,
361 541 423 578 non
435 523 507 578 mihi
520 524 675 604 tacendum
687 525 818 594 videtur,
845 545 920 600 quae
935 526 1059 582 erchbi-

27 607 74 660 ior
87 607 187 679 possit
200 624 262 660 csse
277 606 415 678 suspicio.
447 605 617 661 Poteramus
633 617 711 662 certe
724 607 799 684 hanc
813 607 1067 664 asseverationem.

28 706 57 741 :x
71 688 219 743 Hebraeis
233 685 382 754 codicibus
398 688 576 765 redarguere
590 699 677 764 atque
691 693 883 759 convincere,
906 690 1060 746 ubi‘Adam
1091 761 1096 767 Ι

28 787 79 834 ion
100 771 294 825 ducentorum
315 772 454 847 triginta,
481 772 531 826 scd
546 781 661 827 eentum
676 767 797 849 triginta
810 761 956 829 annorum
969 774 1060 829 fuisse

28 853 329 932 reperitur‚,quando
347 855 467 909 tertium
481 853 585 931 genuit
596 854 705 928 lilium:
731 857 782 929 qui
794 859 866 912 anni
879 858 905 910 si
918 855 1060 910 tredecim

28 939 121 992 sesni
136 946 217 1012 sun-t,
231 937 332 1008 procul
347 935 432 991 dubio
446 939 571 1008 primum
586 940 703 1013 genuit,
718 939 832 1012 quando
845 939 998 995 duodecim
1010 940 1059 994 rel

28 1036 84 1075 non
103 1020 194 1073 multo
213 1019 334 1094 amplius
353 1037 498 1074 annorum
514 1020 579 1074 fuit.
623 1021 694 1085 Quis
713 1031 809 1094 potest
829 1021 883 1076 llae
896 1021 994 1077 aetate
1006 1040 1059 1098 ge·

28 1100 134 1157 nei-are¹
144 1103 251 1156 usitata
264 1101 322 1164 ista
335 1102 478 1174 nobisque
492 1103 643 1156 notissima
658 1104 722 1178 lege
734 1101 876 1159 naturaei
909 1103 968 1160 Sed
981 1102 1059 1160 bunc

28 1187 207 1254 amittamus,
224 1185 274 1257 qui
287 1183 412 1238 fortasse
426 1185 513 1238 etiarn
528 1185 641 1258 quando
657 1194 771 1240 creatus
785 1195 845 1257 est,
859 1189 963 1260 potuit.
991 1186 1058 1242 Non

28 1270 102 1322 mim
127 1285 191 1322 eum
213 1275 274 1320 tam
297 1279 433 1342 pagrum,
460 1283 545 1340 quani
568 1267 697 1322 infantes
722 1270 817 1322 nostri
841 1269 930 1339 sunt,'
949 1269 1058 1324 factum
1121 1293 1122 1296 ¹

27 1345 115 1407 'trisse
124 1391 142 1422 ‚f
153 1347 290 1403 credibile
304 1357 357 1403 cst.
401 1347 459 1403 Sed
472 1349 627 1404 filiuseius
642 1367 702 1404 non
717 1349 912 1405 ducentorum
921 1354 1058 1426 quinque,
1077 1383 1080 1387 -

28 1431 99 1490 licut
122 1450 176 1488 nos
198 1433 342 1508 legimus,
368 1429 420 1486 sed
439 1440 557 1486 eentum
577 1434 705 1506 quinque
723 1429 797 1502 fuit,
824 1433 941 1506 quando
956 1436 1059 1510 genuit

28 1509 117 1572 dnos:
144 1533 179 1570 ac
192 1533 244 1587 per
256 1513 329 1582 hoc,
356 1515 516 1570 secundum
529 1516 617 1584 istos,
645 1513 1065 1574 nondumlmbebatundeci-m‘

28 1615 113 1654 innos
129 1599 241 1653 aetatis.
264 1596 345 1662 Quid
358 1597 451 1651 dicam
464 1597 500 1651 dc
513 1596 635 1652 Cainam
649 1598 710 1650 eius
724 1595 801 1666 lilio,
815 1600 864 1670 qui
881 1599 971 1670 quum
981 1596 1058 1669 apud

28 1695 72 1736 ros
87 1691 205 1736 centurn
219 1682 407 1756 septuaginta
420 1680 599 1752 reperiatur,
621 1679 695 1752 apud
709 1669 858 1734 Hebraeos
873 1681 1058 1756 septuaginta
1133 1739 1135 1746 y

28 1767 128 1841 egitur
149 1763 259 1832 fuisse,
289 1763 403 1836 quando
427 1765 531 1839 genuit
543 1758 713 1818 lllalalehell
740 1764 810 1828 Quis
830 1770 953 1837 generat
971 1745 1066 1818 bornox
1096 1789 1097 1792 ¹

28 1849 184 1920 eptennis,
200 1847 226 1900 si
240 1856 310 1916 tunc
326 1847 396 1901 anni
410 1845 869 1928 septuaginta'nuncupabantur,
884 1845 934 1917 qui
948 1853 1056 1918 septem
1118 1837 1123 1842 ’

28 1927 155 1987 uerunt?
526 1997 528 2002 y

401 2011 519 2069 C‘AP.
562 2010 681 2086 XIII.
728 2022 730 2026 '
802 2049 806 2053 -

28 2102 61 2161 Ia
70 2110 99 2162 ia
109 2109 324 2162 direeemermione
335 2125 480 2170 erratorum,
491 2103 674 2158 Hebraeorum
684 2107 771 2175 retegis
781 2121 860 2174 quam
872 2106 1055 2174 Septuaginta

219 2198 222 2204 ·
264 2177 444 2245 interpretum
454 2177 490 2228 eit
501 2178 632 2244 sequendo
643 2177 801 2227 auctoritas.

82 2266 141 2324 Sed
155 2261 244 2342 quum
263 2265 318 2324 boc
337 2267 439 2322 dixero
447 2305 456 2335 ,
483 2253 621 2336 qontinuo
635 2265 783 2332 referetur
796 2265 871 2320 illud
881 2265 1053 2320 Iudaeorum

28 2363 82 2405 asse
95 2352 296 2420 mendaciun13
311 2349 345 2404 dc
360 2368 415 2423 quo
429 2349 567 2420 superius
577 2349 648 2402 satis
663 2353 760 2414 aetion
774 2359 835 2404 est:
846 2369 913 2404 narn
927 2347 1052 2421 Septua-
1112 2417 1116 2434 Ι

28 2431 101 2502 ginta
116 2436 291 2506 interpretes
310 2431 493 2486 laudabiliter
511 2431 671 2484 celebratos
685 2433 765 2486 viros
779 2433 910 2502 potuisse
925 2433 1051 2485 mentiri.

28 2509 71 2570 lbi
87 2519 114 2570 si
128 2510 282 2590 quaeram,
298 2513 368 2589 quid
383 2514 424 2568 sit
437 2503 619 2588 credibilius,
645 2511 819 2584 Iudaeorum
840 2521 1052 2588 gentem,·tam
1102 2525 1107 2532 ·

29 2612 106 2675 unge
124 2600 240 2672 lateque
254 2596 406 2666 diffusam,
432 2597 464 2650 in
478 2591 532 2648 hoe
547 2587 787 2649 conscribendum
800 2587 981 2669 mendaciaqn
993 2607 1052 2650 rino

28 2683 140 2736 musitio
154 2682 323 2754 conspirare
336 2679 479 2752 potuisse,
494 2681 523 2730 c't
536 2675 604 2750 duni
615 2678 680 2730 aliis
688 2675 824 2732 inviderit
831 2679 1052 2748 auctoritatem,

28 2758 70 2818 ibi
89 2764 246 2819 abstulisse
259 2763 434 2831 ‘veritatem3
465 2778 502 2814 an
517 2755 703 2836 septuaginta
720 2757 870 2827 homines,
899 2760 949 2831 qui
965 2763 1052 2814 etium

28 2849 71 2913 psi
89 2845 189 2900 Iudaei
212 2855 314 2915 erant,
340 2845 371 2899 in
391 2844 533 2898 uno‘loco
553 2843 694 2914 positos,‘
707 2842 845 2915 quoniam
857 2851 912 2916 rex
925 2839 1053 2916 Aegypti

28 2919 199 2984 ‘tolomaeus
215 2947 265 2982 eos
281 2925 384 2982 adhoc
398 2943 468 3000 opus
483 2923 661 2995 adsciverat,
680 2927 772 2996 ipsam
785 2924 1050 2997 veritatcm'gcnti·

28 3025 68 3068 *us
83 3012 260 3087 alienigenis
275 3009 431 3078 invidisse,
460 3017 489 3062 et
513 3009 724 3084 communicato
744 3005 828 3088 istud
851 3014 922 3060 tune
945 3005 1051 3060 fecisse

28 3095 153 3150 basilio:
182 3095 246 3166 quis
261 3111 320 3148 non
333 3091 432 3147 videat
446 3089 515 3163 quid
531 3089 688 3162 proclivius
708 3089 879 3162 faciliusque
898 3083 1052 3142 eredaturl

28 3172 73 3232 led
88 3177 166 3232 absit
179 3183 212 3230 ut
225 3175 353 3249 prudens
368 3175 526 3248 quispiam,
541 3173 588 3227 vel
602 3171 721 3227 ludaeos
737 3172 893 3227 cuiuslibet
905 3171 1051 3242 perversi-

28 3263 81 3316 atis
107 3268 195 3332 atque
219 3259 347 3312 malitiae
371 3265 486 3322 tantum
509 3249 639 3328 potuisse
658 3253 758 3310 credat
775 3255 806 3309 in
827 3252 974 3332 codicibus
992 3259 1052 3306 tarn
1074 3327 1075 3330 Ἴ

28 3345 113 3399 uultis
127 3351 157 3395 et
171 3349 232 3394 tam
246 3342 334 3415 longe
348 3337 463 3410 lateque
478 3335 630 3410 dispersis3
644 3340 691 3393 vel
705 3336 898 3412 Septuaginta
911 3327 976 3389 illos
990 3351 1051 3388 rne-

28 3425 171 3482 iorabiles
192 3425 273 3494 viros
292 3421 346 3476 hoc
365 3419 400 3474 de
415 3417 571 3474 invidenda
584 3420 719 3495 gentibus
732 3421 856 3474 veritate
870 3431 959 3472 unum
971 3434 1051 3472 com-

28 3511 183 3565 mnieasse
199 3505 364 3560 consilium:
378 3513 385 3518 “
397 3500 571 3558 credibilius
586 3519 656 3578 crgo
671 3502 735 3574 quis
751 3499 874 3568 dixerit,
889 3517 976 3572 quum
991 3500 1051 3572 pri-

27 3612 92 3647 rum
106 3589 143 3643 dc
156 3584 333 3642 bibliotheca
346 3583 504 3640 Ptolemaei
518 3583 643 3637 describi
655 3584 713 3636 ista
726 3591 900 3653 coeperunt,
915 3589 986 3652 tunc
998 3583 1051 3635 ali-

28 3674 80 3730 uid
95 3673 155 3727 talc
169 3668 239 3722 ficri
249 3669 377 3740 potuisse
390 3667 421 3719 in
436 3665 532 3730 codice
546 3683 621 3732 uno,
639 3665 759 3718 scilicet
771 3663 911 3734 primitus¹
921 3662 988 3716 inde
999 3664 1052 3718 dc-

28 3759 140 3830 cripto‚
165 3748 247 3804 unde
261 3751 317 3804 iam
330 3749 416 3802 latius
430 3755 593 3815 emanaret,
619 3745 669 3800 ubi
683 3745 778 3824 potuit
791 3743 912 3817 quidem
921 3741 1053 3800 accidere
1103 3743 1115 3767 ‘'

28 3843 100 3897 tiam
114 3831 275 3905 scriptoris
289 3847 377 3886 error.
421 3826 480 3884 Sed
497 3827 551 3882 boc
569 3828 601 3883 in
615 3827 666 3910 illa
680 3827 853 3898 quaestione
868 3825 903 3880 dc
917 3828 1052 3904 vitella
1083 3897 1084 3902 ἵ
