2340 4320
104 176 111 184 ’
202 210 260 265 rsa
309 163 313 288 J
373 153 375 158 ⁸
427 178 1011 288 urvrnvanannvavsurm
1063 269 1072 282 „

191 369 296 425 ¹autem
310 357 374 414 ideo
389 356 595 432 praenuntiant
608 353 818 436 aegritudines,
836 352 1042 426 nonsinspecto
1057 372 1126 410 eone

64 477 66 488 ι
127 451 130 472 “
200 435 246 499 nis
259 442 429 516 horoscope,
444 440 511 513 quia
523 439 654 494 indicant
668 456 716 492 cas
729 447 874 493 momenta
886 438 1087 508 nascentium
1106 456 1126 512 q'

191 527 236 582 ¹do
246 527 378 582 dicerent
385 522 502 580 cuilibet
510 539 608 577 eorum
615 523 798 598 geminorum
805 538 841 574 cx
848 521 1011 576 nativitatis
1019 519 1102 593 hora,
1113 540 1126 594 q

199 619 402 687 aegrotaturus
415 613 503 676 esset,
516 623 579 659 cum
591 613 621 659 ct
633 606 706 660 alter
719 607 768 678 qui
781 623 840 659 nen
855 601 979 658 habebat
993 601 1117 660 eandem

147 737 148 740 ,
199 679 373 760 nativitatis,
392 705 512 744 neccsse
525 685 646 742 haberet
657 688 767 760 pariter
779 681 950 763 aegrotaret
977 683 1096 742 Deinde
1110 705 1126 762 q

200 779 224 831 si
238 785 320 832 tanta
333 773 472 827 distantia
485 779 531 824 est
543 772 679 844 temperis
693 772 724 825 in
738 771 890 826 nativitate
904 770 1114 845 geminorum,⁴

191 858 273 930 ¹harno
288 863 420 931 oporteat
433 855 475 908 cis
490 855 725 908 constellationes
739 852 804 908 ficri
823 852 977 922 diversas,
997 862 1126 928 propter¹

179 997 182 1006 ,
200 961 262 996 sum
275 939 477 1010 horoscopum,
492 945 522 990 et
535 937 570 992 ob
583 933 638 991 hoc
652 936 783 991 divertes
792 953 897 992 omues
912 935 1065 1006 cardines,
1088 938 1126 993 ub

199 1025 243 1079 vis
257 1024 386 1096 punitur,
405 1029 436 1075 ut
448 1018 516 1074 hine
529 1020 616 1074 etiam
630 1019 744 1074 diverse
758 1019 919 1090 sintlata3-
933 1018 1009 1074 unde
1022 1018 1082 1075 hoc
1099 1039 1126 1076 ar

59 1135 64 1146 =
158 1094 160 1100 ¹
199 1108 303 1180 potuit,
318 1123 381 1159 curn
397 1121 495 1158 corum
509 1110 670 1176 conceptus
680 1101 827 1240 dipersum
841 1109 952 1176 tempus
965 1100 1077 1160 habere
1091 1123 1126 1160 nt

200 1185 256 1243 sitl
278 1189 335 1243 llut
349 1189 374 1241 si
385 1179 510 1241 ‘duorum
523 1205 581 1240 uno
593 1203 707 1240 unomen
722 1204 738 1241 o
752 1185 890 1259 temporis
904 1195 1116 1258 conceptorum

168 1293 170 1298 ¹
200 1281 268 1326 runt
282 1289 345 1324 csse
358 1269 393 1324 ad
406 1267 585 1326 nascendum
597 1268 657 1324 lata
670 1266 814 1341 disparia,
831 1285 894 1328 ‚cur
912 1285 970 1323 non
990 1276 1020 1324 ct
1034 1268 1126 1326 duoru

200 1363 345 1408 momente
360 1355 510 1425 temperis
527 1361 671 1407 ¹natorum
697 1353 811 1424 possint
830 1350 950 1412 essead
968 1352 1126 1408 vivendus

199 1435 382 1492 moriendum
395 1437 454 1491 fata
469 1431 613 1509 dispariai
640 1433 857 1500 Nemeaeum
869 1443 1063 1506 momentum,
1078 1454 1126 1510 qur

199 1521 333 1594 concepti
345 1529 424 1589 sunt,
438 1537 502 1575 non
511 1518 670 1592 impedivit,
684 1527 716 1574 ut
728 1521 802 1574 alter
816 1519 906 1590 prior,
930 1520 1003 1575 altcr
1016 1529 1126 1592 poster

199 1615 341 1674 secretur3
355 1622 417 1673 cur,
432 1621 490 1658 uno
504 1611 649 1658 momente
664 1603 689 1657 si
702 1601 758 1657 due
772 1609 942 1672 nascuntur,
958 1603 1126 1676 impediata

199 1697 233 1742 ut
246 1689 319 1743 alter
331 1689 425 1760 prior,
445 1687 520 1740 alter
533 1686 678 1758 posterior
690 1680 848 1740 moriatur?
874 1681 908 1740 Si
921 1688 1078 1758 conceptio
1093 1705 1126 1742 m

199 1773 284 1827 unius
299 1771 428 1826 divenses
442 1786 526 1824 casus
540 1770 571 1822 in
584 1779 667 1824 utero
677 1769 809 1844 geminos
822 1765 928 1842 habere
939 1771 1103 1840 permittit3
1119 1792 1126 1825 r

198 1857 297 1910 tivitar
311 1853 450 1908 momenti
462 1853 548 1906 unius
563 1870 622 1906 non
637 1853 724 1906 ctiam
743 1851 886 1925 quoslibet
906 1850 978 1907 dues
994 1853 1024 1906 in
1040 1862 1124 1908 terra

199 1957 245 1992 sos
260 1955 343 1992 casus
356 1935 464 1990 habere
475 1934 639 2008 permittat,
666 1952 700 1989 ac
715 1935 758 1990 sie
771 1935 868 1996 onmia
884 1933 969 1990 huius
983 1937 1058 1991 artis
1074 1938 1126 1992 vel

197 2021 336 2075 vanitatis
349 2026 509 2096 commenta
522 2013 680 2072 tollantur?
707 2016 782 2084 Quid
800 2026 845 2081 est
857 2015 910 2073 hoc
924 2018 1000 2092 quod
1013 2037 1076 2075 uno
1092 2028 1124 2074 tc

141 2145 143 2148 -
197 2107 433 2170 momumento,
459 2099 511 2170 sub
531 2116 590 2154 una
609 2099 766 2173 cademque
784 2102 858 2157 coeli
875 2103 1020 2175 positione
1035 2122 1126 2158 conce

198 2173 283 2258 versa
296 2181 403 2260 habent
415 2183 485 2254 fata,
509 2200 583 2257 quae
597 2184 662 2237 illos
675 2184 835 2258 perducant
846 2184 883 2254 ad
897 2183 1082 2244 diversarum
1096 2185 1127 2242 ht

199 2268 395 2335 nativitatem,
416 2276 516 2322 etune
531 2276 676 2322 momento
691 2269 827 2341 temporis
844 2266 895 2323 sub
909 2285 967 2346 unp
982 2267 1126 2344 eademqu

192 2349 343 2424 positione
357 2348 392 2404 de
406 2349 668 2405 duabus-matribus
683 2349 739 2406 duo
753 2352 862 2424 pariter
875 2351 949 2420 nati,
972 2350 1093 2412 diversa
1108 2353 1126 2408 fi

147 2437 151 2444 '
198 2435 266 2489 berc
280 2450 340 2487 nen
354 2441 485 2507 possunt,
508 2450 580 2506 quae
594 2433 659 2488 illos
670 2433 829 2506 perducant
841 2433 877 2488 ad
890 2432 1034 2490 diversam
1050 2437 1126 2492 vive:

192 2514 342 2573 moriendi
353 2512 574 2572 necessitateml
600 2516 645 2572 An
659 2518 794 2591 concepti
806 2516 936 2572 noudum
947 2515 1057 2576 habent
1071 2519 1126 2576 fata

199 2602 256 2655 nisi
269 2609 439 2671 nascantur,
464 2599 571 2655 habere
585 2617 644 2656 taen
658 2595 832 2672 potuerunt?
859 2599 935 2668 Quid
948 2610 993 2656 cst
1006 2619 1081 2678 crgo
1095 2621 1126 2676 qr

103 2699 104 2706 ¹
199 2681 278 2753 crint,
293 2685 318 2737 si
331 2682 402 2740 hora
417 2684 644 2756 conceptionalis
656 2685 834 2752 invenietur,
855 2685 943 2738 multa
957 2682 1074 2739 abistis
1089 2685 1126 2740 ἀί.

198 2787 228 2821 se
243 2762 367 2822 div-iniri
390 2764 474 2821 Vnde
487 2767 574 2821 etiam
587 2765 657 2822 illud
670 2783 687 2820 a
699 2767 849 2822 nonnullis
863 2765 1059 2840 praedicatur,
1074 2786 1126 2843 qus

135 2879 137 2883 f
189 2850 264 2904 dam
277 2851 393 2921 sapiens
408 2846 508 2903 horam
522 2850 625 2926 elegit,
652 2867 708 2923 qua
721 2865 890 2905 eum‘uxore
903 2851 1126 2924 concumberet,

197 2932 288 2986 filium
301 2931 462 2986 mirabilem
475 2931 620 3008 gigneret.
647 2929 729 2987 Vnde
743 2940 888 3007 postremo
903 2931 999 2988 ethoc
1013 2943 1076 3004 est,
1103 2953 1126 3010 q*

188 3017 255 3070 ,illis
269 3013 377 3087 pariter
391 3014 608 3090 aegrotantibus
626 3017 751 3090 geminis
762 3014 950 3080 Poseidonias
963 3035 1089 3093 magnus
1104 3037 1126 3074 ar

43 3119 45 3128 ’
91 3140 97 3156 s
197 3116 251 3176 gus
266 3092 397 3170 idemque
411 3094 595 3170 philosophus
616 3098 825 3170 respondebat,
851 3098 916 3154 ideo
932 3098 1013 3166 ficri,
1034 3100 1114 3174 quod

196 3193 326 3256 tempore
340 3181 466 3254 fuissent
478 3182 550 3250 nati,
564 3179 723 3255 sedemque
737 3183 879 3256 concepti.
907 3181 981 3236 Nam
995 3183 1098 3257 utiquc
1112 3204 1126 3259 p

196 3263 251 3320 hoc
265 3263 387 3320 addebat
400 3265 630 3338 conceptionem,
644 3282 682 3319 ne
696 3264 842 3320 diceretur
856 3266 883 3320 ci
897 3283 956 3319 nen
970 3264 1006 3320 ad
1019 3266 1126 3340 liquidi

197 3348 262 3412 dem
271 3357 401 3422 tempore
412 3349 540 3421 potuisse
553 3349 644 3418 nasci,
659 3365 730 3422 quos
745 3347 894 3404 constabat
905 3349 1024 3403 omnino
1039 3351 1126 3406 ceder

184 3449 265 3504 -pore
279 3431 370 3487 fuisse
386 3439 557 3504 conceptos3
584 3440 617 3486 ut
628 3429 683 3486 hoc
696 3430 772 3505 quod
785 3432 918 3486 similiter
932 3432 1078 3506 simulque
1093 3453 1126 3490 ae

90 3515 91 3518 ’
182 3513 281 3585 bant,
302 3533 362 3590 npu
376 3515 458 3570 daret
472 3513 508 3568 dc
520 3516 653 3587 proximo
673 3515 737 3588 pari
755 3515 885 3588 corporis
905 3521 1126 3588 temperamenta

197 3598 318 3653 eandem
331 3616 444 3672 quoquc
457 3597 630 3653 valetudinis
648 3597 822 3672 parilitatem
840 3596 963 3652 sidereis
982 3600 1112 3658 rrcxibus

180 3689 248 3733 :ret
264 3679 297 3735 Si
310 3682 400 3757 igitur
413 3682 445 3736 in
459 3687 598 3752 conceptu
611 3688 691 3734 tanta
704 3681 748 3735 vis
763 3688 807 3734 est
820 3678 856 3734 ad
869 3681 1077 3753 aequalitatem
1092 3686 1126 3742 fa·

180 3779 254 3816 -non
270 3761 429 3818 debuerunt
449 3760 592 3818 nascendo
612 3762 711 3817 eadem
730 3762 789 3817 fata
807 3764 920 3818 mutari.
952 3763 1010 3819 Aut
1030 3768 1056 3821 si
1075 3788 1126 3843 pro

195 3851 340 3904 mutantur
354 3845 411 3900 fata
426 3847 622 3922 geminorum,
643 3847 711 3920 quie
724 3845 899 3919 temporibus
913 3845 1038 3904 diversis
1055 3871 1126 3912 uasa
