2310 4306
145 205 207 280 oa
224 208 449 280 o1v1rrrn
471 209 550 270 oar
572 207 653 272 ιιιι.
675 209 806 272 xvnr.
867 195 879 202 “
901 168 993 278 χιιι

17 375 76 418 seo
86 347 168 418 aiunt
180 377 281 430 semen
294 361 326 417 in
339 367 465 431 terram,
491 369 577 435 atque
590 359 660 416 inde
672 359 782 417 homini
795 349 865 420 nato
880 363 916 418 ob
930 381 994 424 eam
1067 379 1068 382 ’

17 445 148 499 tantalo
161 442 288 498 inditum
301 459 417 497 nomen.
454 441 569 498 Graeca
589 444 667 498 enim
685 445 787 520 lingua
801 437 859 522 ’ἔρις
873 449 994 502 conten'-
1053 495 1063 503 ..

26 535 77 580 .et
92 519 342 601 xodvptcrra'csn
369 525 523 597 exquibus
537 523 1014 598 duobus‘compositumvocabuf
1120 541 1122 546 ⁴

31 600 81 662 est
92 605 311 662 Erichthonius.
339 604 461 676 Verum,
486 605 562 680 quod
575 606 723 671 fatendum
739 617 792 678 est,
814 607 952 664 refellunt
966 618 996 665 et
1013 661 1016 664 .

21 687 57 743 is
69 688 123 744 diis
138 689 285 762 repellunt
297 689 355 742 ista
368 687 525 758 doctiores,
549 685 602 761 qui
612 687 689 744 banc
703 687 869 762 opinionem
882 683 995 746 fabulo·
1050 751 1056 756 ,

29 767 103 828 ltine
117 779 251 826 exortam
262 770 379 839 ferunt,
408 771 475 843 quia
486 772 518 826 in
531 772 636 853 templo
651 769 774 828 Vulcani
788 781 818 828 et
831 772 995 844 Minervae,

17 847 35 904 l
53 853 134 908 ambo
145 867 237 909 unum
247 850 391 914 habebant
401 849 535 922 Athenis,
550 854 698 925 expositus
711 856 851 910 inventus
865 863 910 912 cst
921 873 996 929 puer
1088 869 1098 884 ⁸

17 937 265 1004 asnainvolutus,
292 935 343 1007 qui
361 951 426 988 eum
445 925 624 1010 significavit
636 953 773 1012 magnum
792 936 941 1006 futurum,
968 945 998 994 et

17 1026 80 1094 ster
93 1034 247 1072 commune
259 1017 414 1088 templum,
440 1032 529 1089 quum
543 1025 643 1072 essent
660 1029 796 1088 parentes
812 1021 874 1074 eius
889 1021 996 1096 ignoti,
1032 1043 1034 1046 ·

17 1102 83 1156 rani
102 1110 132 1155 et
146 1095 424 1154 Minervae'dictum
446 1115 511 1158 csse
534 1098 649 1168 lilium:
668 1102 795 1158 nominis
817 1110 913 1158 tamen
932 1104 997 1156 cius

17 1181 107 1236 vinem
126 1171 226 1236 fabula
245 1181 296 1235 illa
312 1181 409 1252 potius
427 1198 512 1253 quarn
532 1182 589 1236 ista
607 1180 743 1256 designat
760 1180 893 1240 historia.
937 1182 997 1240 Scd
1073 1213 1076 1216 ·

39 1264 77 1320 ad
92 1259 167 1320 nosi
192 1261 258 1318 Hoc
282 1259 383 1335 [quum
396 1258 458 1334 isti]
479 1263 511 1318 in
530 1261 683 1322 veracibus
701 1263 784 1318 libris
801 1263 934 1321 homines
948 1267 995 1322 in-

17 1358 55 1402 at
69 1340 247 1420 [instruant]
262 1345 428 1420 religiosos,
455 1344 527 1399 illud
540 1347 572 1400 in
585 1344 735 1400 fallacibus
749 1346 825 1402 ludis
840 1347 999 1404 daemones

17 1438 85 1484 atet
98 1430 246 1502 impuros:
270 1444 343 1500 quos
356 1436 465 1482 'tamen
488 1428 533 1483 illi
554 1426 688 1502 religiosi
706 1435 845 1500 tanquam
863 1428 934 1484 deos
947 1449 996 1486 co·

21 1524 34 1577 ;
51 1521 83 1566 et
97 1528 188 1584 quum
200 1510 236 1564 de
251 1511 309 1564 illis
322 1507 394 1564 lraec
408 1518 530 1586 negant,
544 1509 580 1565 ab
594 1510 674 1564 omni
688 1527 738 1564 cos
754 1511 876 1564 crimine
888 1529 998 1587 purga·

17 1609 63 1649 on
77 1601 221 1666 possunt,
245 1591 384 1665 quoniam
401 1591 485 1658 ludos
505 1593 547 1646 eis
566 1591 752 1665 poscentibus
766 1589 923 1664 exhibent,
949 1592 1009 1648 ub‘r
1081 1654 1083 1656 ,

20 1674 85 1731 iter
97 1683 242 1750 aguntur,
256 1674 419 1746 quaevclut
433 1674 581 1747 sapienter
594 1681 752 1748 negantur,
766 1681 796 1734 et
810 1671 856 1728 his
870 1674 952 1729 falsis
965 1691 1001 1730 ac

17 1755 91 1813 ibus
107 1755 150 1810 dii
162 1757 332 1828 placantur,
354 1754 404 1810 ubi
423 1757 479 1810 etsi
498 1755 597 1811 fabula
610 1764 710 1810 cantat
722 1756 832 1811 crimen
847 1756 1001 1812 numinum

17 1855 74 1912 pm,
89 1838 231 1894 delectari
245 1847 340 1894 tamen
356 1836 431 1894 falso
445 1839 580 1909 crimine,
594 1838 705 1894 crimen
720 1847 766 1893 est
777 1855 889 1894 verum.

282 2041 283 2044 a
336 1958 463 2060 cnr.
505 1987 625 2060 xui.

17 2099 92 2156 ls'tsm
103 2097 269 2172 fabularum
276 2096 413 2166 figmenta
428 2106 525 2152 exorta
540 2098 597 2154 sint
613 2115 643 2150 eo
658 2105 788 2166 tempore,
807 2113 858 2167 quo
867 2097 1002 2151 Hebraeis

281 2166 385 2218 ludices
390 2182 516 2233 praeesse
526 2176 680 2234 coeperunt.
759 2217 761 2222 .

17 2251 97 2314 Post
109 2265 235 2312 mortem
247 2253 314 2310 lesu
326 2253 410 2322 Nave
419 2255 431 2326 ,‘
454 2243 577 2331 populus
592 2256 651 2313 Dei
664 2255 778 2313 ludices
796 2255 908 2326 habuit,
935 2257 1001 2331 qni-

18 2340 210 2414 temporibus
225 2339 448 2394 alternaverunt
461 2338 539 2412 apud
554 2357 606 2394 eos
621 2349 651 2396 et
669 2336 1001 2418 humilitatcsloborum
1092 2353 1097 2360 ·

21 2439 133 2480 eorum
146 2421 286 2494 peccatis,
300 2429 331 2475 ct
343 2423 552 2494 prosperitates
568 2422 801 2477 consolationum
813 2419 933 2494 propter
947 2423 1002 2476 mi-

17 2508 145 2562 ·tionem
158 2503 224 2559 Dei.
263 2501 319 2558 His
332 2502 510 2576 temporibus
524 2499 640 2558 fabulae
652 2503 738 2558 fictae
752 2514 821 2557 sunt
833 2503 869 2558 de
883 2501 1002 2576 Tripto-

17 2603 52 2658 ι,
78 2585 160 2661 quod
172 2587 294 2642 iubente
308 2584 432 2656 Cerere,
458 2584 604 2661 anguibus
616 2587 748 2658 portatus
762 2584 898 2655 alitibus,
925 2585 1003 2641 indi-

17 2672 102 2728 tibus
126 2670 217 2724 terris
243 2669 391 2724 frumenta
414 2667 539 2734 volando
567 2667 741 2722 contulerit:
768 2665 803 2720 do
822 2663 1003 2742 Minotauro,
1062 2669 1064 2674 ’

17 2749 152 2810 ΙίΙιοιιίιι
165 2752 255 2807 fuerit
269 2751 384 2807 inclusa
395 2745 593 2824 Labyrintho3
620 2766 675 2822 quo
694 2766 759 2804 cum
777 2749 939 2820 intrassent
951 2747 1002 2804 ho·
1029 2815 1033 2820 ἱ

19 2851 78 2906 es,
99 2833 301 2892 inextricabili
315 2849 429 2901 errore,
444 2829 512 2888 inde
527 2829 609 2892 ciire
623 2849 684 2887 non
697 2839 848 2905 poterant:
876 2830 911 2885 de
925 2830 1002 2887 Cen-

17 2920 84 2990 ris,
104 2907 182 2992 duod
205 2913 352 2991 equorum·
366 2915 574 2988 hominumque
595 2914 690 2970 fauerit
707 2923 813 2970 natura
833 2914 1003 2972 coniuncta:

17 2995 161 3070 Cerbero,
191 2999 269 3075 quod
292 3001 331 3055 sit
354 3000 462 3072 triceps
484 2996 646 3054 inferorum
666 2997 763 3054 oanis:
792 2996 828 3052 de
842 2995 961 3072 Phryxo
976 3007 1006 3052 et

17 3080 53 3140 le
73 3085 136 3140 eins
150 3099 267 3153 sorore,
294 3080 371 3156 quod
387 3082 468 3138 vecti
486 3082 578 3138 ariete
595 3082 774 3138 volaverint:
802 3079 837 3136 de
852 3080 1009 3157 Gorgone,

19 3166 150 3222 afuerit
163 3167 271 3220 crinita
289 3165 489 3237 serpentibus,
516 3173 545 3219 et
559 3161 753 3238 adspicientes
769 3163 960 3219 convertebat
972 3165 1004 3218 in

17 3249 95 3307 sdes:
123 3249 159 3305 dc
172 3246 415 3322 Bellorophonte,
441 3243 530 3323 qnod‘
540 3243 615 3323 equo
635 3249 739 3322 pennis
759 3248 877 3302 volante
896 3246 935 3300 sit
951 3263 1004 3302 vc·
1055 3259 1060 3265 ’

17 3343 51 3405 Ι,
65 3334 115 3408 qui
129 3349 221 3407 equus
234 3330 366 3408 Pegasus
381 3330 475 3387 dictus
490 3339 550 3388 est:
578 3331 614 3386 dc
626 3329 804 3404 Amphione,
821 3327 898 3402 quod
912 3327 1005 3384 citha-

39 3418 185 3474 suavitate
204 3414 313 3489 lapides
333 3414 466 3469 mulserit
479 3423 509 3470 et
521 3415 690 3470 attraxerit:
717 3411 848 3466 delabro
862 3409 1005 3481 Daedalo,

17 3501 85 3554 eius
104 3497 165 3554 filio
182 3497 283 3568 Icaro,
308 3495 384 3570 quod
401 3496 457 3552 sibi
478 3499 621 3570 coaptatis
638 3496 744 3570 pennis
761 3494 942 3549 volaverint:
970 3492 1007 3564 de

17 3573 101 3656 lipo,
127 3582 180 3658 qui
191 3590 357 3636 monstrum
370 3577 527 3653 quoddam,
541 3577 617 3655 quod
630 3577 758 3654 'sphinga
771 3575 937 3645 dicebatur,
948 3573 1005 3630 bu·
1035 3591 1040 3600 “

17 3675 60 3720 na
72 3666 147 3721 facie
161 3661 378 3738 quadrupedem
396 3658 604 3737 [quadrupes],
632 3662 726 3716 soluta
740 3675 813 3731 quae
827 3657 862 3712 ab
875 3659 926 3712 illa
939 3675 1007 3731 pro-

17 3745 48 3800 li
59 3749 168 3804 solebat
181 3749 264 3806 velut
278 3744 428 3801 insolubili
442 3747 630 3819 quaestione,
654 3760 710 3798 suo
723 3739 896 3817 praecipitio
910 3740 1008 3814 perire

17 3827 164 3903 repulerit:
189 3830 225 3888 de
239 3833 369 3902 Antaeo,
396 3845 483 3903 quem
506 3828 623 3886 necavit
640 3825 800 3895 Hercules,
828 3821 905 3899 quod
928 3821 1008 3882 lilius

653 3907 782 3970 M2,
