2266 4312
180 176 481 298 onerantur
508 211 588 290 our
610 186 698 272 arn.
719 189 810 271 xiv.
859 189 862 192 ’
975 167 1038 292 ιι,

254 317 262 333 ’
375 364 497 423 cin
540 347 716 421 xr.·

1 465 94 530 lapsu
101 459 194 530 primi
204 459 327 524 cornicis,
337 460 366 512 in
377 443 427 530 quo
439 460 501 513 bene
510 457 618 514 condito
628 469 731 514 natura
742 471 790 526 est,
807 478 854 514 nec
861 470 952 530 potest
960 461 1014 515 triti

307 533 388 581 'aeuo
400 529 518 583 Auctore
528 531 664 599 reparari,
701 542 707 546 “
848 561 850 564 -
963 548 964 551 ’
1021 551 1032 598 Ι

19 619 88 678 Sed
102 621 175 694 quia
191 618 275 675 Deus
294 628 401 675 cuncta
414 621 601 693 praescivit,
615 629 644 674 ct
657 621 722 676 idco
736 619 884 681 hominem
897 595 1012 698 quoquc

13 705 312 780 eaturumignorarc
326 721 385 758 non
398 705 526 776 potuit,
535 703 694 760 secundum
714 704 744 760 id
763 705 840 779 quod
853 707 1014 778 praescivit

10 806 49 840 ue
64 786 227 858 disposuit,
241 784 395 842 Civitatem
409 795 554 856 sanctam,
569 803 632 841 eam
646 785 780 842 debemus
795 797 938 860 asserere,
952 807 1010 846 non

12 869 129 924 undum
144 867 217 922 iilud
231 868 307 942 quod
322 869 353 926 in
365 878 494 924 nostram
506 870 704 945 cognitionem
717 872 873 944 pervenire
886 891 946 926 non
959 890 1012 946 pa·
1072 915 1075 932 .

1 953 33 1020 't,
48 953 117 1024 quia
133 952 165 1006 in
180 949 239 1005 Dei
253 951 447 1022 dispositione
461 969 521 1006 non
536 953 607 1032 fuit,
624 952 687 1008 Nee
700 955 782 1010 enim
792 949 877 1010 honio
890 965 1011 1028 peccato

1 1053 27 1088 ,o
37 1034 168 1090 divinum
178 1035 275 1106 potuit
288 1035 459 1105 perturbare
474 1035 637 1106 consilium,
653 1038 736 1110 quasi
750 1036 846 1116 Deum
859 1037 937 1112 quod
950 1049 1012 1094 sta·
1064 1103 1066 1108 y

1 1127 69 1172 erat
93 1125 209 1173 niutarc
229 1118 415 1213 compulerit:
444 1116 616 1178 cunr,Deus
639 1119 830 1192 praesciendo
856 1130 1012 1196 utrumque
1044 1143 1046 1152 ι

8 1236 10 1243 ,
24 1200 173 1268 evenerit,
194 1199 300 1268 idest,
321 1208 351 1255 et
363 1197 465 1270 homo,
476 1206 573 1274 'quem
586 1201 693 1256 bonum
707 1203 769 1275 ipse
784 1196 906 1274 creavit,
927 1223 1013 1278 quam
1110 1211 1120 1230 ‘

0 1309 2 1324 2
30 1301 63 1338 us
78 1292 157 1338 esset
170 1283 301 1350 futurus,
326 1292 356 1337 ct
369 1282 438 1356 quid
451 1283 521 1338 boni
535 1284 623 1338 etiam
636 1285 678 1338 sic
691 1285 726 1338 de
737 1287 878 1342 illoesset
891 1287 951 1361 ipse
965 1287 1010 1342 faa

19 1383 81 1421 rus.
105 1364 187 1421 Deus
203 1366 281 1419 enim
295 1367 350 1420 etsi
365 1365 470 1420 dicitur
480 1375 725 1440 statutamutare,
740 1366 829 1443 (unde
843 1371 955 1442 tropica
968 1373 1011 1440 lo-

0 1449 87 1522 ione
108 1450 139 1502 in
158 1446 321 1521 Scripturis
340 1449 450 1503 sanctis
471 1449 558 1503 ctiam
575 1451 755 1522 poenituisse
772 1452 880 1527 legitur
893 1449 1011 1530 Deum',)

19 1542 51 1586 ta
66 1532 95 1586 id
110 1531 234 1600 dicitur,
262 1529 340 1603 quod
353 1529 436 1586 homo
451 1541 634 1603 speraverat,
656 1533 703 1586 vei
718 1534 892 1588 naturalium
907 1532 1011 1590 causa-

0 1635 22 1662 a,
47 1615 117 1669 ordo
131 1614 283 1692 gestabam
311 1632 372 1668 non
386 1615 467 1669 iuxta
480 1614 510 1669 id
525 1614 601 1689 quod
615 1633 646 1668 se
661 1613 852 1688 Omnipotens
867 1615 1012 1674 facturum
1056 1631 1077 1675 Ἃ

1 1715 34 1750 =e
46 1699 255 1770 praesciverat.
277 1695 361 1751 Fecit
373 1698 471 1771 itaque
484 1695 581 1765 Deus,
606 1699 681 1753 sicut
695 1701 834 1772 scriptum
848 1708 903 1769 est,
917 1698 1011 1754 homi-

10 1799 36 1834 ιι
48 1777 180 1836 rectum:
201 1797 234 1834 ac
251 1781 302 1851 per
314 1777 371 1835 hoc
381 1781 541 1835 voluntatis
556 1781 658 1835 bonae.
681 1780 748 1838 Non
763 1783 841 1836 cnim
854 1791 950 1836 rectus
964 1799 1010 1836 es-

12 1898 24 1927 ,
42 1865 148 1920 bonam
164 1880 224 1941 non
238 1859 347 1946 habens
361 1864 560 1929 voluntatem„
583 1862 666 1918 Bona
681 1862 773 1942 igitur
787 1867 923 1920 voluntas
938 1882 1011 1939 opus

25 1945 100 2002 Dei:
116 1947 184 2002 cuia
199 1963 233 2000 ca
247 1946 353 2019 quippe
367 1945 466 2000 abillo
480 1946 572 2002 factus
587 1945 737 2003 esthemo.
781 1946 860 2004 Mala
873 1963 944 2003 vero
957 1965 1011 2003 vo-

15 2037 64 2084 tas
77 2032 189 2104 prima,
216 2030 354 2101 quoniam
368 2030 466 2106 omnia
479 2031 553 2084 mala
564 2046 652 2102 opera
665 2024 824 2106 praecessit
837 2032 869 2085 in
881 2027 1011 2102 homine,
1087 2099 1088 2104 ἵ

10 2123 101 2168 ectus
121 2113 220 2186 potius
240 2109 298 2165 suit
316 2108 433 2185 quidam
452 2114 487 2167 ab
506 2129 592 2186 opere
606 2110 663 2167 Dei
677 2113 712 2168 ad
726 2127 778 2168 sua
790 2104 897 2185 opera,
925 2117 1011 2187 quam
1096 2151 1099 2159 ι

23 2213 38 2250 s
52 2197 158 2251 ulium.
179 2193 220 2250 Et
234 2193 299 2248 idco
313 2197 389 2250 mala
402 2212 499 2268 opera,
509 2196 587 2268 quia
601 2195 760 2251 sccundum
775 2215 816 2267 sc,
830 2215 889 2252 non
904 2214 1010 2253 seeun-
1062 2227 1063 2230 =

9 2297 33 2333 ιι
47 2278 163 2334 Deum:
191 2288 225 2332 ut
239 2294 339 2332 corum
353 2295 474 2349 operum
484 2287 625 2351 tanquam
639 2278 786 2335 fructuum
799 2280 944 2334 malorum
956 2295 1010 2346 vo„

0 2369 63 2416 tas
84 2363 152 2434 ipsa
171 2369 250 2415 essct
267 2361 348 2415 velut
367 2360 452 2414 arbor
471 2362 563 2431 maia,
588 2370 639 2416 arat
650 2363 713 2434 ipsc
726 2359 810 2416 homo
824 2364 855 2418 in
869 2371 1011 2436 quantum
1079 2369 1082 2376 '

9 2441 58 2500 lae
72 2445 249 2512 voluntatis.
271 2435 364 2499 Porro
377 2444 452 2498 maia
466 2445 612 2510 voluntas,
628 2446 767 2518 quamvis
775 2463 835 2500 non
849 2447 889 2514 sit
902 2463 1009 2501 secun-

0 2549 11 2570 ι
46 2535 196 2598 naturam,
211 2525 262 2580 sc'd
276 2534 378 2600 contra
392 2535 538 2596 naturam,
552 2529 622 2600 quia
637 2528 737 2584 vitium
752 2535 809 2581 est:
831 2537 930 2583 tamen
944 2530 1009 2584 eius
1035 2581 1038 2586 ,
1077 2549 1080 2560 s

21 2630 88 2666 rae
102 2621 160 2681 cst,
175 2610 258 2664 'cuius
272 2617 318 2663 est
329 2610 443 2677 vitium,
457 2609 532 2683 quod
545 2611 603 2664 nisi
616 2610 648 2662 in
663 2618 767 2663 natura
781 2625 840 2662 non
853 2617 950 2682 potest
962 2629 1009 2665 esa

23 2695 78 2752 sed
93 2695 126 2748 in
141 2711 177 2748 ea
189 2709 277 2766 quam
291 2693 402 2746 creavit
416 2709 453 2746 cx
468 2690 573 2763 nihilo,
596 2709 656 2746 uon
671 2709 756 2765 quam
769 2693 875 2766 genuit
887 2690 1010 2748 Creator

9 2778 187 2850 semetipso,
201 2777 281 2831 sicut
294 2777 399 2851 genuit
411 2766 552 2844 Verbum,
572 2793 624 2848 per
637 2774 713 2848 quo'd
726 2774 804 2828 sacta
817 2781 888 2828 sunt
901 2772 1007 2830 omnia
1065 2785 1072 2794 “

10 2857 40 2916 ia
54 2863 113 2916 etsi
127 2860 163 2914 de
178 2867 275 2914 terrae
288 2859 409 2932 pulvere
421 2856 502 2913 Deus
520 2857 609 2912 tinxit
623 2856 785 2927 hominem3
802 2855 911 2910 cadem
929 2865 1009 2912 terra

9 2947 118 3019 nisque
134 2952 253 2997 terrena
266 2942 403 2996 materies
416 2942 535 2996 omnino
549 2939 691 2996 dcvnihilo
703 2949 762 3010 cst,
777 2941 959 3012 animamque
973 2938 1010 2994 do

2 3024 56 3083 'io
69 3028 181 3084 factam
195 3024 275 3080 dedit
290 3023 419 3097 corpori',
438 3041 504 3078 cum
518 3023 612 3078 iactus
627 3021 781 3078 esthemo.
824 3021 922 3096 Vsque
936 3021 1008 3077 adeo
1084 3015 1089 3046 ⁷

1 3111 63 3166 tem
75 3113 154 3166 araia
166 3110 329 3165 vincuntur
342 3126 359 3161 a
372 3106 468 3174 bonis,
489 3114 523 3160 ut
535 3109 665 3179 quamvis
680 3108 816 3162 sinantur
830 3123 893 3160 esse
908 3103 945 3158 ad
958 3104 1009 3159 de·
1025 3143 1035 3164 ,

0 3193 190 3250 ustrandum
204 3207 292 3266 quam
305 3191 399 3264 possit
412 3199 440 3245 ct
453 3191 525 3264 ipsis
539 3189 613 3244 benc
626 3191 669 3244 uti
684 3179 797 3246 iustitia
811 3187 1009 3261 providentis-
1028 3263 1035 3268 q
1090 3242 1093 3248 ,

6 3293 36 3333 *a
49 3276 220 3344 Creatoris3
241 3275 317 3330 iiona
331 3283 428 3328 tamen
442 3274 506 3327 sinc
520 3274 603 3326 maiis
618 3287 681 3326 esse
693 3275 822 3346 possint,
838 3273 914 3334 sicut
927 3269 1008 3326 Deus
1083 3306 1086 3310 ,

1 3374 26 3410 ’θ
39 3378 131 3419 verus
146 3369 176 3415 et
190 3376 333 3426 summus,
349 3358 426 3411 sicut
438 3357 531 3412 omnis
540 3373 634 3435 super
646 3357 736 3411 istum
751 3355 945 3430 caliginosum
958 3359 1008 3408 at-

38 3444 175 3500 coelcstis
188 3441 347 3508 invisibilis
357 3439 542 3512 visibilisque
554 3449 702 3508 creatura3
714 3441 790 3493 mala
799 3453 870 3500 vero
883 3438 947 3490 sinc
956 3437 1008 3514 iro-
1048 3439 1049 3442 ’

25 3545 92 3582 esse
103 3545 165 3580 non
178 3525 305 3600 possint,
321 3512 459 3597 quoniam
472 3532 597 3586 naturae
611 3523 642 3576 in
657 3522 761 3596 quibus
774 3527 857 3587 sunt,
871 3521 902 3573 in
914 3521 1007 3593 quan·

5 3631 17 3654 ι
37 3619 165 3666 naturae
179 3616 262 3677 sunt,
277 3607 379 3679 utiquc
392 3605 486 3660 bonae
500 3614 578 3660 sunt.
602 3602 775 3660 Detrahitur
787 3613 875 3677 porro
889 3602 1005 3673 maium,

1 3701 24 3744 ¹1
37 3694 141 3772 aliqua
153 3700 260 3748 natura
273 3707 348 3763 quas
361 3700 539 3758 accesserat,
565 3690 613 3743 vcl
632 3690 693 3744 ulla
711 3689 772 3742 cius
786 3695 868 3759 parte
882 3685 1005 3758 sublata,

2 3789 6 3810 ¹
30 3793 66 3832 ea
81 3793 156 3849 quae
169 3776 274 3831 vitiata
289 3790 323 3840 ac
335 3771 492 3844 depravata
505 3771 617 3841 fuerat,
644 3780 747 3826 sanata
761 3780 849 3843 atque
863 3778 1004 3826 correcta.

10 3860 130 3914 itrium
146 3860 239 3936 igitur
257 3856 419 3912 voluntatis
441 3864 511 3910 tunc
532 3862 577 3908 cst
594 3873 663 3912 sere
680 3855 819 3926 liberum,
848 3869 913 3946 cum
927 3851 1006 3927 sitiit
1031 3871 1032 3874 ¹
1077 3893 1081 3900 ,

26 3939 127 4034 m
598 3935 715 4026 ,ι
