2266 4312
1 1150 4 1163 =
96 1124 155 1200 mio
174 1120 346 1197 probaretur
359 1119 449 1190 fides3
476 1119 527 1174 sed
544 1121 603 1175 iem
620 1137 675 1174 nee
698 1118 770 1174 fides
789 1131 884 1192 esset,
910 1117 1094 1178 confestimni
1117 1144 1133 1165 r·

99 223 160 281 388
305 289 307 294 Ι
329 218 426 277 Dlvl
446 218 636 278 AVRELll
656 217 915 278 AVGVSTlNl

101 386 161 447 tur,
175 391 248 450 quae
259 381 329 430 tunc
342 383 387 429 est
398 371 482 444 fides,
495 371 611 448 qnando
625 381 813 447 exspectatur
825 369 860 430 in
872 392 941 448 spe,
965 375 1038 449 quod
1049 375 1074 431 in
1082 394 1133 469 rs»,

100 458 228 514 nondum
241 456 364 512 videtur.
385 456 468 512 Fidei
481 467 578 512 autem
588 455 693 512 robore
705 465 794 529 atque
807 460 981 528 certamine,
994 461 1025 514 in
1036 460 1100 514 maio

47 613 49 616 Ι
98 542 179 598 ribus
193 539 334 596 duntaxat
346 540 498 609 aetatibus,
512 541 599 598 etiarn
611 540 712 594 mortis
725 539 824 594 luerat
836 541 1018 614 superandus
1031 544 1100 612 timor,
1130 556 1132 577 ³

98 622 174 700 quod
187 626 218 680 in
232 624 342 679 sanctis
350 621 527 696 blartyribus
539 623 665 676 maxime
676 623 810 678 eminuit:
825 625 912 679 euius
923 625 1050 698 profecto
1060 644 1099 679 cer·
1132 657 1133 665 ι

97 708 216 764 taminis
229 708 309 762 nulle
322 714 400 760 esset
412 706 545 775 victoria,
559 707 638 760 nulla
650 706 760 782 gloria3
773 707 844 779 quia
858 725 915 762 nec
929 709 1023 779 ipsum
1034 709 1098 762 omri·

68 860 71 865 ³
98 810 137 846 no
149 798 249 863 posset
262 807 327 844 esse
341 798 502 856 certamen,
530 789 556 842 si
573 797 639 862 post
655 790 802 844 lavacrum
821 792 1054 866 regenerationis
1065 793 1098 844 ian

98 874 193 930 sancti
206 890 265 930 non
278 881 396 945 possent
412 879 537 926 mortem
555 871 667 944 perpeti
685 873 875 943 corporalem.
896 871 984 929 ‘Cum
1001 875 1096 947 parvulis
1123 898 1133 907 Γ

97 965 194 1013 autern
207 955 387 1028 baptizandis
405 955 469 1028 quis
486 973 546 1009 non
559 953 596 1008 ad
608 952 717 1009 Christi
729 955 854 1030 gratiam
867 965 1022 1029 propterea
1032 958 1095 1028 potin

98 1041 240 1107 curreret,
253 1055 315 1100 nea
324 1055 444 1110 corpore
458 1033 638 1092 solueretur?
651 1036 744 1110 Atque
758 1038 799 1092 ita
813 1056 875 1093 non
889 1040 1032 1095 invisibili
1041 1057 1094 1112 pne
1119 1067 1122 1075 =

98 1207 192 1279 operis
207 1202 373 1278 quaerendo
386 1212 417 1258 et
429 1200 568 1258 sumendo
581 1201 751 1257 mercedem.
786 1201 874 1260 Nunc
891 1223 964 1262 vero
979 1169 1133 1305 merone}

84 1289 276 1344 mirabiliore
289 1283 553 1364 gratioSalvatoris
567 1286 599 1340 in
608 1303 678 1340 usus
689 1287 816 1342 iustitiae
828 1290 944 1360 peccati
954 1307 1043 1362 poena
1051 1303 1092 1344 err·
1113 1312 1121 1325 e

96 1390 183 1428 versa
196 1381 250 1427 est.
272 1369 356 1426 Tunc
370 1370 447 1425 enim
458 1368 567 1424 dietum
581 1377 626 1423 est
638 1365 764 1440 homini,
781 1368 934 1440 Morieris,
954 1374 980 1426 si
991 1387 1092 1446 peceare·
1110 1412 1133 1469 Ι

95 1457 152 1511 ris:
166 1473 245 1510 nunc
259 1454 365 1510 dicitur
377 1451 512 1527 Martyri,
526 1451 651 1523 Morere,
664 1470 701 1506 ne
714 1470 825 1525 pecces.
853 1452 941 1510 Tunc
955 1454 1051 1512 dictum
1060 1461 1133 1551 ut'

96 1539 130 1596 si
143 1536 309 1594 mandatum
321 1538 500 1613 transgressi
512 1535 637 1604 fueritis,
650 1544 742 1590 morte
754 1537 939 1594 moriemini:
963 1555 1037 1594 nnnc
1047 1535 1095 1608 dici¹
1108 1554 1109 1557 ¹

95 1633 155 1693 tur,
169 1620 203 1678 Si
215 1629 338 1676 mortem
352 1621 566 1689 recusaveritis,
580 1618 748 1674 mandatum
760 1620 1024 1697 transgrediemini.
1040 1611 1098 1685 Auel

95 1715 165 1762 tunc
183 1703 344 1760 timendum
360 1703 472 1771 fuerat,
486 1712 593 1758 utnon
607 1711 791 1774 peccaretur3
818 1721 899 1759 nunc
913 1702 1101 1778 suscipiendus

98 1799 154 1860 est,
169 1807 206 1843 ne
218 1796 362 1862 peccetur.
397 1785 447 1842 Sic
460 1804 512 1859 per
523 1782 698 1840 ineffabilem
709 1784 767 1840 Dei
779 1786 1010 1843 misericordiam
1021 1787 1088 1857 etipsa

9 1917 11 1924 ι
95 1873 190 1945 pbena
206 1872 347 1927 vitiorum
366 1871 473 1924 transit
489 1871 521 1924 in
540 1886 620 1928 arma
636 1869 771 1937 virtutis,
798 1878 828 1923 et
846 1869 880 1924 fit
899 1872 971 1925 iusti
989 1871 1087 1924 meritur

95 1957 183 2010 etiarn
196 1954 367 2026 supplicium
379 1953 553 2024 peccatoris.
566 1950 650 2007 Tunc
664 1952 741 2008 enim
753 1969 830 2006 mors
845 1962 891 2008 est
904 1955 1038 2028 acquisita
1047 1965 1087 2024 pet·
1117 1982 1122 1983 ν

95 2036 199 2107 cando,
212 2054 290 2090 nune
303 2035 438 2108 impletur
450 2035 563 2090 iustitia
576 2035 735 2090 moriendo.
777 2033 887 2091 Verum
901 2035 957 2091 boc
971 2038 1001 2092 in
1015 2031 1087 2092 nucis

95 2117 285 2194 Martyribus‚
299 2116 402 2191 quibus
417 2119 590 2174 alterutrum
603 2136 620 2172 a
632 2126 818 2191 persecutore
831 2121 1014 2192 proponitur,
1024 2117 1093 2172 ucaut

95 2202 231 2258 deserant
242 2199 344 2270 fidem,
370 2208 420 2254 aut
433 2198 573 2256 sufferant
584 2210 716 2258 mortem.
756 2199 829 2256 lusti
843 2204 923 2257 enim
934 2204 1040 2258 malunt
1048 2215 1086 2252 cre

96 2284 190 2340 dendo
203 2284 333 2355 perpeti,
357 2275 435 2356 quod
452 2293 522 2340 sunt
538 2284 624 2358 primi
640 2285 734 2358 iniqui
749 2301 811 2340 non
828 2284 972 2342 credendo
985 2278 1089 2359 perpasti·
1112 2256 1133 2329 Ῑ

95 2366 161 2424 Nisi
181 2367 259 2421 enim
276 2376 446 2440 peccassent
466 2368 527 2439 illi,
551 2386 612 2423 non
627 2377 824 2423 morerentur:
850 2363 1015 2442 peccabunt
1025 2374 1095 2422 auter.
1112 2346 1133 2433 Ξ

94 2439 162 2520 isti,
181 2449 239 2505 nisi
255 2451 428 2522 moriautur.
462 2449 572 2507 Mortui
589 2459 660 2506 sunt
677 2469 748 2528 ergo
766 2451 821 2520 illi,
836 2453 904 2524 quia
917 2452 1087 2524 peccaverunt:
1113 2434 1133 2497 Ι

94 2551 156 2589 non
168 2541 289 2607 peccant
301 2534 368 2604 isti,
392 2535 460 2609 quia
471 2536 644 2590 moriuntur.
678 2533 800 2600 Factum
813 2544 858 2589 est
870 2554 923 2608 per
935 2536 1041 2590 illorum
1050 2527 1090 2584 cll*
1124 2574 1127 2575 ν

46 2649 47 2652 =
93 2635 170 2690 pam,
184 2625 217 2671 ut
229 2617 380 2672 veniretur
393 2618 425 2688 in
437 2635 573 2691 poenam:
587 2615 621 2672 fit
631 2618 814 2690 peristorum
822 2629 959 2690 poenam,
973 2636 1009 2676 ne
1018 2613 1087 2672 verb·

94 2701 185 2756 turin
199 2701 325 2772 culpam:
351 2711 411 2755 non
433 2702 499 2774 quia
516 2717 594 2757 mors
616 2700 723 2756 bonum
741 2701 860 2774 aliquod
872 2701 954 2756 facta
966 2710 1021 2770 est,
1042 2709 1087 2770 qun

34 2805 36 2812 ·
95 2782 385 2854 anteamalnmfuit3
412 2783 463 2838 sed
476 2793 592 2840 tentum
603 2781 685 2838 Deus
697 2783 764 2838 fidei
776 2785 924 2856 praestitit
937 2781 1091 2860 gretiamll
1125 2758 1133 2813 l

94 2885 182 2937 mors,
196 2883 282 2942 quem
295 2867 373 2920 vitoe
387 2877 501 2922 constat
515 2886 578 2922 esse
591 2868 775 2937 contrariam,
789 2867 1014 2924 instrumentum
1024 2865 1088 2924 ficr‘b
1127 2848 1133 2901 A

92 2969 144 3026 per
158 2948 233 3024 quod
245 2949 421 3006 “assuetus
434 2950 470 3007 ad
482 2952 582 3008 vitam.
625 2983 629 2990 ‹

94 3212 174 3280 Quod
181 3212 251 3278 sicut
260 3211 348 3282 iniqui
357 3213 425 3264 male
435 3217 552 3264 utuntur
566 3214 624 3282 lege
639 3229 706 3280 qnae
716 3197 788 3276 ,donc
804 3222 859 3278 cst,
874 3214 917 3267 ita
933 3223 961 3268 ct
977 3211 1040 3267 iures
1050 3208 1090 3260 lec
1130 3234 1133 3249 .

222 3299 225 3304 ·
390 3291 507 3348 utuntur
516 3292 601 3334 morte
611 3299 677 3350 quae
688 3285 759 3336 racia
771 3292 819 3335 est.

122 3441 124 3444 Ι
167 3371 321 3446 Apostolus
336 3391 403 3429 cum
419 3374 509 3428 vellet
528 3371 695 3442 ostendere,
720 3381 860 3447 quantum
878 3381 1034 3447 peccatum,
1046 3381 1090 3446 εἴ*

91 3453 133 3508 tia
153 3473 214 3510 non
232 3457 433 3525 subveniente,
456 3455 493 3510 ad
516 3454 679 3530 nocendum
700 3457 828 3526 ualeret,
852 3459 942 3512 etiarn
965 3459 1048 3529 ipsam
1065 3451 1090 3504 lt
1112 3485 1113 3488 ¹

92 3555 159 3611 gem
177 3556 232 3612 qua
251 3537 419 3612 prohibetur
436 3549 599 3611 peccatum,
621 3557 681 3593 non
704 3537 848 3595 dubitavit
866 3540 963 3608 dicere
983 3541 1091 3595 virtute·

94 3635 155 3674 esse
169 3624 290 3692 peceati.
311 3621 446 3691 Aculeus,
465 3613 570 3697 inquit,
589 3624 692 3677 mortio
706 3632 752 3679 eet
759 3634 932 3698 peccatum,
956 3625 1046 3679 circes
1056 3631 1091 3672 ⁶⁸·

92 3709 150 3754 tem
157 3707 280 3777 peccati
292 3705 348 3760 lex.
383 3704 539 3762 Varissime
553 3707 680 3761 omuino.
702 3707 799 3782 Auget
811 3708 889 3762 enim
901 3697 1092 3780 prohibition

92 3779 231 3838 siderium
244 3789 339 3858 operis
352 3789 460 3858 illiciti,
475 3787 588 3862 quando
602 3790 711 3844 iustitia
722 3801 781 3844 non
795 3791 837 3844 sic
851 3789 994 3866 diligitur,
1006 3795 1036 3842 ut
1044 3797 1092 3858 pet·

91 3863 176 3919 candi
191 3866 332 3941 cupiditas
347 3871 410 3928 cius
423 3871 609 3928 dilectatione
622 3874 764 3942 vincatur.
779 3871 817 3928 Vt
830 3882 927 3930 autern
940 3869 1092 3948 diligerere
