2340 4312
92 190 113 228 ·-
132 145 189 252 roa
355 189 454 249 orvr
473 187 662 286 Averna
686 171 944 248 avcvsriur

119 351 249 422 peccatu
259 340 506 399 Amorrhaeorum
519 323 608 418 iisque
622 339 725 398 adbuc.
744 339 840 409 Quum
858 353 955 400 eutem
967 344 1018 400 iem
1028 343 1113 400 subiret

127 429 168 482 ad
180 433 328 492 occasum
345 423 441 494 facto
455 434 500 479 est
511 425 650 497 flammm
669 433 698 478 et
712 424 1113 494 eeceforneejiemeburdo‚et
1160 466 1167 471 ,

128 509 281 584 lampades
297 508 385 580 iguis,
401 524 475 580 quae
483 506 733 580 pertransierunt
740 522 801 578 per
815 507 913 560 aredio
927 507 1017 562 divise
1028 506 1076 562 iiic.
1093 503 1113 560 b
1157 472 1170 557 i

128 592 174 647 die
194 589 414 662 illu'disposuit
429 587 573 643 Doutinus
588 585 900 664 Deus-testamentum
920 587 1113 656 attributati
1155 558 1170 709 z

87 693 89 696 ·
127 689 213 732 cens:
238 669 351 727 Semini
363 680 413 726 tuo
428 669 501 728 debu
516 666 734 735 temerabunt,
760 687 780 722 ιι
793 669 920 741 fleruiue
934 669 1115 746 Aegyptiacae
1159 726 1161 729 ,

128 754 287 827 adflumeu
301 769 437 825 magnum
447 750 641 828 Euphratem,
657 748 798 818 Ceneeos,
813 761 845 806 et
857 743 1025 820 Centauros,
1037 764 1061 808 et
1072 751 1115 807 tet

125 851 278 903 menaeus,
302 845 332 890 et
344 832 504 902 Cbeteeos,
528 843 558 889 et
571 830 767 899 Pberesceos‚
788 843 818 888 et
831 831 995 910 Repbeim,
1013 833 1133 890 eriscu-¹
1155 880 1170 899 ,

128 917 246 985 rbeeos,
262 926 292 972 et
305 914 509 984 Olenacum,
524 926 554 972 et
564 914 689 982 Eceeoe,
705 912 1115 988 et‘Gergesueoa,et-Iebumeu.
1152 900 1170 983 !

192 997 272 1056 Haec
287 999 385 1052 omnia
398 1000 428 1053 in
441 1000 507 1054 visu
518 998 599 1053 faeta
612 995 752 1052 divinitus
767 1006 855 1071 atque
869 997 1032 1070 dictasunt,
1044 997 1115 1071 dequi·
1152 986 1170 1045 Ι

127 1083 181 1138 but
202 1080 326 1158 siugulis
346 1082 503 1136 enucleate
523 1080 668 1134 disserere
689 1079 810 1154 longum
830 1089 892 1150 est,
918 1091 948 1136 ct
970 1083 1116 1140 intentiones
1152 1068 1170 1204 Ι

52 1183 60 1190 “
129 1164 234 1238 Operis
247 1162 331 1218 huius
346 1162 478 1222 excedit»
497 1161 581 1229 Quod
595 1181 665 1238 ergo
680 1163 751 1216 satis
765 1171 820 1232 est,
835 1181 924 1234 nosse
938 1165 1061 1220 debemus
1070 1174 1117 1238 put·

61 1270 70 1276 -
130 1261 164 1298 cc
205 1263 292 1319 quam
306 1245 415 1302 dictum
429 1254 489 1316 est,
514 1243 671 1300 credidisse
684 1243 828 1308 Abraham
844 1245 928 1316 Deo,
953 1247 1117 1320 etdcputatut

32 1319 34 1324 ¹
129 1346 193 1383 esse
206 1329 250 1382 illi
264 1327 300 1382 ad
312 1328 471 1398 iustitiam,
485 1347 545 1383 non
560 1347 626 1382 eum
639 1329 670 1382 in
684 1327 741 1382 fide
755 1327 907 1398 defecisse,
922 1338 955 1384 ut
968 1330 1073 1398 diceret,
1083 1327 1118 1382 bt·
1132 1343 1133 1346 ’
1150 1216 1170 1453 ³

128 1413 259 1466 minator
270 1409 411 1479 Domine,
431 1412 586 1468 secuudum
601 1410 672 1487 quid
683 1412 789 1478 scium,
814 1413 884 1487 quio
897 1411 1003 1469 luceres
1017 1415 1069 1468 eius
1079 1401 1119 1466 uti

104 1493 106 1500 ‘
129 1492 241 1549 Terrae
259 1494 364 1570 quippe
382 1494 623 1566 illius'promissa
644 1502 707 1548 erat
726 1491 901 1554 haereditas.
922 1494 1001 1562 ⁴Non
1019 1493 1119 1556 enimait,
1152 1458 1170 1536 1

128 1575 325 1644 Vndesciam‚
339 1577 422 1649 quasi
435 1574 528 1630 adhuc
542 1595 602 1630 non
617 1575 763 1634 crederet:
782 1575 833 1632 sed
846 1577 903 1645 ait,
917 1575 1068 1635 Secundum
1078 1569 1120 1652 quid

128 1661 231 1727 eciem,
246 1667 280 1713 ut
292 1659 319 1712 ei
329 1659 373 1712 rei
386 1676 473 1731 quam
487 1657 663 1726 crediderat,
685 1659 782 1731 aliqua
795 1659 955 1714 similitudo
971 1659 1122 1728 adbiberetrq

129 1759 187 1814 qua
200 1743 261 1796 eius
274 1741 374 1795 modus
389 1750 606 1816 agnosceretur.
622 1738 706 1794 Sicut
715 1759 774 1795 non
789 1731 969 1818 estuirginis
982 1742 1078 1802 blariac
1087 1736 1118 1791 dii·
1150 1718 1170 1787 1

24 1847 27 1852 ’
76 1893 77 1896 ¹
128 1821 259 1892 fidentia,
274 1823 418 1897 quodait:
449 1821 665 1893 Quomodofiet
677 1823 768 1891 istud,
787 1826 923 1898 quoniam
937 1828 1119 1881 utrumnam
1148 1790 1170 1893 1

128 1904 256 1980 gnoseo?
281 1905 366 1971 Quod
380 1906 601 1962 enimfuturum
615 1924 680 1959 esse
694 1915 775 1968 certa
789 1916 863 1975 crat,
877 1907 995 1983 modurn
1009 1919 1058 1980 quo
1069 1905 1120 1970 ieret
1148 1896 1170 1963 1

128 1989 303 2061 inquirebat.
329 1987 370 2044 Et
383 1986 438 2043 hoc
457 1993 522 2043 cnm
537 1987 714 2062 quaesisset,
739 1988 864 2044 audivit:
890 1987 1024 2065 Spiritus
1037 1995 1120 2044 emoto
1147 1966 1170 2141 ἓ

130 2073 316 2145 superveniet
330 2074 414 2139 inste,
429 2082 458 2126 et
471 2073 568 2128 uirtus
582 2070 732 2126 Altissimi
744 2069 928 2128 obumbrabit
942 2072 1004 2128 tibi.
1026 2071 1121 2140 Deniqut

129 2163 159 2206 ct·
171 2152 218 2206 hic
233 2153 392 2206 similitudo
406 2153 473 2206 data
487 2162 531 2206 est
544 2153 578 2206 dc
592 2153 685 2212 tribus
700 2154 888 2228 animalibus,
913 2157 1048 2224 iuvenca,
1068 2164 1121 2222 eepn
1146 2145 1170 2301 ³

129 2243 159 2288 et
171 2236 277 2302 arieto,
304 2243 333 2287 et
346 2233 454 2288 duabus
468 2236 650 2304 volucribus,
672 2244 786 2290 turture
800 2245 829 2290 ot
841 2237 990 2292 columba:
1012 2247 1041 2291 ut
1052 2249 1121 2290 seen·

108 2353 114 2366 .
128 2317 195 2370 dum
207 2315 278 2370 haec
292 2305 423 2395 futurum
433 2319 531 2386 sciret,
544 2317 623 2391 'quod
632 2318 765 2398 futurum
775 2336 839 2372 etse
849 2321 907 2374 iam
921 2338 983 2374 non
994 2320 1133 2396 ambigeret¹
1147 2297 1170 2389 1

127 2397 198 2454 Sive
215 2416 284 2474 crgo
298 2415 351 2470 per
363 2400 516 2454 iuvencam
530 2401 695 2476 significata
712 2403 750 2454 sit
766 2402 846 2475 plebs
861 2404 960 2474 posita
973 2403 1022 2457 sub
1034 2398 1121 2476 iugoit·
1148 2394 1170 2539 ι

127 2482 184 2558 gis,
194 2495 248 2554 per
263 2500 377 2554 capram
392 2481 492 2537 eadem
504 2483 585 2555 plebs
598 2485 746 2556 peccatrix
765 2483 882 2554 futura,
905 2503 960 2559 per
977 2487 1084 2540 arietem
1093 2495 1121 2531 ts·
1155 2542 1168 2555 ι

127 2564 191 2619 dem
202 2565 288 2644 plebs
300 2575 474 2642 regnatura;
493 2561 580 2640 (quae
595 2566 731 2622 animalia
743 2576 897 2640 propterea
911 2571 999 2638 trima
1012 2568 1122 2626 dicuntur,
1149 2560 1170 2639 1

62 2717 65 2724 Ι
127 2645 283 2720 quia'cum
302 2649 362 2702 sint
380 2649 514 2724 insignes
535 2650 651 2704 articuli
671 2657 832 2722 temporum
851 2651 889 2705 ab
907 2651 1000 2714 Adam
1018 2637 1122 2722 usquead
1149 2642 1170 2713 1

83 2739 84 2742 ’
125 2728 207 2799 Not,
233 2739 262 2784 ct
276 2730 344 2784 inde
358 2749 449 2804 usque
464 2730 499 2786 ad
512 2721 680 2802 Abraham,'
695 2741 725 2787 et
737 2731 805 2786 inde
819 2750 911 2806 usque
926 2734 963 2789 ad
976 2731 1078 2799 David,
1094 2723 1122 2798 qli
1150 2726 1170 2805 1

124 2813 278 2885 reprobato
295 2812 385 2868 Sbule
397 2815 506 2886 primus
521 2815 552 2869 in
566 2832 659 2890 regno
674 2816 770 2890 gentis
785 2813 965 2872 israeliticae
984 2826 1027 2870 est
1038 2805 1122 2869 Domini
1151 2806 1170 2869 Ι

86 2955 93 2964 ,
124 2897 276 2962 voluntate
290 2894 442 2965 fundatus3
462 2896 493 2950 in
508 2893 562 2951 hoc
576 2896 677 2952 ordine
691 2898 794 2966 tertio,
810 2899 1005 2970 quistenditur
1019 2916 1052 2952 ex
1063 2895 1122 2951 alra
1152 2870 1170 2955 1

124 2976 190 3032 ham
208 2977 348 3049 usquead
363 2977 475 3048 David,
499 2988 636 3052 tanquam
650 2981 766 3034 tertiam
781 2979 911 3034 'aetatem
924 3000 1030 3057 gerens
1042 2981 1084 3034 ifle
1093 2991 1122 3048 pt
1153 2966 1170 3043 Ι

123 3062 210 3134 pulus
225 3057 382 3135 adolevim)
406 3063 468 3116 sive
493 3061 602 3135 aliquid
621 3062 698 3117 aliud
721 3054 947 3118 coribenientius
968 3066 1024 3118 ista
1042 3053 1123 3136 signifi·
1154 3058 1170 3117 Ι

125 3139 207 3204 cent:
222 3143 301 3208 nullo
318 3152 414 3196 tamen
429 3143 734 3213 modo'dubitaverim,
757 3145 904 3216 spiritales
918 3147 950 3200 in
966 3165 999 3200 ca
1012 3142 1123 3217 praefigi·
1155 3120 1170 3205 1

116 3234 203 3296 ³ratos
223 3223 417 3280 additamento
437 3227 560 3296 turturis
580 3236 610 3281 et
630 3225 788 3282 columbae.
825 3225 865 3282 Et
884 3227 951 3283 ideo
975 3228 1078 3283 dicturi
1092 3227 1125 3282 ab
1156 3224 1170 3281 Ι

124 3305 203 3362 Aves
218 3317 386 3384 autemnon
401 3309 522 3363 divisit:
543 3311 679 3382 quoniam
694 3312 825 3364 carnalos
839 3312 919 3364 inter
933 3310 1126 3366 se'dividuntur,
1157 3286 1170 3455 ε

66 3389 68 3394 ’
125 3387 271 3462 spiritales
285 3398 382 3444 autem
396 3392 476 3444 nulio
490 3391 590 3462 modo;
606 3394 668 3446 sive
682 3411 699 3446 a
711 3394 874 3468 negotiosis
887 3388 1126 3448 conversationibus

124 3467 275 3525 hominum
296 3490 326 3525 sc
346 3482 531 3542 removeant,
556 3476 634 3529 sicut
651 3483 762 3545 turtur3
789 3477 852 3530 sive
867 3477 946 3530 inter
960 3478 1023 3532 illas
1037 3475 1126 3548 deganb
1162 3460 1170 3469 ⁵

125 3553 202 3606 sieut
225 3554 369 3610 columba:
398 3557 525 3628 'utraque
547 3566 644 3612 tamen
664 3561 725 3612 avis
750 3567 795 3612 est
817 3547 942 3632 simplcri
968 3569 998 3614 et
1020 3553 1126 3614 innoxia?
1163 3620 1170 3639 Μ

125 3634 296 3708 significans
309 3639 379 3693 etin
394 3639 455 3709 ipso
464 3636 622 3695 israelitico
633 3643 749 3714 populo,
764 3643 811 3695 cui
824 3639 904 3697 terra
915 3644 967 3696 illa
978 3640 1065 3695 danda
1077 3637 1126 3696 eat
1163 3644 1170 3699 Ι

42 3731 45 3739 ·
124 3713 236 3768 futuros
246 3717 414 3774 individuos
426 3719 503 3774 tilios
513 3725 716 3794 promissionis
726 3734 756 3778 et
766 3721 908 3779 haeredes
914 3726 1003 3800 »regni
1017 3725 1045 3778 in
1058 3728 1125 3774 aeter
1164 3724 1170 3787 Ι

123 3811 163 3850 na
177 3795 315 3853 felicitato
330 3799 660 3882 manssuri'[n1ansuro].
684 3806 760 3862 Aves
773 3817 874 3862 autem·
884 3806 1083 3863 descendentes
1093 3813 1125 3852 tt·
