2340 4320
258 191 318 280 on
344 149 562 292 ιἰιιιιιι
589 203 667 262 our
698 197 780 262 ern?
802 207 836 280 ι.
1006 219 1064 274 ιιι

17 359 115 439 legas
127 368 212 434 atquc
226 357 355 426 illicitas,
371 349 422 411 sed
435 327 470 411 ad
483 353 662 412 Iohannem
654 377 684 413 ιιι
697 359 826 436 Aegypti
839 379 938 418 crenro
954 370 1062 423 consti-

7 455 142 534 utrm,
166 461 253 516 quem
270 440 329 498 Dei
347 453 463 496 serrum
478 437 670 514 prophetandi
688 444 792 516 spiritu
811 444 975 517 praeditum
987 449 1063 506 fama

7 541 10 592 ζ
50 528 233 584 crebrescente
253 524 411 594 didicerat,
429 525 527 593 misit3
554 534 649 599 atque
656 525 691 580 ab
711 545 747 582 eo
767 529 905 584 nuntium
921 531 1063 588 victoriae

7 637 8 640 ¹
51 611 226 667 certissiruum
238 610 361 682 accepit.
397 606 468 664 Mox
488 609 617 682 tyranni
620 607 742 674 Maximi
750 612 920 668 exstinctor
932 611 1063 670 Valenti-

50 697 153 750 nianum
175 710 299 768 puerum
324 693 442 766 imperii
464 693 511 746 eui
533 691 681 766 partibus,
708 693 785 750 unde
812 694 932 772 fugatus
956 697 1063 770 fueret,

7 779 8 822 ἶ
50 797 104 834 curn
115 775 590 842 misericordissimaveneratione
602 777 748 834 restituit:
771 796 861 853 eoque
875 780 938 836 sive
949 799 1003 854 per
1015 783 1062 839 iu-

50 861 136 931 sidias,
148 862 206 916 sire
220 879 277 934 que
291 861 348 916 alio
360 868 446 934 pacto
458 861 507 915 vel
518 877 587 915 casu
595 861 728 934 proxime
737 863 898 934 exstineto,
913 865 1002 920 alium
1015 875 1062 941 ty-

54 963 161 1000 rannum
172 943 356 1022 Eugenium,
379 944 431 1022 qui
443 944 475 998 in
488 945 568 998 illius
582 943 766 1018 imperatoris
779 946 877 1016 lecum
889 965 949 1004 non
962 949 1062 1025 legiti-
1098 1005 1100 1010 ,
1123 957 1125 962 “

58 1047 92 1082 nc
103 1027 188 1083 luerat
198 1028 388 1104 subrogatus,
402 1035 523 1102 accepte
535 1041 639 1088 rursus
653 1026 824 1104 prophetice
837 1047 991 1109 responso,
1006 1032 1062 1088 lide

58 1120 137 1168 certes
149 1112 304 1185 oppressit,
328 1119 431 1168 contra
444 1113 527 1166 cuius
541 1111 779 1170 robustissimum
791 1116 956 1174 exereitum
968 1119 1061 1194 magis

7 1269 8 1272 Ἴ
55 1193 154 1265 orande,
167 1213 252 1269 quam
261 1194 393 1264 serrendo
398 1196 555 1271 pugnaret
581 1193 690 1254 Milites
704 1197 788 1254 nobis
805 1214 855 1277 ιιιιι
846 1197 1000 1270 'aderant,
1013 1217 1061 1255 rc-

52 1279 180 1349 telcrunt,
206 1288 324 1334 extorta
337 1278 394 1333 sibi
413 1295 478 1332 esse
491 1277 526 1334 de
540 1279 673 1334 manibus
688 1297 879 1355 quaecunque
891 1283 1061 1340 iaculaban-

51 1372 96 1432 ιιι,
108 1381 171 1418 cum
183 1380 202 1417 a
213 1351 373 1418 Theo'dosii
384 1362 539 1436 partibus
531 1379 562 1416 ιιι
582 1361 765 1418 adversarios
779 1361 936 1422 vehemens
954 1376 1061 1434 ventus

7 1497 8 1520 3
51 1447 103 1515 iret,
124 1454 163 1500 ct
171 1463 233 1502 non
246 1447 340 1502 solum
358 1457 551 1544 quaecunque
569 1447 601 1501 in
618 1464 669 1501 eos
688 1447 872 1503 iaciebantur
888 1450 1061 1508 concitatis-
1079 1471 1081 1476 ·

51 1531 107 1584 rinre
119 1538 249 1602 raperet,
276 1548 379 1585 verum
394 1531 507 1584 etiam'
498 1547 627 1606 lpsorurn
644 1530 725 1585 tela'
717 1547 748 1584 ιιι
762 1548 864 1585 eorum
877 1549 999 1606 corpore
1012 1552 1061 1588 re-

7 1603 191 1716 wterqucret
219 1611 300 1669 Vnde
315 1621 344 1668 ct
355 1621 443 1687 poeta
456 1611 645 1684 Claudianus,
666 1613 798 1688 quemvis
812 1631 830 1670 a
842 1611 951 1674 Christi
967 1617 1060 1676 nomi-

7 1699 76 1754 {nc
87 1697 229 1767 alienus,'
221 1716 252 1752 ιιι
265 1698 327 1752 eius
340 1705 439 1752 tamen
451 1697 583 1753 laudibus
598 1694 686 1752 dixit·

116 1779 140 1836 0
154 1781 276 1836 ninrium
289 1779 395 1836 dilecte
407 1780 485 1850 Deo,
498 1799 545 1838 cur
537 1779 656 1838 'fundit
668 1780 704 1836 ab
718 1781 820 1836 antris.

115 1865 220 1924 Aeolus
232 1873 356 1921 armatas
370 1863 499 1940 hyemes,
515 1883 563 1919 cur
554 1866 683 1921 'militat
694 1861 806 1936 aether,

114 1946 151 2003 Et
164 1948 310 2004 coniurati
322 1950 446 2004 veniunt
459 1947 495 2002 ad
508 1949 630 2010 classica
641 1944 739 2003 venti!

7 2028 252 2102 blaterantem,
261 2032 345 2090 sicut
358 2032 521 2088 crediderat
534 2039 563 2086 ct
574 2030 777 2128 praedixerat,
800 2030 879 2090 lovis
893 2033 1061 2120 simulacra,

7 2173 8 2176 ,
51 2131 107 2186 quac
124 2115 280 2171 adversus
280 2133 347 2176 eune
366 2115 484 2174 fucrcuc
506 2116 607 2173 nescio
622 2115 725 2189 quibus
741 2115 848 2186 ritibus
862 2117 943 2172 velut
957 2133 1060 2172 oense-

52 2209 124 2267 erata,
149 2200 220 2254 etin
234 2197 357 2271 Alpibus
371 2199 547 2268 constituta,
571 2196 718 2272 deposuit:
745 2217 905 2275 eorumque
926 2199 1063 2272 fulmina,

7 2343 8 2348 ἵ
52 2281 114 2352 quod
123 2301 206 2337 aurea
218 2281 361 2351 fuissent,
387 2281 551 2340 iocantibus
572 2277 664 2358 (quod
677 2281 726 2338 illa
739 2283 851 2342 laetitia
864 2283 1070 2361 permittebat)'

54 2361 219 2435 Curionibus,
245 2375 276 2421 et
297 2383 329 2418 se
352 2366 387 2421 ab
412 2367 454 2419 eis
473 2364 623 2424 fulminari
637 2365 710 2420 velle
724 2365 905 2438 dicentibus,
928 2365 1063 2424 hilariter

56 2443 212 2524 benigneque
226 2448 357 2505 donavit.
370 2446 559 2514 inimicorum
572 2465 693 2504 suorum
706 2447 793 2520 lilios,
807 2467 882 2524 quos
895 2469 956 2507 non
969 2447 1061 2524 ipsius
1158 2475 1160 2480 ι

55 2529 143 2602 iussus,
155 2533 202 2588 sed
214 2533 286 2588 belli
297 2533 457 2600 abstulerat
470 2533 611 2606 impetus,
635 2533 724 2588 etiarn
736 2529 867 2598 nondum
879 2532 1061 2591 Christianos
1091 2523 1105 2538 “’
1159 2530 1162 2533 ’

7 2613 18 2658 l
52 2612 78 2667 cd
88 2617 230 2672 ecclesiam
243 2613 466 2694 confugientes,
493 2614 679 2674 Christianos
692 2613 747 2671 hac
760 2617 916 2674 occasione
929 2617 995 2673 ficri
1006 2637 1060 2674 vo-

50 2697 101 2768 luit,
114 2710 140 2755 et
150 2699 317 2757 Christiana
331 2701 453 2778 caritate
467 2698 584 2770 dilexit3
598 2695 652 2755 ne'c
664 2700 791 2774 privavit
803 2701 908 2800 rebus,
914 2701 966 2756 sed
977 2705 1062 2759 auxit
1137 2731 1142 2744 =

48 2778 195 2840 bonoribus.
226 2781 261 2838 ln
276 2784 422 2839 neminem
435 2772 502 2856 post
514 2784 668 2840 victoriam
683 2783 811 2855 privatas
825 2783 994 2841 inimicitias
1008 2803 1060 2842 va-

48 2868 93 2920 lere
103 2868 240 2941 permisit.
267 2865 350 2922 Bella
363 2867 472 2937 civilia,
497 2885 556 2924 non
570 2868 648 2924 sicut
660 2865 755 2924 Cinna
768 2877 798 2923 et
812 2867 923 2926 Marius
936 2879 966 2927 et
979 2868 1062 2945 Sylla

47 2953 206 3008 etaliitales
224 2969 279 3006 nec
294 2950 378 3012 finita
389 2950 477 3007 finire
491 2943 667 3021 voluerunt,
694 2949 745 3006 sed
769 2954 863 3031 magis
888 2951 982 3010 doluit
1007 2969 1059 3007 ex·
1117 3015 1119 3022 y

45 3043 96 3088 orta
107 3053 191 3110 quam
204 3039 338 3113 cuiquam
351 3053 457 3091 nocere
469 3036 563 3091 noluit
579 3037 744 3093 terminata.
783 3034 865 3092 Inter
876 3033 947 3092 hacc
962 3039 1061 3091 omnia

45 3133 71 3169 tx
82 3119 139 3192 ipso
159 3122 248 3179 initio
267 3119 383 3192 imperii
400 3120 448 3174 sui
464 3137 526 3175 non
543 3119 655 3194 quievit
666 3118 836 3176 iustissimis
849 3129 879 3174 ct
890 3113 1059 3174 misericor-

44 3197 154 3258 dissimis
166 3205 283 3282 legibus
296 3197 457 3258 adversus
449 3204 551 3278 rmpios
565 3202 710 3258 laboranti
722 3200 872 3259 Ecclesiae
886 3201 1059 3272 subrenire3
1089 3236 1093 3245 -

45 3297 112 3355 quan
124 3286 233 3344 Valens
250 3286 416 3344 haereticus
436 3286 538 3342 favens
550 3285 683 3342 Arrianis
697 3281 887 3344 vehementer
899 3279 1059 3341 afflixerat:

44 3370 110 3424 ιιίιι
119 3369 273 3428 Ecclesiae
287 3389 320 3425 sc
324 3369 493 3426 membrum
506 3383 571 3424 esse
582 3369 674 3445 magis
689 3385 775 3444 quarn
786 3369 818 3423 in
831 3369 932 3423 terris
933 3385 1060 3444 regnare

45 3452 177 3524 gaudebat
205 3454 370 3512 simulacra
382 3453 536 3530 gentilium
549 3453 654 3549 ubicpue
668 3451 826 3510 evertenda
838 3452 997 3525 praecepit,
1012 3469 1059 3508 sa·
1135 3489 1140 3504 -,

44 3533 70 3586 tis
81 3537 259 3616 intelligens,
273 3556 328 3593 ncc
334 3543 457 3592 terrena
469 3553 590 3591 munere
603 3537 635 3590 in
649 3527 880 3632 daemoniorum,
895 3533 968 3589 sed
960 3553 990 3591 ιιι
1002 3532 1061 3591 Dei

44 3620 91 3672 teri
102 3639 165 3676 esse
177 3623 276 3696 posita
288 3627 440 3695 potestate.
467 3617 544 3686 Quid
557 3627 655 3673 autem
668 3615 763 3673 fuit'
738 3634 800 3672 erus
813 3617 951 3695 religiosa
964 3616 1059 3674 hunri-
1044 3652 1069 3672 -χ

45 3695 107 3758 litate
127 3704 308 3773 mirabilius,
332 3701 478 3800 quando
469 3719 501 3758 ιιι
523 3695 831 3758 Thessalonicensium
855 3703 1079 3778 gravissimum.

7 3821 8 3860 ι
45 3785 151 3857 scelus,
148 3789 204 3844 cui
221 3788 280 3842 iarn
295 3786 437 3858 episcopis
451 3784 702 3842 intercedentibus
717 3779 891 3857 promiserat
903 3785 1043 3863 indulgen

46 3863 105 3940 fita,
125 3872 254 3926 tumultu
271 3867 471 3944 quorumdam,
491 3869 541 3944 qui
557 3888 583 3922 er
575 3865 804 3941 'cohaerebant
818 3867 971 3929 vindicare
985 3888 1065 3928 coru·
1134 3897 1138 3930 ι
