2340 4312
164 218 228 278 nu
254 217 471 312 crumina
495 217 577 277 orl
608 219 688 278 nm.
710 209 818 279 xsur.
932 188 1005 285 '133'
1110 171 1113 178 ¹

11 391 65 443 ·a,·
82 370 204 446 quenda
220 371 316 438 Dauid
329 369 418 428 Saule
432 371 585 446 reprobato
605 374 645 428 ita
662 390 788 450 regnum
806 375 916 448 primus
931 377 1005 434 obti-

11 464 43 523 .t,
57 465 91 514 ut
106 456 172 510 eius
184 453 289 511 deinde
299 455 410 529 posteri
423 457 454 516 in
465 451 583 511 terrena
591 453 778 512 Hierusalem
790 455 925 514 diuturna
940 477 1006 516 rue-

11 538 104 594 sione
117 547 300 614 regnarent,
322 535 401 618 dedit
419 537 562 614 figuram,
585 555 617 593 re
637 549 720 616 gesta
734 538 906 616 significans
921 549 1006 614 atque
1035 549 1065 577 ·²

11 623 201 692 enuntians,
225 620 300 695 quod
314 640 372 690 non
387 630 432 676 est
443 619 687 695 praetereundum
703 622 838 694 silentio,
861 622 1007 678 derorum

11 705 131 760 tatione
146 703 321 774 futurarum,
335 702 413 778 quod
426 705 532 760 attinet
545 704 581 774 ad
595 701 650 760 duo
666 702 865 777 Testamenta,
878 701 964 768 retus
978 713 1008 762 et

11 802 91 843 rum:
119 787 171 842 ubi
185 786 380 843 sacerdotium
393 801 574 864 regnumque
592 796 736 843 mutatum
750 798 795 852 est
808 807 859 863 per
872 788 1006 847 saeerdass

11 887 26 922 a
42 869 227 950 eundemque
240 888 341 946 regem
354 888 464 925 novum
477 888 510 936 ac
525 871 745 944 sempiternum,
758 873 809 947 qui
820 882 866 928 est
874 869 1010 928 Chritus

14 967 61 1007 us.
99 951 179 1008 Nam
192 961 222 1007 et
234 949 303 1008 Heli
316 950 467 1008 sacerdote
480 954 636 1027 reprobato
649 953 822 1018 substitutus
837 955 868 1011 in
881 953 939 1012 Dei
952 955 1012 1010 mie

11 1037 125 1092 sterium
138 1033 270 1106 Samuel,
285 1037 371 1091 simul
391 1034 484 1092 officio
498 1035 614 1092 functus
632 1035 792 1093 sacerdotis
807 1048 837 1093 et
850 1038 964 1111 iudicis,
979 1047 1008 1094 et
1082 1094 1088 1118 ·.

11 1119 66 1172 mle
76 1119 190 1174 abiecto
202 1137 255 1180 rex
266 1116 362 1175 David
376 1117 514 1198 fundatus
528 1120 560 1188 in
574 1137 678 1198 regno,
691 1118 748 1176 hoc
761 1122 837 1196 quod
851 1121 915 1177 dieo
929 1121 1007 1198 ligu-

11 1213 119 1258 remnt.
155 1199 250 1258 Mater
270 1197 382 1276 quoque
402 1203 465 1276 ipra
479 1199 624 1258 Samuelis
638 1203 740 1274 Anna,
769 1223 843 1279 quae
853 1206 936 1280 prius
952 1195 1008 1260 suit

11 1283 91 1355 uilis,
106 1294 136 1340 et
149 1285 311 1358 posteriore
324 1283 524 1341 foecunditate
537 1288 645 1342 laetata
659 1296 719 1358 est,
741 1285 913 1362 prophetare
928 1287 1008 1344 aliud

11 1365 181 1436 nridetur,
209 1386 297 1441 quum
314 1368 541 1446 gratulationem
561 1387 643 1424 ruam
655 1355 896 1440 Dominosuridit
909 1373 1014 1426 exsul«

11 1463 53 1520 ts:-
78 1450 198 1526 quando
212 1449 336 1506 eundem
348 1449 480 1525 piretum¹
490 1462 590 1508 natum
605 1461 635 1506 et
646 1452 899 1512 ablactatumDeo
912 1453 1009 1510 reddit
1066 1485 1068 1488 ·

11 1525 69 1590 lem
81 1534 209 1608 pietate,
224 1551 281 1607 qua
295 1543 424 1590 voverat.
460 1534 541 1590 Dicit
555 1535 647 1592 enirn:
673 1532 886 1606 Confirmatum
900 1547 945 1592 eat
957 1555 1008 1593 cor

11 1630 58 1674 aaa
77 1620 111 1673 in
126 1615 270 1685 Dommo,
297 1627 325 1674 et
345 1617 510 1674 exaltatum
529 1628 574 1674 eat
593 1617 688 1674 cornu
703 1637 795 1674 meum
815 1619 845 1674 in
860 1616 923 1673 Deo
937 1637 1007 1674 meo.

11 1695 146 1758 letatum
164 1710 209 1756 est
227 1693 317 1776 super
336 1701 466 1768 inimicos
485 1717 562 1756 meos
582 1718 614 1757 oe
631 1693 739 1756 meumr
767 1700 884 1758 laetata
903 1703 1008 1758 eumin
1070 1775 1076 1780 .
1139 1758 1144 1763 ,

11 1777 105 1842 atari
118 1792 180 1838 tua.
203 1780 349 1850 Quoniam
362 1801 418 1838 non
433 1793 478 1839 eet
492 1793 624 1860 sanetur,
638 1785 715 1838 sicut
729 1781 888 1856 Dominus,
909 1793 938 1846 et
951 1803 1008 1840 non

23 1867 232 1938 iustua„sicut
248 1863 330 1937 Deua
345 1876 462 1923 noster:
482 1885 537 1922 non
552 1877 598 1922 eat
611 1876 733 1930 sanetus
741 1877 871 1944 praeter
885 1877 923 1922 te.
949 1863 1008 1922 No·
1040 1909 1046 1916 „
1076 1933 1077 1938 ἵ

11 1963 17 1998 t
30 1951 174 2026 gloriari
186 1947 325 2024 superbe,
348 1949 383 2004 'et
402 1947 491 2004 nolite
506 1948 585 2024 loqui
597 1948 744 2018 excelsa,
757 1969 847 2025 neque
859 1949 1008 2026 procedat

11 2031 204 2108 gniloquium
218 2031 252 2088 de
266 2042 437 2100 erecestre.
481 2029 627 2100 Quoniam
642 2029 725 2090 Deua
740 2034 932 2090 scientiarum
945 2031 1007 2088 Da·
1037 2062 1039 2068 a
1102 2083 1105 2088 .

11 2131 73 2186 tua,
97 2125 129 2172 et
142 2111 664 2192 Deuepraeparansadinventiones
676 2132 756 2171 auae.
784 2113 892 2179 Arcum
901 2126 1009 2192 poten-

11 2213 39 2254 m
50 2199 142 2270 fecit
157 2196 329 2267 infirmum·
345 2206 374 2253 et
387 2195 501 2268 infirmi
507 2199 681 2273 praecincti
692 2207 762 2254 aunt
775 2201 898 2256 uirtute.
925 2195 1010 2254 Pleni

11 2283 95 2338 uibus
110 2281 256 2336 minorati
268 2283 347 2349 aunt,
363 2290 392 2336 et
406 2281 774 2339 eaurieateatransierunt
789 2292 911 2338 terrum.
930 2280 1022 2356 Quia,
1091 2333 1093 2338 .

11 2365 84 2422 ritis
92 2363 220 2442 peperit
233 2371 359 2440 septem,
374 2372 403 2419 et
416 2361 511 2441 multu
523 2362 553 2417 in
559 2360 640 2433 filiis
655 2363 811 2434 infirmata
825 2377 878 2420 est.
893 2351 1008 2420 aDomi-
1079 2389 1083 2397 κ

11 2443 207 2517 tmortifieat
221 2454 251 2502 et
264 2446 415 2518 vivifican
428 2444 545 2502 deducit
559 2444 600 2501 ad
611 2445 737 2515 inferar,
750 2456 779 2502 et
793 2447 918 2505 reducit.
946 2445 1009 2502 Do-

11 2545 62 2587 tus
69 2520 334 2609 pauperemfacit,
355 2537 384 2584 et
399 2527 501 2600 didat‚·
518 2525 669 2602 humiliat,
679 2538 708 2583 et
722 2526 848 2585 exaltat.
874 2527 1009 2586 Suscitat

12 2631 92 2670 erra
105 2629 288 2689 pauperem,
303 2621 344 2668 vet
363 2610 398 2667 de
418 2611 550 2665 stercore
570 2610 665 2682 erigit,
680 2610 809 2684 inopem:
838 2621 870 2667 ut
889 2612 1007 2669 collocet

11 2710 29 2750 a
44 2715 115 2752 eum
123 2693 299 2772 patentibus
312 2692 421 2772 papuli
438 2687 528 2766 [aui]‚
554 2701 584 2748 et
597 2691 694 2748 sedem
706 2690 823 2766 gloriae
836 2691 1016 2752 haeredita·x

11 2780 119 2836 edane
137 2777 197 2834 eis:
217 2777 299 2846 ,dana
317 2787 415 2834 vatum
432 2776 564 2844 voventi,
592 2784 621 2831 et
639 2773 788 2830 benedixit
806 2793 900 2830 annae
917 2779 1007 2834 iusti:
1062 2841 1067 2852 β

11 2865 180 2918 ceraunon
194 2849 466 2936 invirtutepotena
480 2859 594 2914 eatair.
632 2854 776 2912 Dominus
791 2856 1008 2930 infirmum'fu-
1072 2878 1096 2900 ι’

11 2950 26 2996 t
41 2944 253 3002 adversarium
267 2958 364 3012 auum„
374 2939 523 3012 Dominus
537 2948 668 2996 canctus.
701 2935 764 3000 Nan
777 2939 924 3015 glorietur
930 2957 1010 3020 pra:

11 3041 42 3082 es
56 3027 267 3104 inprudentia
277 3042 347 3093 sua,
362 3035 391 3081 et
404 3043 460 3081 non
473 3023 620 3100 glorietur
627 3031 736 3100 patena
751 3025 928 3101 inpotentia
941 3041 1010 3100 aaa,

11 3122 72 3166 aon
83 3108 234 3186 glorietur·
248 3109 329 3164 diver
344 3109 373 3164 iu
388 3101 597 3164 divitiiesuis:
625 3105 678 3162 sed
690 3107 720 3161 in
733 3103 787 3160 doc
798 3105 945 3181 glorietur
959 3111 1010 3183 qui
1076 3183 1078 3186 Ι

11 3194 138 3262 uterer,
154 3190 323 3265 intelligere
337 3200 366 3247 et
379 3190 456 3245 scire
469 3187 641 3258 Dominum,
660 3197 689 3244 et
699 3187 812 3260 facere
825 3189 964 3246 iudicium
978 3200 1007 3245 et
1080 3261 1082 3266 Α

11 3276 122 3340 *titiam
136 3275 166 3328 in
180 3274 272 3330 medio
287 3283 397 3330 terrae.
412 3269 565 3344 ¹Dominae
580 3271 778 3328 adscenditur
792 3271 897 3342 coelos,
920 3283 949 3328 et
962 3284 1006 3328 ta-

11 3351 56 3412 it:
82 3355 146 3432 iprae
164 3337 309 3412 iudicadd
332 3365 464 3412 extrema
483 3363 600 3425 terrae,
627 3355 697 3430 quia
712 3355 807 3411 iustus
822 3365 885 3410 est:
911 3365 940 3412 et
954 3355 1008 3411 dat

11 3444 115 3495 'tutem
130 3438 250 3514 regibua
262 3439 385 3506 nostris,
405 3447 434 3494 et
448 3436 595 3494 exultabit
609 3456 699 3492 cornu
716 3434 898 3493 Christiani.
1061 3433 1062 3440 ’

49 3519 130 3576 ltane
152 3540 221 3578 vero
241 3522 330 3578 verba
343 3519 414 3575 haee
429 3520 517 3575 unius
534 3519 711 3593 putabuntur
730 3537 794 3573 esse
806 3520 1007 3591 mulierculae,
1096 3521 1103 3534 ”

24 3613 95 3660 ueto
109 3605 164 3660 sibi
179 3603 239 3660 lilio
251 3589 447 3682 'gratulantisi
473 3599 640 3658 Tantumne
653 3619 735 3657 mens
749 3599 898 3658 hominum
911 3621 929 3658 a
942 3605 1007 3659 luce

11 3685 111 3742 ritntis
122 3685 227 3744 aversa
241 3697 303 3757 est,
328 3699 361 3742 ut
375 3703 434 3740 non
449 3686 557 3740 sentiat
570 3683 741 3759 supergredi
754 3683 869 3740 modum
883 3679 1007 3742 feminae

11 3762 65 3822 line
78 3767 156 3825 dicta
170 3789 244 3844 quae
258 3765 350 3826 futat
383 3766 475 3823 Porro
490 3769 537 3842 qui
551 3767 636 3822 rebus
650 3766 731 3840 ipsis,
746 3785 819 3841 quae
834 3769 890 3824 iam
905 3788 1007 3844 eoepe-

15 3849 287 3910 utetiametinhac
306 3863 422 3909 terrena
450 3849 687 3930 peregrinatione
716 3851 866 3932 compleri,
902 3871 1009 3909 conue-
1107 3870 1110 3880 ⁴
