2400 4312
68 148 183 248 'coc
287 163 289 182 “
352 143 1011 253 nivinvsunusvevsmm‘
1096 240 1098 242 ,

508 333 765 396 ennium.

331 435 408 499 Quod
417 433 525 500 Iupiter
542 433 623 485 etium
634 433 757 494 Pecunia
772 443 950 502 nuncupetur.

147 527 150 532 ’
178 525 281 593 'Quam
300 543 370 581 vcro
386 523 537 599 eleganter
550 523 694 579 rationem
706 521 793 578 huius
807 525 936 578 nominis
948 519 1143 580 reddiderunt

66 599 75 612 ⁸
121 608 160 666 Et
173 598 637 680 Pecunia,inquiun't,vocatur,
660 605 736 679 quod
750 607 813 662 eius
828 607 889 660 sint
902 607 1011 662 omnia.
1056 605 1144 662 Oma-

67 753 71 759 ,
121 711 211 770 gnam
223 691 367 747 rationem
376 687 470 742 divini
483 685 628 743 nominis!
655 687 1145 759 lmovcroilleeuiussuntomnia,
1191 755 1197 766 ἱ

120 775 263 830 vilissime
279 781 308 826 et
322 771 614 826 contumeliosissime
624 769 752 827 Pecunia
765 781 959 846 nuncupatur.
1003 772 1048 828 Ad
1062 773 1146 827 omnia
1179 821 1180 826 ,

26 903 31 913 f
122 859 200 912 enim
213 873 285 930 quae
298 855 379 910 coelo
396 862 425 907 ct
438 861 518 906 terra
532 855 731 924 eontinentur,
747 853 816 927 quid
827 863 872 908 cst
880 855 1007 928 pecunia
1019 857 1053 910 in
1066 855 1146 910 omni·
1183 925 1191 930 Π

120 940 173 996 bus
187 938 306 993 omnino
320 935 424 1003 rebus,
452 952 525 1009 qnae
539 936 574 990 ab
588 934 753 992 hominibus
768 939 888 992 noniine
905 939 1051 1010 pecuniae
1065 938 1146 1010 possi·
1179 951 1191 1016 ,s

50 1073 51 1076 ,
121 1016 245 1076 dentur?
274 1018 334 1076 Sed
348 1019 487 1072 nimirum
509 1016 563 1073 hoe
587 1021 711 1075 avaritia
725 1016 788 1074 lovi
813 1037 920 1076 nomen
946 1020 1100 1094 imposuit,
1123 1029 1148 1074 ut
1177 1065 1181 1098 ὲ

47 1157 53 1170 ,
121 1103 252 1178 quisquis
266 1110 345 1157 amat
357 1101 526 1174 pecuniam,
552 1101 785 1176 nonquemlibct
810 1101 911 1172 deum,
938 1101 990 1162 sed
1004 1104 1098 1176 ipsum
1109 1121 1146 1157 re-

121 1183 672 1264 gem'o'mniumsibiamarevideatur.
716 1183 818 1262 Longe
845 1191 944 1243 autem
964 1185 1047 1240 aliud
1073 1193 1147 1268 esset,

122 1272 147 1324 si
160 1267 280 1323 divitiae
290 1274 459 1322 uocaretur.
497 1265 588 1322 'Aliud
601 1284 725 1346 namque
739 1276 808 1322 sunt
821 1263 952 1336 diuitiae,
977 1268 1059 1323 aliud
1071 1285 1146 1340 pecu·
1178 1339 1179 1343 ἵ

122 1353 180 1408 nia.
225 1348 300 1404 Nam
310 1349 431 1406 dicimus
446 1345 568 1421 diuites,
594 1350 757 1423 sapientes,
785 1352 894 1420 iustos,
919 1351 1029 1421 bonos,
1059 1350 1147 1425 quibus
1181 1342 1185 1344 ’

121 1431 416 1509 pceu'niauelnulla,
442 1433 490 1486 vel
516 1449 606 1505 parva
633 1441 693 1503 est3
719 1434 814 1509 magis
829 1434 907 1488 enim
921 1442 992 1487 sunt
1006 1433 1146 1489 virtutibus
1179 1430 1200 1451 ς’

122 1515 247 1584 divites,
265 1531 403 1588 pernquas
418 1513 461 1568 eis
476 1515 564 1570 etiam
577 1516 609 1570 in
622 1515 903 1588 ipsiccorporalium
914 1525 1020 1572 rerum
1031 1515 1146 1571 necessi·

122 1599 229 1654 tatibus
243 1605 288 1652 sat
302 1605 347 1651 est
360 1594 547 1670 quodadest:
573 1614 714 1670 pauperes
741 1615 810 1652 vero
837 1589 957 1667 auarus,
986 1615 1100 1672 semper
1111 1599 1146 1650 in-

121 1678 241 1738 hiantes
263 1687 292 1734 et
317 1687 453 1755 egentem
482 1678 639 1752 quamlibet
652 1679 731 1744 enim
745 1695 867 1754 magnas
886 1682 1036 1750 pecunias·
1056 1680 1146 1735 habere
1167 1695 1173 1746 ,¹

52 1823 56 1828 ,
120 1759 258 1838 possunt,
287 1761 385 1816 sedin
409 1777 509 1814 earum
533 1769 756 1833 quantacunque
781 1759 959 1816 abundantia
986 1779 1048 1818 non
1075 1778 1145 1839 cgere

120 1855 252 1919 possunt.
295 1843 334 1898 Et
346 1841 443 1898 Deum
456 1843 550 1914 ipsum
565 1861 665 1898 verum
687 1851 767 1897 reete
791 1842 912 1896 dicimus
937 1843 1075 1915 divitem,
1099 1860 1144 1899 nou

121 1938 218 1984 tamen
243 1927 383 2001 pecunia,
411 1923 462 1976 sed
476 1921 697 1996 omnipotentia.
740 1924 888 1981 Dicuntur·
899 1927 1000 2000 itaquo
1014 1938 1044 1982 et
1057 1927 1144 1982 divites

104 2009 288 2084 ¹pecuniosi3
310 2006 367 2060 'sed
380 2006 504 2060 interius
520 2004 641 2076 divites,
666 2009 692 2062 si
705 2009 860 2084 sapientes.
905 2009 1007 2072 Qualis
1017 2029 1091 2088 ergo
1103 2010 1145 2062 ista

89 2119 96 2140 s
121 2093 268 2168 theologia
295 2087 380 2142 debet
395 2099 458 2141 esse
481 2089 622 2160 sapienti,
649 2089 699 2144 ubi
712 2107 766 2144 rex
780 2089 901 2145 deorum
914 2091 979 2146 citis
992 2094 1040 2147 rei
1054 2106 1143 2148 nomeu

121 2176 247 2250 accepit,
263 2189 349 2246 quam
362 2187 448 2224 nemo
464 2171 580 2246 sapiens
595 2168 783 2246 concupiviti
810 2173 925 2238 Quanto
940 2175 1021 2230 enim
1035 2173 1143 2239 facilius,

121 2259 147 2311 si
161 2254 271 2330 aliquid
294 2251 348 2316 hac
369 2251 503 2307 doctrina
521 2253 598 2326 quod
617 2253 654 2308 ad
667 2256 758 2310 vitam
770 2256 934 2326 pertineret
947 2266 1096 2313 aeternam
1109 2271 1143 2309 sn-

120 2338 242 2393 lubritec
264 2337 425 2404 diceretur,
447 2333 517 2390 deus
537 2336 747 2406 mundiyreetoc
758 2355 821 2392 non
834 2337 869 2392 ab
884 2327 927 2393 eis
941 2326 1083 2410 pecunia,
1106 2332 1144 2390 sed

119 2421 266 2493 sapientia
290 2425 461 2487 vocaretur,
488 2419 569 2474 euius
587 2416 677 2478 “amor
702 2429 840 2500 purgata
854 2420 988 2476 sordibus
1007 2421 1143 2485 avaritiae,

44 2516 51 2524 '
118 2501 246 2575 hoe-est,
272 2501 307 2558 ab
323 2498 596 2576 amorepecuniaei
1038 2491 1043 2505 '

504 2651 621 2710 cuc.
665 2649 784 2730 xm.

119 2747 197 2814 Quod
217 2752 278 2802 dum
292 2750 437 2819 exponitur·
448 2749 514 2818 quid
525 2747 660 2799 Saturnus
671 2748 766 2816 quidue
776 2747 813 2802 sit
827 2741 945 2813 Genitos,
964 2757 1080 2816 uterquc
1090 2757 1143 2799 uuut

476 2818 582 2886 Iupiter
593 2833 646 2872 etto
662 2817 799 2879 doceatur.

181 2906 241 2964 Sed
255 2906 374 2982 quidde
387 2908 441 2964 hoe
455 2906 523 2964 love
536 2907 636 2980 plura,
663 2904 700 2960 ad
713 2901 799 2980 quem
812 2904 936 2962 fortasse
950 2907 1063 2962 caeteri
1079 2904 1143 2962 rete·

99 3011 103 3016 ·
116 2989 201 3052 rendi
215 3000 299 3060 sunt,
314 3001 346 3047 ut
359 2993 456 3047 inanis
469 2998 620 3046 remaneat
629 2987 749 3042 deorum
759 2989 860 3061 'opinio
870 2990 1079 3062 plurimorum,
1093 3003 1143 3044 eun

116 3071 164 3127 hic
178 3075 240 3146 ipse
265 3075 304 3128 sit
317 3089 434 3144 omnes;
461 3074 523 3129 sive
538 3071 652 3146 quando
666 3079 763 3146 partes
774 3072 840 3125 eius
850 3072 902 3126 ¹uel
914 3081 1078 3144 potestates
1092 3071 1143 3126 exi-

117 3157 287 3226 stimantur,
313 3157 375 3211 sive
389 3175 454 3212 eum
466 3156 511 3211 vis
525 3157 655 3222 animae,
669 3159 755 3232 quam
768 3161 872 3226 putant
885 3172 938 3225 per
951 3163 1058 3210 cuncta
1072 3150 1144 3210 diffu-

114 3245 193 3308 sam,
221 3255 259 3293 ex
284 3233 415 3312 partibus
441 3239 525 3293 molis
551 3235 652 3304 huius,
678 3236 710 3289 in
723 3253 795 3309 quas
807 3235 932 3291 visibili
947 3236 1073 3292 mundus
1100 3239 1144 3292 iste

117 3321 283 3398 consurgit,
301 3329 332 3376 et
344 3321 496 3395 multiplici
510 3319 764 3375 administratione
778 3326 916 3388 naturae,
934 3321 1019 3394 quasi
1031 3321 1144 3394 plurium
1172 3315 1179 3328 '

113 3401 237 3458 'deorum
252 3399 514 3476 nominaaeecpiti
543 3402 619 3468 Quid
634 3409 679 3455 eut
693 3401 771 3454 enim
785 3397 996 3456 etSaturuusi
1041 3401 1144 3472 „Vnus
1173 3393 1183 3408 ”

116 3486 252 3560 „inquit,
277 3485 313 3540 de
326 3486 506 3560 principibus
521 3485 606 3554 deus,
632 3499 723 3558 penes
745 3487 835 3556 ¹(piem
857 3483 1005 3538 sationum
1028 3487 1145 3546 omniun
1181 3476 1200 3487 ”’

48 3586 50 3590 ·
118 3566 304 3636 „dominatus
329 3569 406 3623 est.“
449 3567 555 3622 Nonne
582 3566 726 3640 expositio
751 3581 889 3619 versuum
916 3566 1035 3622 illorum
1048 3563 1145 3646 Valerii
1174 3591 1178 3602 ·

116 3647 223 3704 Sorani
237 3651 280 3706 sie
293 3649 441 3722 sehabet,
467 3647 566 3705 lovem
592 3666 655 3702 esse
682 3645 835 3716 mundum,
863 3656 893 3702 et
914 3665 981 3703 eum
995 3651 1145 3704 oinniase·

24 3747 26 3750 ·
114 3732 448 3801 minacxseemittere,
478 3732 552 3785 etin
567 3748 598 3783 se
621 3725 769 3800 reciperet
806 3727 873 3803 lpse
887 3740 932 3785 est
946 3730 1041 3806 igitur
1068 3742 1146 3804 penu

115 3830 199 3888 quem
226 3815 371 3871 sationum
400 3814 528 3870 omnium
556 3811 719 3868 dominatus
746 3819 799 3865 est.
844 3809 919 3877 Quid
947 3821 994 3868 est
1020 3801 1146 3869 Genius!
1176 3827 1179 3857 e

167 3913 176 3924 a
494 3895 503 3918 ⁸
643 3905 651 3910 ·
