2310 4306
177 193 245 254 na
267 163 486 254 ιιιιιιιιι
510 195 589 255 nai
616 197 695 258 ιιιι.
718 159 885 276 ιιιιιι.·”
967 211 1036 280 ιιι

28 358 117 413 isset
121 347 157 404 de
178 345 340 417 sacrificio,
367 347 443 422 qued
462 349 588 407 Arcades
608 351 756 407 immolato
774 372 883 426 puero,
911 355 969 413 dca-
983 376 1035 415 suo

28 445 113 486 eaeo
128 433 227 488 facere
241 431 405 501 solerent,'
397 449 428 486 in.
441 434 540 506 lupum
554 431 643 489 fuisse
656 442 810 505 mutatum,
825 447 855 492 et
867 456 944 494 anno
958 439 1036 495 deei-

28 530 36 564 ι
54 515 88 570 in
86 513 229 592 figuram
243 515 392 609 preprium
404 517 583 587 restitutum,
589 512 664 590 [ad]
674 514 861 594 pugilatu[m]
875 538 939 574 sese
950 530 1036 578 exer-

28 593 103 667 isse,
118 605 149 658 et
163 595 343 670 Olympiaca
347 597 453 652 vicisse
467 599 635 654 certamine.
663 598 724 655 Nec
736 598 813 654 idem
825 611 944 676 prepter
956 604 1042 664 aliud

28 679 156 736 aitratur
174 677 363 734 historicus¹
352 697 384 734 ιιι
402 679 527 736 Arcadia
547 682 606 738 tale
625 699 744 738 nemen
749 680 874 743 affictum
888 684 963 741 Pani
975 684 1034 760 Ly-

28 777 63 818 ae
77 771 110 818 et
123 760 188 818 lavi
201 760 370 836 Lycaeo,'
341 762 399 816 mai
412 772 530 836 prepter
543 760 641 819 hanc
632 783 664 820 ιιι
676 766 760 838 lupos
774 763 926 825 bominum
939 777 1033 824 muta·
1111 811 1120 824 ,

29 845 119 916 ubm,
134 843 213 919 qued
227 861 292 900 eum
305 845 365 908 nisi
376 863 407 900 vr
398 845 520 904 divina
533 845 598 901 fieri
611 865 671 902 nan
683 857 829 922 putarent.
843 848 942 924 lupus
956 852 1034 911 enim

28 943 107 986 aene
123 921 214 994 λυκός
225 925 343 998 dicitur,
355 925 433 982 unde
444 927 551 1003 Lycaei
564 947 668 985 nomen
681 941 801 1004 apparet
811 930 959 990 inflexum.
973 931 1034 990 Ro-

28 1027 95 1067 ιιιιιι
107 1012 200 1066 etiam
209 1007 355 1084 Lupercos
370 1027 408 1064 ex
422 1011 538 1068 illorum
551 1012 757 1085 mysteriorum
771 1005 851 1072 velut
865 1018 976 1074 semine
990 1018 1034 1074 di·
1066 1011 1067 1014 '

42 1102 171 1150 exortes

356 1175 477 1233 CAP.
521 1174 678 1233 xvtlt
740 1191 741 1194 ’

28 1270 243 1329 a'dcredendam
250 1271 288 1324 cit
296 1271 330 1322 de
341 1271 640 1352 transformatiaaidm,
661 1288 730 1339 puae
745 1283 806 1327 erte
821 1274 977 1330 deeruonum
991 1277 1035 1330 Ιιο-

318 1339 434 1392 minibus
448 1340 572 1392 videatur
587 1340 742 1392 ιιιιίιιιιι.

51 1427 119 1486 Sed
132 1413 242 1485 deista
261 1435 354 1484 tanta
362 1429 562 1486 ludificatione
581 1429 770 1497 daemonum,
797 1449 850 1486 nos
872 1432 941 1505 quid
955 1433 1034 1491 diea-

28 1529 66 1583 ιι,
90 1507 147 1586 qui
170 1507 243 1568 baec
266 1512 384 1587 legent,
402 1510 537 1568 fortassis
561 1519 741 1585 exspectent.
771 1507 851 1586 [quid
873 1511 1036 1573 Christiani

28 1613 83 1650 erc
100 1594 245 1665 debeant,
265 1592 381 1668 quanda
394 1596 472 1650 inter
485 1595 565 1649 idola
577 1595 711 1671 gentium
722 1595 863 1650 miracula
876 1595 941 1650 fieri
954 1615 1035 1654 asse·
1085 1602 1089 1622 ¹

28 1673 125 1750 ntum]
149 1676 190 1732 Et
204 1677 273 1751 quid
286 1675 425 1747 dicemus,
439 1678 499 1733 nisi
512 1677 654 1732 demedio
665 1675 825 1749 Babylonis
840 1695 903 1731 esse
917 1677 1036 1754 fugien·
1100 1687 1101 1690 ’

28 1757 79 1815 md
97 1759 186 1832 Quod
198 1767 384 1832 praeceptum
398 1757 599 1833 propheticum
611 1760 659 1816 ita
665 1759 836 1832 spiritaliter
849 1760 1036 1836 intelligitur,

35 1843 76 1898 de
89 1841 182 1898 huius
197 1839 457 1911 saeculi'Civitate,
482 1859 556 1915 quae
568 1841 701 1914 prefecto
714 1849 745 1896 ιι
757 1833 929 1918 angelorum
943 1852 972 1896 et
983 1842 1035 1900 Ιιοῑ
1079 1905 1080 1908 Ἰ

28 1941 108 1980 unm
122 1926 249 1980 societas
263 1925 419 1996 impiorum
433 1934 489 1994 est,
501 1923 568 1978 fidei
582 1927 725 1996 passibus,
752 1940 826 1996 quae
839 1943 892 1998 per
905 1923 1036 1992 dileetio-

28 2025 60 2064 ιιι
77 2015 239 2080 operatur,
263 2007 296 2060 in
309 2003 404 2061 Deum
418 2007 518 2062 vivum
535 2005 714 2081 proficiendo
728 2005 883 2082 firgiamus.
919 2007 1035 2073 Quanta

28 2089 102 2164 ippe
120 2089 153 2142 in
170 2086 243 2158 baec
255 2088 323 2141 ima
340 2096 526 2161 potestatem»
539 2089 711 2145 daemonum
733 2090 885 2144 maiorem·
894 2091 1036 2162 videmus,

28 2183 77 2228 rte
93 2171 230 2226 tenacius
241 2168 399 2227 Mediatori
412 2180 458 2226 est
471 2169 690 2243 inhaerendum,
704 2189 755 2245 per
769 2189 855 2246 quem
869 2170 904 2226 de
918 2174 984 2236 imis
999 2175 1036 2230 ad

28 2254 110 2312 mnia
124 2251 358 2308 conscendimus.
383 2251 417 2308 Si
431 2255 509 2309 enim
522 2253 701 2326 dixerimus,
716 2273 750 2309 ea
762 2273 823 2314 nen
837 2273 900 2310 esse
915 2255 1035 2313 ereden-

28 2375 38 2407 ,
54 2353 121 2394 non
136 2334 244 2390 desunt
255 2336 346 2391 etiam
358 2353 448 2406 nune,
463 2337 514 2410 qui
527 2337 668 2393 eiusmodi
681 2295 832 2411 (p’uaedam,
845 2340 893 2393 val
906 2341 1036 2396 certissi-

28 2437 37 2474 t
51 2419 185 2502 audisse,
198 2419 247 2473 ιιι
261 2419 349 2472 etiam
363 2428 499 2492 expertas
511 2433 545 2474 se
558 2437 621 2478 ease
636 2429 815 2475 asseverent.
850 2419 926 2476 Nam
940 2433 1035 2481 etuas

28 2519 87 2560 ιιιιι
101 2503 232 2555 essemus
245 2502 277 2554 in
291 2489 385 2570 Italia,
399 2499 583 2556 audiebamus
597 2502 667 2557 talia
681 2502 716 2557 de
729 2501 852 2576 quadam
864 2505 987 2580 regione
997 2509 1036 2562 ii-

28 2601 91 2640 'um
94 2584 245 2682 partium,
266 2582 316 2638 ubi
330 2582 501 2640 stabularias
515 2585 656 2639 mulieres
667 2585 793 2640 imbutas
806 2581 852 2639 bis
864 2589 949 2641 malis
963 2592 1035 2647 arti-

31 2683 68 2738 s,
92 2667 126 2720 in
141 2683 227 2720 caseo
242 2665 311 2720 dare
325 2666 418 2728 solere
431 2665 584 2737 dicebant,
607 2667 710 2740 quibus
722 2667 834 2722 vedent
850 2684 902 2722 sen
916 2682 1038 2740 possent

28 2748 184 2819 uteribus,
210 2747 289 2802 unde
303 2749 479 2804 indumenta
495 2749 575 2805 illice
593 2758 798 2818 verterentur,
826 2757 856 2804 et
869 2754 1037 2810 necessaria

28 2839 313 2906 aequcparterent,
338 2838 462 2904 postque
474 2831 629 2906 perfuncta
642 2849 730 2907 opera
745 2832 853 2887 iteruin
862 2831 900 2886 ed
913 2849 944 2886 ae
957 2834 1035 2890 redi-

28 2925 80 2972 nt:
106 2932 165 2975 nec
171 2913 320 2969 tamenin
333 2915 376 2968 eir
388 2922 516 2970 urentem
528 2914 592 2969 fieri
607 2913 773 2984 bestialem,
797 2913 849 2969 sed
861 2915 1036 2972 rationalem
1048 2969 1049 2980 ,
1069 2987 1071 2990 Ι

28 3013 214 3070 imanamque
231 2997 359 3066 servari,
383 2994 460 3051 sieut
471 2997 632 3070 Apuleius
624 3015 655 3052 in
668 2998 750 3052 libris
768 3014 841 3078 quus
853 2997 937 3052 Asini
954 3001 1037 3053 aurei

28 3083 84 3138 ιιΙο
98 3079 262 3152 inscripsit,
277 3077 355 3132 sibi'
347 3095 403 3152 ipsi
394 3079 572 3149 accidisse,
587 3087 621 3135 ut
633 3089 751 3152 accepta
765 3097 892 3148 venene,
906 3076 1034 3135 humane

28 3165 96 3224 iimo
109 3169 301 3238 permanente
314 3163 414 3217 asinus
428 3160 535 3232 fieret,
533 3171 592 3217 aut
604 3161 754 3233 indicavit,
769 3171 820 3216 aut
832 3161 965 3217 finxit

58 3245 145 3302 Haec
156 3245 206 3301 rel
220 3239 302 3300 falsa
308 3253 393 3312 aaut,
418 3245 707 3316 veteranarum,
732 3254 766 3301 ut
777 3243 883 3312 merito
894 3257 956 3298 non
971 3262 1034 3301 cre-

28 3338 113 3386 entur.
136 3327 317 3384 Firmissime
329 3336 429 3397 tanten'
440 3327 618 3384 credendum
630 3337 691 3398 est,·
700 3329 929 3400 oninipetentem
939 3325 1036 3386 Deum
1074 3339 1076 3352 ‘

28 3413 96 3468 nnie
109 3408 307 3486 possesacere
320 3427 394 3483 quae
404 3412 550 3482 valuerit,
572 3413 635 3468 sive
655 3408 847 3480 vindicanda,
872 3410 937 3464 sive
949 3426 1036 3482 prae·

28 3493 121 3564 nudo,
149 3487 205 3550 nec
221 3491 377 3548 daemones
398 3493 509 3567 aliquid
527 3495 642 3569 operari
656 3492 815 3558 seeundum
828 3500 951 3547 naturae
966 3489 1037 3550 suae

28 3577 174 3647 atentiam,
195 3565 281 3654 (quia
291 3583 324 3630 et
336 3577 400 3649 ipsa
412 3577 547 3653 angelica
561 3585 696 3632 creatura
710 3583 767 3644 est,
779 3574 851 3630 licet
862 3576 982 3646 proprio
995 3579 1040 3639 sit,
1086 3601 1087 3604 ¹

28 3662 74 3716 tio
87 3660 219 3735 maligne
227 3657 257 3731 ,)
277 3657 337 3712 nisi
350 3658 428 3731 quod
440 3660 490 3714 ille
503 3658 683 3732 permiserit,
706 3657 789 3711 euius
802 3655 910 3712 iudicia
920 3662 1038 3715 occulta

28 3744 187 3812 rat-multa,
200 3741 310 3796 iniuste
325 3743 415 3795 nullm
458 3740 521 3798 Nee
534 3759 605 3798 sane
619 3739 775 3804 daemones
789 3747 911 3804 neutras
923 3739 1036 3811 creant,

41 3824 150 3901 aliquid
164 3824 223 3892 tale
238 3822 366 3891 iaciunt,
384 3821 419 3884 de
433 3824 568 3900 qualibus
583 3821 669 3880 sactis
682 3821 739 3877 ista
745 3821 879 3878 vertitur
892 3827 1038 3898 quaestio;
