2362 4312
160 231 179 304 ι
329 256 332 262 -
387 173 694 279 uturuvnaru
719 220 972 280 rvavsrrru
1022 175 1030 202 ⁹

533 349 652 430 cur
678 342 754 431 vr
798 374 820 432 ι.

70 523 71 527 ,
163 488 204 567 De
226 484 637 554 adversariianomiuicChristi,
655 485 791 553 quibas,
779 463 971 540 subductione
997 483 1159 556 Vrbitpropt

451 553 588 608 Christum
607 523 729 610 barbari
749 567 938 624 pepercerunt

83 739 85 748 s
217 681 264 738 Ex
278 680 332 736 hac
345 695 471 753 namque
484 679 640 734 existunt'
630 679 754 749 mimici,
768 673 910 736 adversus
924 697 998 754 quos
1013 678 1158 736 defenden

118 813 119 818 ,
164 765 273 822 estDei
286 762 408 832 Civitas,
424 767 653 835 quorumtamen
666 763 761 833 multi,
776 763 1159 835 correctoimpietatiserror

165 849 282 905 civesiu
290 843 604 914 eaiiuntsatisidonei:
616 845 701 899 multi
709 861 778 900 vero
788 847 819 900 in
830 846 989 900 eamtantis
998 845 1159 902 exardescu

79 943 83 958 ·
133 995 135 1000 ,
164 923 283 1008 ignibus
299 927 433 984 odiorum
446 937 563 1001 tamque
576 928 741 982 manifestis
752 927 903 984 benefieiis
917 926 1155 1001 Redemptorisei

163 1013 274 1090 ingrati
288 1020 369 1081 sunt,
387 1018 421 1065 ut
433 1008 520 1065 hodic
534 1020 639 1066 contra
655 1029 719 1065 eam
736 1011 853 1088 linguas
867 1029 928 1066 non
938 1021 1112 1081 moverent,
1136 1030 1156 1066 ιι

163 1096 275 1151 sermm
290 1091 399 1149 hostile
414 1093 579 1169 fugientes,
601 1095 631 1148 in
648 1095 770 1160 sacratis
790 1095 854 1149 eius
868 1095 1063 1165 locisvitam,
1088 1093 1159 1168 desp

164 1178 359 1252 superbiunt,
387 1177 579 1232 invenirent*
609 1176 656 1232 Αιι
679 1195 740 1232 ιιοιι
759 1178 849 1232 etiarn
868 1179 912 1233 illi
932 1175 1059 1232 Romani
1085 1175 1159 1232 Chri:

164 1262 279 1320 nomini
291 1259 394 1314 infesti
407 1267 494 1328 suut,
523 1259 629 1333 qmibus
643 1268 765 1332 propter
791 1258 941 1316 Christum
953 1258 1076 1316 Barbari
1090 1277 1159 1333 pepe

158 1339 288 1399 ceruutl
310 1335 540 1406 'l'estantushoc
553 1341 717 1416 Martyrum
743 1339 808 1398 loca
831 1352 861 1397 et
886 1339 1024 1398 basilicae
1038 1343 1160 1415 Apostol

165 1445 241 1496 rum,
255 1444 330 1501 quae
344 1427 376 1480 in
390 1427 440 1480 illa
453 1427 621 1481 vastatione
628 1424 714 1480 Vrbis
727 1425 801 1480 adse
816 1426 1024 1502 confugientes
1040 1443 1111 1480 suos
1123 1427 1159 1480 ali

155 1527 279 1583 ¹nosque
297 1517 482 1581 receperunt.
525 1507 700 1581 Hucusque
713 1517 860 1568 cruentus
876 1508 1049 1564 saeviebat
1041 1509 1159 1564 inimica

165 1593 206 1648 ibi
218 1591 381 1664 accipiebat
391 1593 514 1646 limitem
527 1590 717 1648 trucidatoris
731 1591 829 1662 furor;
843 1593 894 1646 illo
911 1590 1094 1647 ducebantur
1110 1610 1127 1646 a
1141 1606 1159 1646 ιι

154 1671 332 1730 'serentibus
347 1672 492 1758 hostibus,
509 1673 615 1748 quibus
632 1675 721 1728 etiam
734 1682 829 1727 extra
833 1675 896 1745 ipsa
909 1675 973 1728 loca
986 1692 1159 1748 pepercerar

166 1778 203 1814 nc
217 1760 250 1814 in
265 1769 316 1813 eos
334 1744 539 1826 incurrerent,
567 1757 630 1828 qui
635 1757 760 1810 similem
776 1756 1009 1812 misericordiam
1025 1776 1087 1812 non
1105 1755 1159 1812 hab

165 1842 245 1896 bant
290 1842 348 1908 Qui
368 1849 466 1894 tamen
490 1840 580 1894 etiam
596 1837 654 1911 ipsi
670 1837 741 1897 alibi
766 1845 865 1891 truces
884 1847 973 1913 atque
994 1838 1096 1894 hostili
1113 1859 1159 1895 ruo

167 1927 366 2002 saevientes,
376 1930 568 1997 posteaquam
580 1915 617 1972 ad
630 1921 696 1973 loca
708 1919 758 1973 illa
771 1920 945 1992 veniebant,
972 1920 1023 1978 ubi
1036 1922 1158 1978 fuerat
1149 1943 1159 1978 ι

166 1995 341 2073 terdictum‚
367 2001 455 2077 quod
459 2002 551 2057 alibi
542 2019 608 2056 rure
618 2001 688 2057 belli
707 2002 857 2073 licuisset,
883 2012 946 2060 tota
959 2004 1087 2062 feriendi
1100 1989 1159 2062 reb

166 2090 291 2146 nabatur
305 2085 483 2154 immanitas,
513 2093 544 2139 et
556 2084 724 2156 captivandi
738 2083 887 2157 cupiditas
902 2087 1103 2165 frangebatur.
1145 2089 1159 2146 ἓ

145 2219 148 2239 ,
167 2177 325 2227 evaserunt
342 2168 443 2237 multi,
471 2167 522 2242 qui
536 2186 616 2223 nune
635 2165 810 2225 Christianis
830 2169 1010 2243 temporibus
1025 2171 1159 2228 detrahur

166 2263 196 2308 et
225 2255 300 2310 mala
328 2269 402 2326 quae
416 2251 484 2310 illa·
498 2251 617 2310 civitas,
627 2253 766 2323 pertulit,
798 2249 914 2308 Christo
929 2255 1091 2326 imputant;
1118 2257 1157 2311 ho

165 2354 237 2392 vero
254 2353 335 2412 *quae
347 2336 380 2389 in
393 2349 460 2404 eos,
487 2343 521 2388 ut
533 2336 688 2405 viverent,
701 2337 822 2407 propter
837 2333 946 2392 Christi
959 2335 1103 2404 honorem
1117 2339 1159 2394 far

112 2479 115 2483 λ
167 2428 248 2490 suut,
263 2437 323 2475 non
338 2418 485 2489 imputant
498 2415 615 2473 Christo
629 2427 750 2489 nostro,
775 2417 827 2474 scd
844 2419 909 2475 fato'
920 2438 991 2476 suo:
1015 2439 1082 2476 cum
1095 2423 1159 2494 poti

98 2529 101 2538 =
169 2502 326 2571 deberent,
354 2501 379 2554 si
394 2498 464 2574 quid
476 2501 550 2556 recti
564 2510 713 2573 saperent,
740 2501 1159 2577 illaquaeahhostibusaspc

167 2594 196 2639 ct
210 2584 282 2639 dura
295 2585 428 2657 perpessi
442 2593 523 2656 sunt,
549 2585 593 2639 illi
607 2583 723 2640 divinae
736 2582 939 2656 providentiae
952 2585 1098 2657 tribucre,
1118 2606 1156 2662 qu

99 2723 103 2726 ,
145 2695 147 2700 ·
167 2669 242 2728 solet
256 2677 412 2739 corruptos
431 2665 584 2722 hominum
602 2685 700 2722 mores
719 2668 803 2722 bellis
817 2667 973 2724 emendare
987 2678 1075 2743 atquc
1090 2680 1159 2726 cont

166 2765 247 2804 rere
240 2751 396 2824 ,itemque
410 2750 502 2804 vitam
518 2749 687 2806 mortalium
706 2751 813 2806 iustam
833 2743 922 2824 atque
935 2751 1111 2808 laudabilem
1128 2762 1159 2808 ta

85 2871 90 2881 ι
115 2886 117 2889 ,
151 2849 152 2854 ’
167 2834 222 2888 bus
236 2831 444 2888 afflictionibus
456 2835 614 2912 exercerc,
633 2821 842 2907 probatamque
856 2835 924 2889 vel
916 2853 947 2890 ιιι
961 2836 1082 2892 meliora
1096 2845 1159 2891 tran

167 2916 262 2986 ferre,
291 2916 359 2971 vel'
351 2933 382 2970 ιιι
396 2912 441 2968 his
457 2901 551 2971 adhue
564 2918 651 2971 terris
662 2925 782 2989 propter
796 2933 868 2972 usus
882 2919 956 2972 alios
977 2916 1136 2990 detincrc3

156 2997 218 3074 ,lud
234 3016 305 3053 vero
313 2997 437 3072 quod'
412 3017 454 3053 ers
468 3000 516 3055 vel
529 2999 717 3072 ubicunque,
737 3007 857 3071 propter
872 2997 981 3055 Christi
994 3019 1159 3071 nornen,r

168 3083 199 3136 in
217 3083 291 3138 locis
307 3079 416 3136 Christi
435 3082 548 3138 nomini
567 3081 791 3137 dedicatissimis
810 3091 840 3136 et
861 3084 1062 3155 amplissimis,
1088 3103 1123 3142 ac
1142 3102 1159 3157 p

144 3203 146 3206 -
166 3167 297 3242 largiore
309 3163 512 3228 misericordia
525 3163 562 3218 ad
568 3165 758 3236 capacitatem
770 3165 968 3222 multitudinis
983 3168 1095 3236 electis,
1109 3184 1159 3239 pra

34 3259 39 3270 ⁸
79 3283 83 3300 ι
167 3259 213 3303 ter
227 3248 371 3303 bellorum
383 3264 495 3302 morem
509 3248 671 3303 truculenti
684 3245 807 3302 Barbari
826 3258 1050 3320 pepercerunt,
1070 3247 1159 3305 hoctr

167 3331 258 3388 buere
273 3328 452 3402 temporibus
467 3323 659 3400 Christianis,
677 3327 746 3384 hin'c
760 3329 824 3384 Deo
839 3332 950 3406 gratias
963 3350 1065 3428 agere,
1076 3331 1145 3388 hinc

169 3416 232 3468 cius
246 3431 355 3470 nornen
369 3414 517 3468 veraciter
531 3429 662 3482 currere,
676 3421 710 3466 ut
723 3409 867 3488 eflugiant
878 3430 989 3498 poenas
1002 3416 1082 3490 ignis
1098 3423 1159 3470 acts

167 3497 215 3566 ni,
240 3495 320 3569 quod
335 3509 441 3550 nomen
459 3495 543 3554 multi
566 3512 667 3548 eorum
685 3494 867 3550 mendaciter
880 3493 1077 3568 usurparunt,
1105 3507 1159 3552 uta

168 3577 308 3653 fugerent
326 3593 435 3650 poenas
449 3578 612 3651 praesentis
629 3577 722 3630 exitii.
757 3575 831 3632 Nam
845 3595 918 3674 quos
932 3577 1014 3634 vides
1028 3581 1159 3651 petulant

131 3677 135 3682 ·
169 3669 198 3714 ct
213 3663 376 3732 procaciter
393 3662 535 3716 insultare
548 3656 777 3728 servisChristi,
801 3661 914 3716 suntin
934 3663 976 3716 eis
997 3663 1117 3733 plurimi
1145 3681 1159 3736 q

167 3744 251 3797 illum
270 3742 422 3798 interitum
436 3742 604 3816 clademque
617 3759 676 3796 non
697 3739 951 3812 evasissent‚‘nisi
965 3761 1066 3799 servos
1086 3742 1159 3802 Chri

169 3843 199 3879 se
214 3842 277 3878 esse
289 3823 453 3900 finxissent.
480 3819 518 3884 Et
533 3843 612 3894 nunc
626 3825 742 3913 ingrata
755 3825 891 3896 sirperbia
908 3834 997 3900 atquo
1021 3827 1159 3897 impiissir
