<?xml version="1.0" encoding="UTF-8"?>
<!DOCTYPE html PUBLIC "-//W3C//DTD XHTML 1.0 Transitional//EN"
    "http://www.w3.org/TR/xhtml1/DTD/xhtml1-transitional.dtd">
<html xmlns="http://www.w3.org/1999/xhtml" xml:lang="en" lang="en">
 <head>
  <title>
</title>
<meta http-equiv="Content-Type" content="text/html;charset=utf-8" />
  <meta name='ocr-system' content='tesseract 3.04.00' />
  <meta name='ocr-capabilities' content='ocr_page ocr_carea ocr_par ocr_line ocrx_word'/>
</head>
<body>
  <div class='ocr_page' id='page_1' title='image "./saureliiaugusti00augugoog_0192.png"; bbox 0 0 2400 4312; ppageno 0'>
   <div class='ocr_carea' id='block_1_1' title="bbox 142 207 1063 304">
    <p class='ocr_par' dir='ltr' id='par_1_1' title="bbox 142 207 1063 304">
     <span class='ocr_line' id='line_1_1' title="bbox 142 207 1063 304; baseline 0.012 -35"><span class='ocrx_word' id='word_1_1' title='bbox 142 299 145 304; x_wconf 25' lang='grc' dir='ltr'>Ι</span> <span class='ocrx_word' id='word_1_2' title='bbox 238 211 546 272; x_wconf 84' lang='lat' dir='ltr'><strong>DEClVlTATE</strong></span> <span class='ocrx_word' id='word_1_3' title='bbox 569 207 649 272; x_wconf 73' lang='lat' dir='ltr'><strong>bul</strong></span> <span class='ocrx_word' id='word_1_4' title='bbox 675 214 755 273; x_wconf 88' lang='lat' dir='ltr'><strong>LlB.</strong></span> <span class='ocrx_word' id='word_1_5' title='bbox 781 215 855 273; x_wconf 88' lang='lat' dir='ltr'><strong>Vll.</strong></span> <span class='ocrx_word' id='word_1_6' title='bbox 878 229 893 260; x_wconf 88' lang='grc'><strong>“-</strong></span> <span class='ocrx_word' id='word_1_7' title='bbox 952 224 1063 296; x_wconf 73' lang='lat'><strong>,195</strong></span> 
     </span>
    </p>
   </div>
   <div class='ocr_carea' id='block_1_2' title="bbox 28 351 1117 1106">
    <p class='ocr_par' dir='ltr' id='par_1_2' title="bbox 28 351 1117 1106">
     <span class='ocr_line' id='line_1_2' title="bbox 28 351 1117 443; baseline 0.006 -22"><span class='ocrx_word' id='word_1_8' title='bbox 28 369 52 422; x_wconf 88' lang='lat' dir='ltr'><strong>in</strong></span> <span class='ocrx_word' id='word_1_9' title='bbox 66 375 131 424; x_wconf 81' lang='lat' dir='ltr'><strong>arte</strong></span> <span class='ocrx_word' id='word_1_10' title='bbox 147 383 211 420; x_wconf 88' lang='lat' dir='ltr'><strong>una</strong></span> <span class='ocrx_word' id='word_1_11' title='bbox 224 351 305 418; x_wconf 82' lang='lat' dir='ltr'><strong>tarde</strong></span> <span class='ocrx_word' id='word_1_12' title='bbox 317 382 352 418; x_wconf 88' lang='lat' dir='ltr'><strong>ae</strong></span> <span class='ocrx_word' id='word_1_13' title='bbox 362 363 481 420; x_wconf 86' lang='lat' dir='ltr'><strong>difficile</strong></span> <span class='ocrx_word' id='word_1_14' title='bbox 493 375 670 443; x_wconf 78' lang='lat' dir='ltr'>cogerentur</span> <span class='ocrx_word' id='word_1_15' title='bbox 683 384 748 421; x_wconf 88' lang='lat' dir='ltr'><strong>esse</strong></span> <span class='ocrx_word' id='word_1_16' title='bbox 758 365 890 439; x_wconf 87' lang='lat' dir='ltr'><strong>perfecti.</strong></span> <span class='ocrx_word' id='word_1_17' title='bbox 910 366 1064 427; x_wconf 75' lang='lat' dir='ltr'><strong>Verumta-</strong></span> <span class='ocrx_word' id='word_1_18' title='bbox 1113 377 1117 388; x_wconf 92' lang='grc'><em>’</em></span> 
     </span>
     <span class='ocr_line' id='line_1_3' title="bbox 28 445 1065 528; baseline 0.005 -24"><span class='ocrx_word' id='word_1_19' title='bbox 28 469 85 504; x_wconf 89' lang='lat' dir='ltr'><strong>nen</strong></span> <span class='ocrx_word' id='word_1_20' title='bbox 100 451 155 505; x_wconf 82' lang='lat' dir='ltr'><strong>rix</strong></span> <span class='ocrx_word' id='word_1_21' title='bbox 171 449 324 522; x_wconf 88' lang='lat' dir='ltr'><strong>quisquam</strong></span> <span class='ocrx_word' id='word_1_22' title='bbox 336 449 485 520; x_wconf 89' lang='lat' dir='ltr'><strong>reperitur</strong></span> <span class='ocrx_word' id='word_1_23' title='bbox 498 445 616 504; x_wconf 84' lang='lat' dir='ltr'><strong>deorum</strong></span> <span class='ocrx_word' id='word_1_24' title='bbox 629 468 689 504; x_wconf 91' lang='lat' dir='ltr'><strong>non</strong></span> <span class='ocrx_word' id='word_1_25' title='bbox 703 450 888 520; x_wconf 91' lang='lat' dir='ltr'><strong>selectorum,</strong></span> <span class='ocrx_word' id='word_1_26' title='bbox 907 454 957 524; x_wconf 92' lang='lat' dir='ltr'><strong>qui</strong></span> <span class='ocrx_word' id='word_1_27' title='bbox 970 455 1065 528; x_wconf 89' lang='lat' dir='ltr'><strong>aliquo</strong></span> 
     </span>
     <span class='ocr_line' id='line_1_4' title="bbox 28 530 1065 608; baseline 0.005 -22"><span class='ocrx_word' id='word_1_28' title='bbox 28 533 145 588; x_wconf 81' lang='lat' dir='ltr'><strong>uimine</strong></span> <span class='ocrx_word' id='word_1_29' title='bbox 159 531 270 586; x_wconf 87' lang='lat' dir='ltr'><strong>famam</strong></span> <span class='ocrx_word' id='word_1_30' title='bbox 281 531 373 585; x_wconf 77' lang='lat' dir='ltr'><strong>traxit</strong></span> <span class='ocrx_word' id='word_1_31' title='bbox 386 530 541 602; x_wconf 82' lang='lat' dir='ltr'><strong>infamem3</strong></span> <span class='ocrx_word' id='word_1_32' title='bbox 554 533 606 586; x_wconf 79' lang='lat' dir='ltr'><strong>vix</strong></span> <span class='ocrx_word' id='word_1_33' title='bbox 619 541 716 587; x_wconf 80' lang='lat' dir='ltr'><strong>sutem</strong></span> <span class='ocrx_word' id='word_1_34' title='bbox 728 534 900 588; x_wconf 88' lang='lat' dir='ltr'><strong>selectorum</strong></span> <span class='ocrx_word' id='word_1_35' title='bbox 913 535 1065 608; x_wconf 88' lang='lat' dir='ltr'><strong>quispiam,</strong></span> 
     </span>
     <span class='ocr_line' id='line_1_5' title="bbox 28 609 1065 691; baseline 0.004 -21"><span class='ocrx_word' id='word_1_36' title='bbox 28 617 67 689; x_wconf 71' lang='lat' dir='ltr'><strong>[ui</strong></span> <span class='ocrx_word' id='word_1_37' title='bbox 80 633 145 670; x_wconf 88' lang='lat' dir='ltr'><strong>non</strong></span> <span class='ocrx_word' id='word_1_38' title='bbox 159 616 195 668; x_wconf 88' lang='lat' dir='ltr'><strong>in</strong></span> <span class='ocrx_word' id='word_1_39' title='bbox 208 630 240 666; x_wconf 83' lang='lat' dir='ltr'><strong>se</strong></span> <span class='ocrx_word' id='word_1_40' title='bbox 252 611 353 668; x_wconf 83' lang='lat' dir='ltr'><strong>notam</strong></span> <span class='ocrx_word' id='word_1_41' title='bbox 366 615 560 670; x_wconf 76' lang='lat' dir='ltr'><strong>contumeliae</strong></span> <span class='ocrx_word' id='word_1_42' title='bbox 570 616 697 691; x_wconf 80' lang='lat' dir='ltr'><strong>insignis</strong></span> <span class='ocrx_word' id='word_1_43' title='bbox 714 609 867 688; x_wconf 80' lang='lat' dir='ltr'><strong>acceperit.</strong></span> <span class='ocrx_word' id='word_1_44' title='bbox 890 615 934 671; x_wconf 92' lang='lat' dir='ltr'><strong>llli</strong></span> <span class='ocrx_word' id='word_1_45' title='bbox 944 615 981 672; x_wconf 87' lang='lat' dir='ltr'><strong>ad</strong></span> <span class='ocrx_word' id='word_1_46' title='bbox 995 620 1065 674; x_wconf 84' lang='lat' dir='ltr'><strong>isto·</strong></span> 
     </span>
     <span class='ocr_line' id='line_1_6' title="bbox 28 694 1065 768; baseline 0.002 -16"><span class='ocrx_word' id='word_1_47' title='bbox 28 717 82 752; x_wconf 88' lang='lat' dir='ltr'><strong>um</strong></span> <span class='ocrx_word' id='word_1_48' title='bbox 95 695 223 751; x_wconf 87' lang='lat' dir='ltr'><strong>humilia</strong></span> <span class='ocrx_word' id='word_1_49' title='bbox 237 694 562 768; x_wconf 83' lang='lat' dir='ltr'><strong>opera&#39;descenderunt,</strong></span> <span class='ocrx_word' id='word_1_50' title='bbox 579 699 630 752; x_wconf 88' lang='lat' dir='ltr'><strong>isti</strong></span> <span class='ocrx_word' id='word_1_51' title='bbox 644 699 674 753; x_wconf 94' lang='lat' dir='ltr'><strong>in</strong></span> <span class='ocrx_word' id='word_1_52' title='bbox 689 699 805 753; x_wconf 83' lang='lat' dir='ltr'><strong>illorum</strong></span> <span class='ocrx_word' id='word_1_53' title='bbox 818 697 956 754; x_wconf 66' lang='lat' dir='ltr'><strong>sublimia*</strong></span> <span class='ocrx_word' id='word_1_54' title='bbox 967 702 1065 755; x_wconf 89' lang='lat' dir='ltr'><strong>erimi-</strong></span> 
     </span>
     <span class='ocr_line' id='line_1_7' title="bbox 28 777 1065 855; baseline 0.003 -20"><span class='ocrx_word' id='word_1_55' title='bbox 28 799 56 835; x_wconf 83' lang='grc' dir='ltr'><strong>ιιι</strong></span> <span class='ocrx_word' id='word_1_56' title='bbox 69 799 135 835; x_wconf 90' lang='lat' dir='ltr'><strong>non</strong></span> <span class='ocrx_word' id='word_1_57' title='bbox 149 781 308 834; x_wconf 83' lang='lat' dir='ltr'><strong>venerunt.</strong></span> <span class='ocrx_word' id='word_1_58' title='bbox 322 777 368 834; x_wconf 91' lang='lat' dir='ltr'><strong>De</strong></span> <span class='ocrx_word' id='word_1_59' title='bbox 379 777 448 835; x_wconf 86' lang='lat' dir='ltr'><strong>lano</strong></span> <span class='ocrx_word' id='word_1_60' title='bbox 463 780 578 854; x_wconf 88' lang='lat' dir='ltr'><strong>quidem</strong></span> <span class='ocrx_word' id='word_1_61' title='bbox 592 799 652 836; x_wconf 94' lang='lat' dir='ltr'><strong>non</strong></span> <span class='ocrx_word' id='word_1_62' title='bbox 666 779 737 836; x_wconf 90' lang='lat' dir='ltr'><strong>mihi</strong></span> <span class='ocrx_word' id='word_1_63' title='bbox 750 781 836 835; x_wconf 89' lang='lat' dir='ltr'><strong>facile</strong></span> <span class='ocrx_word' id='word_1_64' title='bbox 850 783 1003 855; x_wconf 85' lang='lat' dir='ltr'><strong>quicquam</strong></span> <span class='ocrx_word' id='word_1_65' title='bbox 1017 787 1065 838; x_wconf 87' lang='lat' dir='ltr'><strong>oe&#39;-</strong></span> 
     </span>
     <span class='ocr_line' id='line_1_8' title="bbox 28 859 1068 938; baseline 0.004 -21"><span class='ocrx_word' id='word_1_66' title='bbox 28 865 124 932; x_wconf 78' lang='lat' dir='ltr'><strong>rurrit,</strong></span> <span class='ocrx_word' id='word_1_67' title='bbox 142 861 222 936; x_wconf 87' lang='lat' dir='ltr'><strong>quod</strong></span> <span class='ocrx_word' id='word_1_68' title='bbox 237 859 273 914; x_wconf 85' lang='lat' dir='ltr'><strong>ad</strong></span> <span class='ocrx_word' id='word_1_69' title='bbox 286 861 423 934; x_wconf 81' lang='lat' dir='ltr'><strong>probrum</strong></span> <span class='ocrx_word' id='word_1_70' title='bbox 447 865 602 936; x_wconf 85' lang='lat' dir='ltr'><strong>pertineat.</strong></span> <span class='ocrx_word' id='word_1_71' title='bbox 634 863 673 918; x_wconf 83' lang='lat' dir='ltr'><strong>Et</strong></span> <span class='ocrx_word' id='word_1_72' title='bbox 687 863 810 938; x_wconf 86' lang='lat' dir='ltr'><strong>fortasse</strong></span> <span class='ocrx_word' id='word_1_73' title='bbox 824 866 892 920; x_wconf 89' lang='lat' dir='ltr'><strong>talis</strong></span> <span class='ocrx_word' id='word_1_74' title='bbox 904 865 1008 936; x_wconf 87' lang='lat' dir='ltr'><strong>fuerit,</strong></span> <span class='ocrx_word' id='word_1_75' title='bbox 1034 875 1068 921; x_wconf 89' lang='lat' dir='ltr'><strong>ut</strong></span> 
     </span>
     <span class='ocr_line' id='line_1_9' title="bbox 28 945 1065 1021; baseline 0.003 -21"><span class='ocrx_word' id='word_1_76' title='bbox 28 946 214 1014; x_wconf 71' lang='lat' dir='ltr'><strong>innocentius</strong></span> <span class='ocrx_word' id='word_1_77' title='bbox 227 945 337 999; x_wconf 84' lang='lat' dir='ltr'><strong>vixerit</strong></span> <span class='ocrx_word' id='word_1_78' title='bbox 350 955 379 998; x_wconf 93' lang='lat' dir='ltr'><strong>et</strong></span> <span class='ocrx_word' id='word_1_79' title='bbox 392 964 408 1000; x_wconf 93' lang='lat' dir='ltr'><strong>a</strong></span> <span class='ocrx_word' id='word_1_80' title='bbox 420 945 597 1000; x_wconf 78' lang='lat' dir='ltr'><strong>facinoribus</strong></span> <span class='ocrx_word' id='word_1_81' title='bbox 607 945 787 1021; x_wconf 83' lang='lat' dir='ltr'><strong>flagitiisque</strong></span> <span class='ocrx_word' id='word_1_82' title='bbox 797 949 946 1003; x_wconf 86' lang='lat' dir='ltr'><strong>remotius.</strong></span> <span class='ocrx_word' id='word_1_83' title='bbox 961 946 1065 1004; x_wconf 84' lang='lat' dir='ltr'><strong>Satur-</strong></span> 
     </span>
     <span class='ocr_line' id='line_1_10' title="bbox 28 1022 1065 1106; baseline 0.003 -23"><span class='ocrx_word' id='word_1_84' title='bbox 28 1047 97 1084; x_wconf 84' lang='lat' dir='ltr'><strong>num</strong></span> <span class='ocrx_word' id='word_1_85' title='bbox 108 1027 275 1103; x_wconf 72' lang='lat' dir='ltr'><strong>fugientem</strong></span> <span class='ocrx_word' id='word_1_86' title='bbox 287 1022 433 1103; x_wconf 79' lang='lat' dir='ltr'><strong>benignus</strong></span> <span class='ocrx_word' id='word_1_87' title='bbox 457 1029 586 1101; x_wconf 74' lang='lat' dir='ltr'><strong>excepit:</strong></span> <span class='ocrx_word' id='word_1_88' title='bbox 614 1047 680 1083; x_wconf 90' lang='lat' dir='ltr'><strong>curn</strong></span> <span class='ocrx_word' id='word_1_89' title='bbox 694 1026 810 1106; x_wconf 45' lang='lat' dir='ltr'><strong>hospite¹</strong></span> <span class='ocrx_word' id='word_1_90' title='bbox 820 1032 943 1102; x_wconf 90' lang='lat' dir='ltr'><strong>partitus</strong></span> <span class='ocrx_word' id='word_1_91' title='bbox 958 1041 1003 1086; x_wconf 90' lang='lat' dir='ltr'><strong>est</strong></span> <span class='ocrx_word' id='word_1_92' title='bbox 1017 1050 1065 1086; x_wconf 90' lang='lat' dir='ltr'><strong>re-</strong></span> 
     </span>
    </p>
   </div>
   <div class='ocr_carea' id='block_1_3' title="bbox 28 1110 1172 1188">
    <p class='ocr_par' dir='ltr' id='par_1_3' title="bbox 28 1110 1172 1188">
     <span class='ocr_line' id='line_1_11' title="bbox 28 1110 1172 1188; baseline 0.003 -22"><span class='ocrx_word' id='word_1_93' title='bbox 28 1129 125 1188; x_wconf 81' lang='lat' dir='ltr'><strong>gnum,</strong></span> <span class='ocrx_word' id='word_1_94' title='bbox 140 1119 176 1164; x_wconf 87' lang='lat' dir='ltr'><strong>ut</strong></span> <span class='ocrx_word' id='word_1_95' title='bbox 191 1111 279 1164; x_wconf 86' lang='lat' dir='ltr'><strong>etiam</strong></span> <span class='ocrx_word' id='word_1_96' title='bbox 292 1111 426 1166; x_wconf 79' lang='lat' dir='ltr'><strong>civitates</strong></span> <span class='ocrx_word' id='word_1_97' title='bbox 439 1113 569 1188; x_wconf 79' lang='lat' dir='ltr'><strong>singulas</strong></span> <span class='ocrx_word' id='word_1_98' title='bbox 582 1111 755 1181; x_wconf 83' lang='lat' dir='ltr'><strong>conderent,</strong></span> <span class='ocrx_word' id='word_1_99' title='bbox 770 1113 826 1165; x_wconf 89' lang='lat' dir='ltr'><strong>iste</strong></span> <span class='ocrx_word' id='word_1_100' title='bbox 841 1110 1012 1186; x_wconf 88' lang='lat' dir='ltr'><strong>lanioulum,</strong></span> <span class='ocrx_word' id='word_1_101' title='bbox 1028 1116 1065 1170; x_wconf 91' lang='lat' dir='ltr'><strong>il-</strong></span> <span class='ocrx_word' id='word_1_102' title='bbox 1133 1179 1136 1184; x_wconf 88' lang='lat'><em>.</em></span> <span class='ocrx_word' id='word_1_103' title='bbox 1171 1165 1172 1170; x_wconf 75' lang='grc'>,</span> 
     </span>
    </p>
   </div>
   <div class='ocr_carea' id='block_1_4' title="bbox 28 1189 1095 1763">
    <p class='ocr_par' dir='ltr' id='par_1_4' title="bbox 28 1189 1095 1763">
     <span class='ocr_line' id='line_1_12' title="bbox 28 1189 1066 1271; baseline -0.002 -23"><span class='ocrx_word' id='word_1_104' title='bbox 28 1197 49 1248; x_wconf 88' lang='lat' dir='ltr'><strong>le</strong></span> <span class='ocrx_word' id='word_1_105' title='bbox 63 1193 251 1250; x_wconf 81' lang='lat' dir='ltr'><strong>Saturniam.</strong></span> <span class='ocrx_word' id='word_1_106' title='bbox 272 1189 394 1248; x_wconf 78' lang='lat' dir='ltr'><strong>sedisti</strong></span> <span class='ocrx_word' id='word_1_107' title='bbox 407 1195 439 1248; x_wconf 89' lang='lat' dir='ltr'><strong>in</strong></span> <span class='ocrx_word' id='word_1_108' title='bbox 455 1195 535 1248; x_wconf 91' lang='lat' dir='ltr'><strong>cultu</strong></span> <span class='ocrx_word' id='word_1_109' title='bbox 549 1192 669 1249; x_wconf 86' lang='lat' dir='ltr'><strong>deorum</strong></span> <span class='ocrx_word' id='word_1_110' title='bbox 682 1195 776 1248; x_wconf 87' lang='lat' dir='ltr'><strong>omnis</strong></span> <span class='ocrx_word' id='word_1_111' title='bbox 790 1193 940 1251; x_wconf 85' lang='lat' dir='ltr'><strong>dedecoris</strong></span> <span class='ocrx_word' id='word_1_112' title='bbox 953 1199 1066 1271; x_wconf 68' lang='lat' dir='ltr'><strong>appeti„</strong></span> 
     </span>
     <span class='ocr_line' id='line_1_13' title="bbox 28 1275 1066 1350; baseline 0.004 -20"><span class='ocrx_word' id='word_1_113' title='bbox 28 1295 119 1346; x_wconf 76' lang='lat' dir='ltr'><strong>arcs,</strong></span> <span class='ocrx_word' id='word_1_114' title='bbox 147 1277 233 1330; x_wconf 85' lang='lat' dir='ltr'><strong>euius</strong></span> <span class='ocrx_word' id='word_1_115' title='bbox 252 1275 342 1342; x_wconf 79' lang='lat' dir='ltr'><strong>uitam</strong></span> <span class='ocrx_word' id='word_1_116' title='bbox 360 1277 457 1331; x_wconf 88' lang='lat' dir='ltr'><strong>minus</strong></span> <span class='ocrx_word' id='word_1_117' title='bbox 474 1285 591 1350; x_wconf 79' lang='lat' dir='ltr'><strong>turpem</strong></span> <span class='ocrx_word' id='word_1_118' title='bbox 607 1279 802 1347; x_wconf 85' lang='lat' dir='ltr'><strong>invenerunt,</strong></span> <span class='ocrx_word' id='word_1_119' title='bbox 829 1297 896 1334; x_wconf 88' lang='lat' dir='ltr'><strong>eum</strong></span> <span class='ocrx_word' id='word_1_120' title='bbox 918 1279 1066 1336; x_wconf 73' lang='lat' dir='ltr'><strong>simulacri</strong></span> 
     </span>
     <span class='ocr_line' id='line_1_14' title="bbox 28 1355 1095 1432; baseline 0.003 -16"><span class='ocrx_word' id='word_1_121' title='bbox 28 1369 196 1416; x_wconf 75' lang='lat' dir='ltr'><strong>monstrosa</strong></span> <span class='ocrx_word' id='word_1_122' title='bbox 209 1355 391 1416; x_wconf 75' lang='lat' dir='ltr'><strong>deformitate</strong></span> <span class='ocrx_word' id='word_1_123' title='bbox 409 1367 578 1432; x_wconf 77' lang='lat' dir='ltr'><strong>turparunt,</strong></span> <span class='ocrx_word' id='word_1_124' title='bbox 605 1378 684 1415; x_wconf 88' lang='lat' dir='ltr'><strong>nune</strong></span> <span class='ocrx_word' id='word_1_125' title='bbox 706 1378 772 1415; x_wconf 87' lang='lat' dir='ltr'><strong>eum</strong></span> <span class='ocrx_word' id='word_1_126' title='bbox 789 1360 959 1432; x_wconf 80' lang='lat' dir='ltr'><strong>bifrontem,</strong></span> <span class='ocrx_word' id='word_1_127' title='bbox 987 1381 1067 1418; x_wconf 90' lang='lat' dir='ltr'><strong>nune</strong></span> <span class='ocrx_word' id='word_1_128' title='bbox 1094 1417 1095 1420; x_wconf 73' lang='grc'>,</span> 
     </span>
     <span class='ocr_line' id='line_1_15' title="bbox 28 1439 1067 1519; baseline 0.003 -21"><span class='ocrx_word' id='word_1_129' title='bbox 28 1445 112 1498; x_wconf 79' lang='lat' dir='ltr'><strong>etiarn</strong></span> <span class='ocrx_word' id='word_1_130' title='bbox 126 1439 374 1515; x_wconf 78' lang='lat' dir='ltr'><strong>quadrifrontem,</strong></span> <span class='ocrx_word' id='word_1_131' title='bbox 402 1449 549 1515; x_wconf 36' lang='lat' dir='ltr'><strong>tanquam·</strong></span> <span class='ocrx_word' id='word_1_132' title='bbox 560 1444 726 1519; x_wconf 80' lang='lat' dir='ltr'><strong>geminum,</strong></span> <span class='ocrx_word' id='word_1_133' title='bbox 753 1443 903 1499; x_wconf 87' lang='lat' dir='ltr'><strong>facientes.</strong></span> <span class='ocrx_word' id='word_1_134' title='bbox 925 1444 971 1500; x_wconf 79' lang='lat' dir='ltr'><strong>An</strong></span> <span class='ocrx_word' id='word_1_135' title='bbox 989 1445 1067 1501; x_wconf 88' lang='lat' dir='ltr'><strong>forte</strong></span> 
     </span>
     <span class='ocr_line' id='line_1_16' title="bbox 28 1525 1067 1602; baseline 0.001 -20"><span class='ocrx_word' id='word_1_136' title='bbox 28 1528 200 1592; x_wconf 70' lang='lat' dir='ltr'><strong>uoluerunt,</strong></span> <span class='ocrx_word' id='word_1_137' title='bbox 226 1533 273 1592; x_wconf 90' lang='lat' dir='ltr'><strong>ut,</strong></span> <span class='ocrx_word' id='word_1_138' title='bbox 300 1525 438 1597; x_wconf 83' lang='lat' dir='ltr'><strong>quoniam</strong></span> <span class='ocrx_word' id='word_1_139' title='bbox 450 1526 568 1598; x_wconf 83' lang='lat' dir='ltr'><strong>plurimi</strong></span> <span class='ocrx_word' id='word_1_140' title='bbox 579 1525 622 1581; x_wconf 91' lang='lat' dir='ltr'><strong>dii</strong></span> <span class='ocrx_word' id='word_1_141' title='bbox 636 1526 738 1580; x_wconf 88' lang='lat' dir='ltr'><strong>selecti</strong></span> <span class='ocrx_word' id='word_1_142' title='bbox 752 1525 950 1581; x_wconf 88' lang='lat' dir='ltr'><strong>erubescenda</strong></span> <span class='ocrx_word' id='word_1_143' title='bbox 963 1546 1067 1602; x_wconf 86' lang='lat' dir='ltr'><strong>perpe-</strong></span> 
     </span>
     <span class='ocr_line' id='line_1_17' title="bbox 28 1605 1066 1686; baseline 0.001 -22"><span class='ocrx_word' id='word_1_144' title='bbox 28 1607 129 1664; x_wconf 77' lang='lat' dir='ltr'><strong>rando</strong></span> <span class='ocrx_word' id='word_1_145' title='bbox 146 1606 310 1661; x_wconf 86' lang='lat' dir='ltr'><strong>amiserant</strong></span> <span class='ocrx_word' id='word_1_146' title='bbox 320 1605 458 1686; x_wconf 79' lang='lat' dir='ltr'><strong>frontem,</strong></span> <span class='ocrx_word' id='word_1_147' title='bbox 474 1611 582 1683; x_wconf 86' lang='lat' dir='ltr'><strong>quanto</strong></span> <span class='ocrx_word' id='word_1_148' title='bbox 595 1609 651 1664; x_wconf 88' lang='lat' dir='ltr'><strong>iste</strong></span> <span class='ocrx_word' id='word_1_149' title='bbox 665 1609 855 1664; x_wconf 72' lang='lat' dir='ltr'><strong>innocentior</strong></span> <span class='ocrx_word' id='word_1_150' title='bbox 869 1618 961 1682; x_wconf 87' lang='lat' dir='ltr'><strong>esset,</strong></span> <span class='ocrx_word' id='word_1_151' title='bbox 984 1619 1066 1667; x_wconf 87' lang='lat' dir='ltr'><strong>tanto</strong></span> 
     </span>
     <span class='ocr_line' id='line_1_18' title="bbox 28 1685 862 1763; baseline -0.004 -15"><span class='ocrx_word' id='word_1_152' title='bbox 28 1685 375 1763; x_wconf 79' lang='lat' dir='ltr'><strong>&#39;rontosiorapparerotl</strong></span> <span class='ocrx_word' id='word_1_153' title='bbox 860 1719 862 1723; x_wconf 35' lang='lat' dir='ltr'>v</span> 
     </span>
    </p>
   </div>
   <div class='ocr_carea' id='block_1_5' title="bbox 454 1837 645 1898">
    <p class='ocr_par' dir='ltr' id='par_1_5' title="bbox 454 1837 645 1898">
     <span class='ocr_line' id='line_1_19' title="bbox 454 1837 645 1898; baseline -0.005 -1"><span class='ocrx_word' id='word_1_154' title='bbox 454 1839 568 1898; x_wconf 79' lang='lat' dir='ltr'><strong>CAP.</strong></span> <span class='ocrx_word' id='word_1_155' title='bbox 611 1837 645 1896; x_wconf 89' lang='lat' dir='ltr'><strong>V.</strong></span> 
     </span>
    </p>
   </div>
   <div class='ocr_carea' id='block_1_6' title="bbox 110 1930 978 2006">
    <p class='ocr_par' dir='ltr' id='par_1_6' title="bbox 110 1930 978 2006">
     <span class='ocr_line' id='line_1_20' title="bbox 110 1930 978 2006; baseline -0.001 -18"><span class='ocrx_word' id='word_1_156' title='bbox 110 1935 159 1988; x_wconf 87' lang='lat' dir='ltr'><strong>De</strong></span> <span class='ocrx_word' id='word_1_157' title='bbox 168 1936 341 2005; x_wconf 66' lang='lat' dir='ltr'><strong>paganorum</strong></span> <span class='ocrx_word' id='word_1_158' title='bbox 351 1936 493 2002; x_wconf 70' lang='lat' dir='ltr'><strong>secretiore</strong></span> <span class='ocrx_word' id='word_1_159' title='bbox 504 1933 627 1988; x_wconf 81' lang='lat' dir='ltr'><strong>doctrina</strong></span> <span class='ocrx_word' id='word_1_160' title='bbox 635 1930 806 2006; x_wconf 74' lang='lat' dir='ltr'><strong>physieirquc</strong></span> <span class='ocrx_word' id='word_1_161' title='bbox 817 1935 978 1988; x_wconf 73' lang='lat' dir='ltr'><strong>rationibus.</strong></span> 
     </span>
    </p>
   </div>
   <div class='ocr_carea' id='block_1_7' title="bbox 28 2023 1145 3740">
    <p class='ocr_par' dir='ltr' id='par_1_7' title="bbox 28 2023 1145 3740">
     <span class='ocr_line' id='line_1_21' title="bbox 83 2023 1068 2102; baseline 0 -18"><span class='ocrx_word' id='word_1_162' title='bbox 83 2025 148 2084; x_wconf 80' lang='lat' dir='ltr'><strong>Sed</strong></span> <span class='ocrx_word' id='word_1_163' title='bbox 161 2027 292 2098; x_wconf 89' lang='lat' dir='ltr'><strong>ipsorum</strong></span> <span class='ocrx_word' id='word_1_164' title='bbox 298 2026 402 2098; x_wconf 88' lang='lat' dir='ltr'><strong>potius</strong></span> <span class='ocrx_word' id='word_1_165' title='bbox 413 2026 670 2098; x_wconf 77' lang='lat' dir='ltr'><strong>interpretationes</strong></span> <span class='ocrx_word' id='word_1_166' title='bbox 682 2025 817 2102; x_wconf 85' lang='lat' dir='ltr'><strong>physicas</strong></span> <span class='ocrx_word' id='word_1_167' title='bbox 829 2027 988 2098; x_wconf 87' lang='lat' dir='ltr'><strong>audiamus,</strong></span> <span class='ocrx_word' id='word_1_168' title='bbox 1003 2023 1068 2101; x_wconf 91' lang='lat' dir='ltr'><strong>qui-</strong></span> 
     </span>
     <span class='ocr_line' id='line_1_22' title="bbox 28 2109 1070 2184; baseline -0.001 -18"><span class='ocrx_word' id='word_1_169' title='bbox 28 2110 76 2166; x_wconf 81' lang='lat' dir='ltr'><strong>bua</strong></span> <span class='ocrx_word' id='word_1_170' title='bbox 88 2109 306 2184; x_wconf 80' lang='lat' dir='ltr'><strong>turpitudinem</strong></span> <span class='ocrx_word' id='word_1_171' title='bbox 318 2109 474 2164; x_wconf 82' lang='lat' dir='ltr'><strong>miserrimi</strong></span> <span class='ocrx_word' id='word_1_172' title='bbox 485 2109 606 2179; x_wconf 86' lang='lat' dir='ltr'><strong>erroris,</strong></span> <span class='ocrx_word' id='word_1_173' title='bbox 621 2111 702 2165; x_wconf 85' lang='lat' dir='ltr'><strong>reiut</strong></span> <span class='ocrx_word' id='word_1_174' title='bbox 713 2111 826 2165; x_wconf 87' lang='lat' dir='ltr'><strong>altioris</strong></span> <span class='ocrx_word' id='word_1_175' title='bbox 839 2109 990 2166; x_wconf 88' lang='lat' dir='ltr'><strong>doetrinae</strong></span> <span class='ocrx_word' id='word_1_176' title='bbox 1003 2127 1070 2183; x_wconf 88' lang='lat' dir='ltr'><strong>spe-</strong></span> 
     </span>
     <span class='ocr_line' id='line_1_23' title="bbox 28 2187 1109 2268; baseline 0.001 -20"><span class='ocrx_word' id='word_1_177' title='bbox 28 2197 70 2248; x_wconf 84' lang='lat' dir='ltr'><strong>cie</strong></span> <span class='ocrx_word' id='word_1_178' title='bbox 84 2196 222 2250; x_wconf 88' lang='lat' dir='ltr'><strong>eolorare</strong></span> <span class='ocrx_word' id='word_1_179' title='bbox 237 2201 391 2246; x_wconf 89' lang='lat' dir='ltr'><strong>conantur.</strong></span> <span class='ocrx_word' id='word_1_180' title='bbox 418 2188 556 2268; x_wconf 50' lang='lat' dir='ltr'><strong>¹Primum</strong></span> <span class='ocrx_word' id='word_1_181' title='bbox 577 2209 625 2265; x_wconf 78' lang='lat' dir='ltr'><strong>eas</strong></span> <span class='ocrx_word' id='word_1_182' title='bbox 642 2187 901 2266; x_wconf 81' lang='lat' dir='ltr'><strong>interpretationes</strong></span> <span class='ocrx_word' id='word_1_183' title='bbox 921 2195 962 2248; x_wconf 84' lang='lat' dir='ltr'><strong>sic</strong></span> <span class='ocrx_word' id='word_1_184' title='bbox 976 2191 1069 2250; x_wconf 87' lang='lat' dir='ltr'><strong>Varro</strong></span> <span class='ocrx_word' id='word_1_185' title='bbox 1108 2191 1109 2194; x_wconf 62' lang='grc'>’</span> 
     </span>
     <span class='ocr_line' id='line_1_24' title="bbox 28 2273 1145 2354; baseline 0.004 -22"><span class='ocrx_word' id='word_1_186' title='bbox 28 2275 224 2346; x_wconf 85' lang='lat' dir='ltr'><strong>commendat,</strong></span> <span class='ocrx_word' id='word_1_187' title='bbox 239 2283 271 2330; x_wconf 87' lang='lat' dir='ltr'><strong>ut</strong></span> <span class='ocrx_word' id='word_1_188' title='bbox 282 2273 371 2344; x_wconf 90' lang='lat' dir='ltr'><strong>dicat,</strong></span> <span class='ocrx_word' id='word_1_189' title='bbox 381 2275 517 2348; x_wconf 87' lang='lat' dir='ltr'><strong>antiquos</strong></span> <span class='ocrx_word' id='word_1_190' title='bbox 531 2275 686 2330; x_wconf 88' lang='lat' dir='ltr'><strong>simulacra</strong></span> <span class='ocrx_word' id='word_1_191' title='bbox 694 2275 814 2330; x_wconf 89' lang='lat' dir='ltr'><strong>deorum</strong></span> <span class='ocrx_word' id='word_1_192' title='bbox 823 2286 853 2331; x_wconf 87' lang='lat' dir='ltr'><strong>et</strong></span> <span class='ocrx_word' id='word_1_193' title='bbox 864 2277 1005 2354; x_wconf 82' lang='lat' dir='ltr'><strong>insignia,</strong></span> <span class='ocrx_word' id='word_1_194' title='bbox 1020 2295 1068 2332; x_wconf 88' lang='lat' dir='ltr'><strong>or·</strong></span> <span class='ocrx_word' id='word_1_195' title='bbox 1144 2331 1145 2336; x_wconf 73' lang='grc'>,</span> 
     </span>
     <span class='ocr_line' id='line_1_25' title="bbox 32 2357 1068 2434; baseline 0 -19"><span class='ocrx_word' id='word_1_196' title='bbox 32 2370 171 2434; x_wconf 75' lang='lat' dir='ltr'><strong>namque</strong></span> <span class='ocrx_word' id='word_1_197' title='bbox 181 2357 320 2429; x_wconf 73' lang='lat' dir='ltr'><strong>finxisse,</strong></span> <span class='ocrx_word' id='word_1_198' title='bbox 334 2375 407 2431; x_wconf 89' lang='lat' dir='ltr'><strong>quae</strong></span> <span class='ocrx_word' id='word_1_199' title='bbox 418 2374 485 2412; x_wconf 89' lang='lat' dir='ltr'><strong>eum</strong></span> <span class='ocrx_word' id='word_1_200' title='bbox 495 2357 586 2413; x_wconf 86' lang='lat' dir='ltr'><strong>oeulis</strong></span> <span class='ocrx_word' id='word_1_201' title='bbox 597 2358 872 2414; x_wconf 83' lang='lat' dir='ltr'><strong>animadvertissent</strong></span> <span class='ocrx_word' id='word_1_202' title='bbox 883 2358 914 2414; x_wconf 92' lang='lat' dir='ltr'><strong>hi</strong></span> <span class='ocrx_word' id='word_1_203' title='bbox 928 2361 978 2434; x_wconf 89' lang='lat' dir='ltr'><strong>qui</strong></span> <span class='ocrx_word' id='word_1_204' title='bbox 990 2358 1068 2415; x_wconf 82' lang='lat' dir='ltr'><strong>adia-</strong></span> 
     </span>
     <span class='ocr_line' id='line_1_26' title="bbox 35 2440 1069 2516; baseline 0.003 -21"><span class='ocrx_word' id='word_1_205' title='bbox 35 2453 100 2496; x_wconf 83' lang='lat' dir='ltr'><strong>acnt</strong></span> <span class='ocrx_word' id='word_1_206' title='bbox 111 2441 261 2498; x_wconf 88' lang='lat' dir='ltr'><strong>doetrinae</strong></span> <span class='ocrx_word' id='word_1_207' title='bbox 275 2441 427 2516; x_wconf 86' lang='lat' dir='ltr'><strong>mysteria,</strong></span> <span class='ocrx_word' id='word_1_208' title='bbox 445 2449 567 2513; x_wconf 85' lang='lat' dir='ltr'><strong>possent</strong></span> <span class='ocrx_word' id='word_1_209' title='bbox 579 2442 707 2496; x_wconf 85' lang='lat' dir='ltr'><strong>animam</strong></span> <span class='ocrx_word' id='word_1_210' title='bbox 720 2440 823 2496; x_wconf 91' lang='lat' dir='ltr'><strong>mundi</strong></span> <span class='ocrx_word' id='word_1_211' title='bbox 836 2460 869 2496; x_wconf 91' lang='lat' dir='ltr'><strong>ae</strong></span> <span class='ocrx_word' id='word_1_212' title='bbox 882 2451 979 2516; x_wconf 88' lang='lat' dir='ltr'><strong>partes</strong></span> <span class='ocrx_word' id='word_1_213' title='bbox 994 2445 1069 2514; x_wconf 86' lang='lat' dir='ltr'><strong>eius,</strong></span> 
     </span>
     <span class='ocr_line' id='line_1_27' title="bbox 36 2521 1070 2602; baseline 0.001 -23"><span class='ocrx_word' id='word_1_214' title='bbox 36 2524 131 2594; x_wconf 83' lang='lat' dir='ltr'><strong>idest,</strong></span> <span class='ocrx_word' id='word_1_215' title='bbox 157 2524 230 2580; x_wconf 86' lang='lat' dir='ltr'><strong>deos</strong></span> <span class='ocrx_word' id='word_1_216' title='bbox 244 2542 331 2602; x_wconf 80' lang='lat' dir='ltr'><strong>veros</strong></span> <span class='ocrx_word' id='word_1_217' title='bbox 345 2525 444 2585; x_wconf 81' lang='lat' dir='ltr'><strong>anirao</strong></span> <span class='ocrx_word' id='word_1_218' title='bbox 463 2521 579 2579; x_wconf 77' lang='lat' dir='ltr'><strong>ridere:</strong></span> <span class='ocrx_word' id='word_1_219' title='bbox 606 2541 728 2598; x_wconf 87' lang='lat' dir='ltr'><strong>quorum</strong></span> <span class='ocrx_word' id='word_1_220' title='bbox 742 2525 792 2598; x_wconf 89' lang='lat' dir='ltr'><strong>qui</strong></span> <span class='ocrx_word' id='word_1_221' title='bbox 806 2526 960 2592; x_wconf 83' lang='lat' dir='ltr'><strong>simulacra</strong></span> <span class='ocrx_word' id='word_1_222' title='bbox 970 2528 1070 2600; x_wconf 84' lang='lat' dir='ltr'><strong>&#39;specie</strong></span> 
     </span>
     <span class='ocr_line' id='line_1_28' title="bbox 33 2603 1117 2680; baseline 0.002 -18"><span class='ocrx_word' id='word_1_223' title='bbox 33 2605 154 2663; x_wconf 86' lang='lat' dir='ltr'><strong>bominis</strong></span> <span class='ocrx_word' id='word_1_224' title='bbox 168 2606 320 2677; x_wconf 86' lang='lat' dir='ltr'><strong>fecerunt,</strong></span> <span class='ocrx_word' id='word_1_225' title='bbox 334 2604 402 2661; x_wconf 64' lang='lat' dir='ltr'><strong>‘boe</strong></span> <span class='ocrx_word' id='word_1_226' title='bbox 419 2603 515 2661; x_wconf 85' lang='lat' dir='ltr'><strong>videri</strong></span> <span class='ocrx_word' id='word_1_227' title='bbox 528 2615 661 2676; x_wconf 87' lang='lat' dir='ltr'><strong>secutos,</strong></span> <span class='ocrx_word' id='word_1_228' title='bbox 686 2605 762 2680; x_wconf 88' lang='lat' dir='ltr'><strong>quod</strong></span> <span class='ocrx_word' id='word_1_229' title='bbox 775 2609 940 2664; x_wconf 88' lang='lat' dir='ltr'><strong>mortalium</strong></span> <span class='ocrx_word' id='word_1_230' title='bbox 954 2611 1069 2666; x_wconf 89' lang='lat' dir='ltr'><strong>animus</strong></span> <span class='ocrx_word' id='word_1_231' title='bbox 1114 2629 1117 2634; x_wconf 89' lang='lat'>·</span> 
     </span>
     <span class='ocr_line' id='line_1_29' title="bbox 32 2687 1068 2766; baseline 0.001 -20"><span class='ocrx_word' id='word_1_232' title='bbox 32 2693 79 2766; x_wconf 82' lang='lat' dir='ltr'><strong>qui</strong></span> <span class='ocrx_word' id='word_1_233' title='bbox 97 2701 143 2746; x_wconf 81' lang='lat' dir='ltr'><strong>ert</strong></span> <span class='ocrx_word' id='word_1_234' title='bbox 159 2692 192 2746; x_wconf 93' lang='lat' dir='ltr'><strong>in</strong></span> <span class='ocrx_word' id='word_1_235' title='bbox 213 2707 335 2764; x_wconf 88' lang='lat' dir='ltr'><strong>corpore</strong></span> <span class='ocrx_word' id='word_1_236' title='bbox 353 2687 496 2759; x_wconf 82' lang='lat' dir='ltr'><strong>humano,</strong></span> <span class='ocrx_word' id='word_1_237' title='bbox 528 2690 692 2744; x_wconf 88' lang='lat' dir='ltr'><strong>simillimus</strong></span> <span class='ocrx_word' id='word_1_238' title='bbox 712 2697 757 2744; x_wconf 87' lang='lat' dir='ltr'><strong>est</strong></span> <span class='ocrx_word' id='word_1_239' title='bbox 774 2690 945 2746; x_wconf 87' lang='lat' dir='ltr'><strong>immortalis</strong></span> <span class='ocrx_word' id='word_1_240' title='bbox 965 2693 1068 2748; x_wconf 89' lang='lat' dir='ltr'><strong>animi:</strong></span> 
     </span>
     <span class='ocr_line' id='line_1_30' title="bbox 32 2770 1069 2848; baseline 0.002 -20"><span class='ocrx_word' id='word_1_241' title='bbox 32 2783 168 2848; x_wconf 70' lang='lat' dir='ltr'><strong>mquam</strong></span> <span class='ocrx_word' id='word_1_242' title='bbox 185 2774 212 2828; x_wconf 90' lang='lat' dir='ltr'><strong>si</strong></span> <span class='ocrx_word' id='word_1_243' title='bbox 231 2785 302 2828; x_wconf 83' lang='lat' dir='ltr'><strong>rasa</strong></span> <span class='ocrx_word' id='word_1_244' title='bbox 321 2781 503 2846; x_wconf 88' lang='lat' dir='ltr'><strong>ponerentur</strong></span> <span class='ocrx_word' id='word_1_245' title='bbox 520 2789 608 2827; x_wconf 86' lang='lat' dir='ltr'><strong>causa</strong></span> <span class='ocrx_word' id='word_1_246' title='bbox 622 2770 820 2828; x_wconf 86' lang='lat' dir='ltr'><strong>notandorum</strong></span> <span class='ocrx_word' id='word_1_247' title='bbox 829 2773 966 2843; x_wconf 89' lang='lat' dir='ltr'><strong>deorum,</strong></span> <span class='ocrx_word' id='word_1_248' title='bbox 994 2784 1024 2829; x_wconf 86' lang='lat' dir='ltr'><strong>et</strong></span> <span class='ocrx_word' id='word_1_249' title='bbox 1038 2777 1069 2830; x_wconf 90' lang='lat' dir='ltr'><strong>in</strong></span> 
     </span>
     <span class='ocr_line' id='line_1_31' title="bbox 30 2852 1137 2931; baseline -0.003 -18"><span class='ocrx_word' id='word_1_250' title='bbox 30 2855 127 2913; x_wconf 81' lang='lat' dir='ltr'><strong>biberi</strong></span> <span class='ocrx_word' id='word_1_251' title='bbox 142 2855 216 2911; x_wconf 87' lang='lat' dir='ltr'><strong>aede</strong></span> <span class='ocrx_word' id='word_1_252' title='bbox 236 2852 438 2928; x_wconf 86' lang='lat' dir='ltr'><strong>oenophorum</strong></span> <span class='ocrx_word' id='word_1_253' title='bbox 456 2856 626 2924; x_wconf 76' lang='lat' dir='ltr'><strong>sisteretur,</strong></span> <span class='ocrx_word' id='word_1_254' title='bbox 654 2855 730 2929; x_wconf 88' lang='lat' dir='ltr'><strong>quod</strong></span> <span class='ocrx_word' id='word_1_255' title='bbox 752 2855 934 2931; x_wconf 85' lang='lat' dir='ltr'><strong>significaret</strong></span> <span class='ocrx_word' id='word_1_256' title='bbox 956 2858 1069 2928; x_wconf 87' lang='lat' dir='ltr'><strong>vinum,</strong></span> <span class='ocrx_word' id='word_1_257' title='bbox 1135 2873 1137 2878; x_wconf 60' lang='lat'>‘</span> 
     </span>
     <span class='ocr_line' id='line_1_32' title="bbox 30 2930 1084 3013; baseline 0 -19"><span class='ocrx_word' id='word_1_258' title='bbox 30 2959 79 3013; x_wconf 87' lang='lat' dir='ltr'><strong>per</strong></span> <span class='ocrx_word' id='word_1_259' title='bbox 97 2939 128 2994; x_wconf 91' lang='lat' dir='ltr'><strong>id</strong></span> <span class='ocrx_word' id='word_1_260' title='bbox 149 2937 230 3012; x_wconf 89' lang='lat' dir='ltr'><strong>quod</strong></span> <span class='ocrx_word' id='word_1_261' title='bbox 249 2939 384 2994; x_wconf 90' lang='lat' dir='ltr'><strong>eontinet</strong></span> <span class='ocrx_word' id='word_1_262' title='bbox 401 2930 432 2992; x_wconf 89' lang='lat' dir='ltr'><strong>id</strong></span> <span class='ocrx_word' id='word_1_263' title='bbox 450 2937 526 3011; x_wconf 89' lang='lat' dir='ltr'><strong>quod</strong></span> <span class='ocrx_word' id='word_1_264' title='bbox 544 2939 725 2995; x_wconf 85' lang='lat' dir='ltr'><strong>continetur:</strong></span> <span class='ocrx_word' id='word_1_265' title='bbox 747 2939 794 2992; x_wconf 89' lang='lat' dir='ltr'><strong>ita</strong></span> <span class='ocrx_word' id='word_1_266' title='bbox 813 2957 866 3012; x_wconf 89' lang='lat' dir='ltr'><strong>per</strong></span> <span class='ocrx_word' id='word_1_267' title='bbox 884 2941 1084 2995; x_wconf 86' lang='lat' dir='ltr'><strong>simulacrum-</strong></span> 
     </span>
     <span class='ocr_line' id='line_1_33' title="bbox 31 3017 1069 3100; baseline -0.002 -22"><span class='ocrx_word' id='word_1_268' title='bbox 31 3017 104 3096; x_wconf 81' lang='lat' dir='ltr'><strong>qaod</strong></span> <span class='ocrx_word' id='word_1_269' title='bbox 117 3021 241 3078; x_wconf 86' lang='lat' dir='ltr'><strong>formam</strong></span> <span class='ocrx_word' id='word_1_270' title='bbox 255 3019 377 3076; x_wconf 85' lang='lat' dir='ltr'><strong>baberet</strong></span> <span class='ocrx_word' id='word_1_271' title='bbox 388 3019 555 3090; x_wconf 86' lang='lat' dir='ltr'><strong>humanam,</strong></span> <span class='ocrx_word' id='word_1_272' title='bbox 570 3019 732 3100; x_wconf 74' lang='lat' dir='ltr'><strong>significari</strong></span> <span class='ocrx_word' id='word_1_273' title='bbox 749 3023 876 3078; x_wconf 82' lang='lat' dir='ltr'><strong>animam</strong></span> <span class='ocrx_word' id='word_1_274' title='bbox 886 3023 1069 3092; x_wconf 77' lang='lat' dir='ltr'><strong>rationalem,</strong></span> 
     </span>
     <span class='ocr_line' id='line_1_34' title="bbox 31 3103 1071 3179; baseline -0.003 -19"><span class='ocrx_word' id='word_1_275' title='bbox 31 3103 155 3179; x_wconf 51' lang='lat' dir='ltr'><strong>quodveo</strong></span> <span class='ocrx_word' id='word_1_276' title='bbox 171 3106 252 3160; x_wconf 80' lang='lat' dir='ltr'><strong>velut</strong></span> <span class='ocrx_word' id='word_1_277' title='bbox 263 3121 334 3160; x_wconf 85' lang='lat' dir='ltr'><strong>vase</strong></span> <span class='ocrx_word' id='word_1_278' title='bbox 347 3111 453 3158; x_wconf 86' lang='lat' dir='ltr'><strong>natura</strong></span> <span class='ocrx_word' id='word_1_279' title='bbox 472 3105 529 3159; x_wconf 86' lang='lat' dir='ltr'><strong>ista</strong></span> <span class='ocrx_word' id='word_1_280' title='bbox 548 3104 641 3159; x_wconf 88' lang='lat' dir='ltr'><strong>soleat</strong></span> <span class='ocrx_word' id='word_1_281' title='bbox 659 3105 820 3174; x_wconf 88' lang='lat' dir='ltr'><strong>contineri,</strong></span> <span class='ocrx_word' id='word_1_282' title='bbox 848 3105 930 3160; x_wconf 90' lang='lat' dir='ltr'><strong>euius</strong></span> <span class='ocrx_word' id='word_1_283' title='bbox 948 3114 1071 3159; x_wconf 89' lang='lat' dir='ltr'><strong>naturae</strong></span> 
     </span>
     <span class='ocr_line' id='line_1_35' title="bbox 32 3185 1072 3261; baseline -0.005 -17"><span class='ocrx_word' id='word_1_284' title='bbox 32 3189 117 3244; x_wconf 86' lang='lat' dir='ltr'><strong>deum</strong></span> <span class='ocrx_word' id='word_1_285' title='bbox 140 3189 248 3244; x_wconf 84' lang='lat' dir='ltr'><strong>volunt</strong></span> <span class='ocrx_word' id='word_1_286' title='bbox 272 3203 349 3255; x_wconf 89' lang='lat' dir='ltr'><strong>esse,</strong></span> <span class='ocrx_word' id='word_1_287' title='bbox 375 3187 423 3242; x_wconf 79' lang='lat' dir='ltr'><strong>vel</strong></span> <span class='ocrx_word' id='word_1_288' title='bbox 437 3185 515 3240; x_wconf 88' lang='lat' dir='ltr'><strong>deos.</strong></span> <span class='ocrx_word' id='word_1_289' title='bbox 551 3185 633 3242; x_wconf 86' lang='lat' dir='ltr'><strong>Haec</strong></span> <span class='ocrx_word' id='word_1_290' title='bbox 650 3196 719 3242; x_wconf 85' lang='lat' dir='ltr'><strong>sunt</strong></span> <span class='ocrx_word' id='word_1_291' title='bbox 743 3188 883 3261; x_wconf 87' lang='lat' dir='ltr'><strong>mysteria</strong></span> <span class='ocrx_word' id='word_1_292' title='bbox 906 3185 1072 3256; x_wconf 85' lang='lat' dir='ltr'><strong>doetrinae,</strong></span> 
     </span>
     <span class='ocr_line' id='line_1_36' title="bbox 32 3265 1071 3346; baseline -0.005 -19"><span class='ocrx_word' id='word_1_293' title='bbox 32 3289 105 3346; x_wconf 85' lang='lat' dir='ltr'><strong>quae</strong></span> <span class='ocrx_word' id='word_1_294' title='bbox 119 3274 180 3326; x_wconf 87' lang='lat' dir='ltr'><strong>iste</strong></span> <span class='ocrx_word' id='word_1_295' title='bbox 192 3271 240 3325; x_wconf 78' lang='lat' dir='ltr'><strong>vir</strong></span> <span class='ocrx_word' id='word_1_296' title='bbox 253 3270 437 3324; x_wconf 86' lang='lat' dir='ltr'><strong>doctissimus</strong></span> <span class='ocrx_word' id='word_1_297' title='bbox 451 3265 668 3340; x_wconf 82' lang='lat' dir='ltr'><strong>penetraverat,</strong></span> <span class='ocrx_word' id='word_1_298' title='bbox 690 3269 767 3325; x_wconf 87' lang='lat' dir='ltr'><strong>unde</strong></span> <span class='ocrx_word' id='word_1_299' title='bbox 781 3272 812 3326; x_wconf 92' lang='lat' dir='ltr'><strong>in</strong></span> <span class='ocrx_word' id='word_1_300' title='bbox 825 3271 921 3324; x_wconf 87' lang='lat' dir='ltr'><strong>lucem</strong></span> <span class='ocrx_word' id='word_1_301' title='bbox 932 3270 990 3322; x_wconf 90' lang='lat' dir='ltr'><strong>ista</strong></span> <span class='ocrx_word' id='word_1_302' title='bbox 1002 3285 1071 3338; x_wconf 89' lang='lat' dir='ltr'><strong>pro·</strong></span> 
     </span>
     <span class='ocr_line' id='line_1_37' title="bbox 31 3347 1071 3423; baseline -0.003 -16"><span class='ocrx_word' id='word_1_303' title='bbox 31 3353 131 3410; x_wconf 84' lang='lat' dir='ltr'><strong>ferret.</strong></span> <span class='ocrx_word' id='word_1_304' title='bbox 156 3351 245 3408; x_wconf 86' lang='lat' dir='ltr'><strong>Sede</strong></span> <span class='ocrx_word' id='word_1_305' title='bbox 258 3347 345 3407; x_wconf 89' lang='lat' dir='ltr'><strong>horno</strong></span> <span class='ocrx_word' id='word_1_306' title='bbox 359 3351 536 3422; x_wconf 82' lang='lat' dir='ltr'><strong>acutissime,</strong></span> <span class='ocrx_word' id='word_1_307' title='bbox 549 3371 620 3408; x_wconf 79' lang='lat' dir='ltr'><strong>nram</strong></span> <span class='ocrx_word' id='word_1_308' title='bbox 632 3353 665 3407; x_wconf 90' lang='lat' dir='ltr'><strong>in</strong></span> <span class='ocrx_word' id='word_1_309' title='bbox 679 3353 744 3407; x_wconf 85' lang='lat' dir='ltr'><strong>istis</strong></span> <span class='ocrx_word' id='word_1_310' title='bbox 757 3352 910 3418; x_wconf 84' lang='lat' dir='ltr'><strong>doetrinae</strong></span> <span class='ocrx_word' id='word_1_311' title='bbox 922 3347 1071 3423; x_wconf 83' lang='lat' dir='ltr'><strong>mysteriis</strong></span> 
     </span>
     <span class='ocr_line' id='line_1_38' title="bbox 32 3423 1072 3510; baseline -0.006 -18"><span class='ocrx_word' id='word_1_312' title='bbox 32 3437 111 3492; x_wconf 89' lang='lat' dir='ltr'><strong>illam</strong></span> <span class='ocrx_word' id='word_1_313' title='bbox 123 3434 314 3510; x_wconf 85' lang='lat' dir='ltr'><strong>prudentiam</strong></span> <span class='ocrx_word' id='word_1_314' title='bbox 327 3433 495 3506; x_wconf 87' lang='lat' dir='ltr'><strong>perdidisti,</strong></span> <span class='ocrx_word' id='word_1_315' title='bbox 520 3452 575 3509; x_wconf 83' lang='lat' dir='ltr'><strong>qua</strong></span> <span class='ocrx_word' id='word_1_316' title='bbox 588 3434 643 3490; x_wconf 93' lang='lat' dir='ltr'><strong>tibi</strong></span> <span class='ocrx_word' id='word_1_317' title='bbox 656 3423 752 3490; x_wconf 80' lang='lat' dir='ltr'><strong>sobrie</strong></span> <span class='ocrx_word' id='word_1_318' title='bbox 764 3437 863 3490; x_wconf 85' lang='lat' dir='ltr'><strong>visum</strong></span> <span class='ocrx_word' id='word_1_319' title='bbox 876 3441 932 3500; x_wconf 84' lang='lat' dir='ltr'><strong>est,</strong></span> <span class='ocrx_word' id='word_1_320' title='bbox 954 3431 1028 3506; x_wconf 91' lang='lat' dir='ltr'><strong>quod</strong></span> <span class='ocrx_word' id='word_1_321' title='bbox 1042 3431 1072 3488; x_wconf 92' lang='lat' dir='ltr'><strong>hi</strong></span> 
     </span>
     <span class='ocr_line' id='line_1_39' title="bbox 32 3513 1073 3593; baseline -0.004 -19"><span class='ocrx_word' id='word_1_322' title='bbox 32 3521 81 3593; x_wconf 83' lang='lat' dir='ltr'><strong>qui</strong></span> <span class='ocrx_word' id='word_1_323' title='bbox 93 3518 185 3592; x_wconf 87' lang='lat' dir='ltr'><strong>primi</strong></span> <span class='ocrx_word' id='word_1_324' title='bbox 197 3517 312 3591; x_wconf 89' lang='lat' dir='ltr'><strong>populis</strong></span> <span class='ocrx_word' id='word_1_325' title='bbox 327 3517 721 3587; x_wconf 81' lang='lat' dir='ltr'><strong>simulacra‘eonstituerunt,</strong></span> <span class='ocrx_word' id='word_1_326' title='bbox 741 3527 771 3586; x_wconf 84' lang='lat' dir='ltr'><strong>et</strong></span> <span class='ocrx_word' id='word_1_327' title='bbox 783 3525 892 3572; x_wconf 86' lang='lat' dir='ltr'><strong>metum</strong></span> <span class='ocrx_word' id='word_1_328' title='bbox 906 3513 1073 3570; x_wconf 83' lang='lat' dir='ltr'><strong>deraserunt</strong></span> 
     </span>
     <span class='ocr_line' id='line_1_40' title="bbox 31 3596 1071 3674; baseline -0.001 -18"><span class='ocrx_word' id='word_1_329' title='bbox 31 3601 148 3658; x_wconf 77' lang='lat' dir='ltr'><strong>civibus</strong></span> <span class='ocrx_word' id='word_1_330' title='bbox 163 3601 238 3668; x_wconf 88' lang='lat' dir='ltr'><strong>suis,</strong></span> <span class='ocrx_word' id='word_1_331' title='bbox 252 3608 283 3653; x_wconf 95' lang='lat' dir='ltr'><strong>et</strong></span> <span class='ocrx_word' id='word_1_332' title='bbox 295 3615 425 3652; x_wconf 89' lang='lat' dir='ltr'><strong>errorem</strong></span> <span class='ocrx_word' id='word_1_333' title='bbox 437 3597 620 3670; x_wconf 87' lang='lat' dir='ltr'><strong>addiderunt,</strong></span> <span class='ocrx_word' id='word_1_334' title='bbox 641 3601 807 3674; x_wconf 80' lang='lat' dir='ltr'><strong>castiusque</strong></span> <span class='ocrx_word' id='word_1_335' title='bbox 819 3596 888 3651; x_wconf 88' lang='lat' dir='ltr'><strong>deos</strong></span> <span class='ocrx_word' id='word_1_336' title='bbox 903 3596 966 3674; x_wconf 63' lang='lat' dir='ltr'><strong>sint</strong></span> <span class='ocrx_word' id='word_1_337' title='bbox 981 3599 1071 3655; x_wconf 86' lang='lat' dir='ltr'><strong>simu-</strong></span> 
     </span>
     <span class='ocr_line' id='line_1_41' title="bbox 29 3677 1072 3740; baseline -0.002 -2"><span class='ocrx_word' id='word_1_338' title='bbox 29 3683 117 3740; x_wconf 79' lang='lat' dir='ltr'><strong>lacris</strong></span> <span class='ocrx_word' id='word_1_339' title='bbox 130 3692 251 3740; x_wconf 82' lang='lat' dir='ltr'><strong>veteres</strong></span> <span class='ocrx_word' id='word_1_340' title='bbox 265 3680 436 3736; x_wconf 84' lang='lat' dir='ltr'><strong>observasse</strong></span> <span class='ocrx_word' id='word_1_341' title='bbox 449 3678 614 3738; x_wconf 78' lang='lat' dir='ltr'><strong>Romanosl</strong></span> <span class='ocrx_word' id='word_1_342' title='bbox 629 3681 669 3737; x_wconf 90' lang='lat' dir='ltr'><strong>Hi</strong></span> <span class='ocrx_word' id='word_1_343' title='bbox 681 3683 759 3736; x_wconf 89' lang='lat' dir='ltr'><strong>enim</strong></span> <span class='ocrx_word' id='word_1_344' title='bbox 772 3679 824 3735; x_wconf 92' lang='lat' dir='ltr'><strong>tibi</strong></span> <span class='ocrx_word' id='word_1_345' title='bbox 838 3677 959 3736; x_wconf 88' lang='lat' dir='ltr'><strong>fuerunt</strong></span> <span class='ocrx_word' id='word_1_346' title='bbox 971 3690 1072 3737; x_wconf 85' lang='lat' dir='ltr'><strong>aueto-</strong></span> 
     </span>
    </p>
   </div>
   <div class='ocr_carea' id='block_1_8' title="bbox 29 3758 1160 3838">
    <p class='ocr_par' dir='ltr' id='par_1_8' title="bbox 29 3758 1160 3838">
     <span class='ocr_line' id='line_1_42' title="bbox 29 3758 1160 3838; baseline -0.002 -18"><span class='ocrx_word' id='word_1_347' title='bbox 29 3783 92 3837; x_wconf 71' lang='grc' dir='ltr'><strong>τα,</strong></span> <span class='ocrx_word' id='word_1_348' title='bbox 111 3775 150 3820; x_wconf 90' lang='lat' dir='ltr'><strong>ut</strong></span> <span class='ocrx_word' id='word_1_349' title='bbox 163 3763 240 3818; x_wconf 87' lang='lat' dir='ltr'><strong>haee</strong></span> <span class='ocrx_word' id='word_1_350' title='bbox 254 3771 354 3818; x_wconf 88' lang='lat' dir='ltr'><strong>eontra</strong></span> <span class='ocrx_word' id='word_1_351' title='bbox 367 3763 542 3834; x_wconf 86' lang='lat' dir='ltr'><strong>posteriores</strong></span> <span class='ocrx_word' id='word_1_352' title='bbox 555 3763 703 3820; x_wconf 87' lang='lat' dir='ltr'><strong>Romanos</strong></span> <span class='ocrx_word' id='word_1_353' title='bbox 718 3763 815 3818; x_wconf 90' lang='lat' dir='ltr'><strong>dicere</strong></span> <span class='ocrx_word' id='word_1_354' title='bbox 829 3758 960 3818; x_wconf 82' lang='lat' dir='ltr'><strong>auderes.</strong></span> <span class='ocrx_word' id='word_1_355' title='bbox 996 3761 1073 3838; x_wconf 71' lang='lat' dir='ltr'><strong>Nara</strong></span> <span class='ocrx_word' id='word_1_356' title='bbox 1157 3773 1160 3778; x_wconf 81' lang='grc'><em>’</em></span> 
     </span>
    </p>
   </div>
   <div class='ocr_carea' id='block_1_9' title="bbox 29 3844 1079 3919">
    <p class='ocr_par' dir='ltr' id='par_1_9' title="bbox 29 3844 1079 3919">
     <span class='ocr_line' id='line_1_43' title="bbox 29 3844 1079 3919; baseline -0.003 -16"><span class='ocrx_word' id='word_1_357' title='bbox 29 3851 56 3903; x_wconf 79' lang='lat' dir='ltr'><strong>si</strong></span> <span class='ocrx_word' id='word_1_358' title='bbox 69 3848 157 3904; x_wconf 81' lang='lat' dir='ltr'><strong>etilli</strong></span> <span class='ocrx_word' id='word_1_359' title='bbox 171 3845 373 3919; x_wconf 81' lang='lat' dir='ltr'><strong>antiquissimi</strong></span> <span class='ocrx_word' id='word_1_360' title='bbox 384 3845 541 3902; x_wconf 75' lang='lat' dir='ltr'><strong>simulacra</strong></span> <span class='ocrx_word' id='word_1_361' title='bbox 553 3848 725 3916; x_wconf 84' lang='lat' dir='ltr'><strong>coluissent,</strong></span> <span class='ocrx_word' id='word_1_362' title='bbox 739 3844 872 3902; x_wconf 79' lang='lat' dir='ltr'><strong>fortassis</strong></span> <span class='ocrx_word' id='word_1_363' title='bbox 881 3846 1079 3918; x_wconf 80' lang='lat' dir='ltr'><strong>totumiatum</strong></span> 
     </span>
    </p>
   </div>
   <div class='ocr_carea' id='block_1_10' title="bbox 717 3928 873 3992">
    <p class='ocr_par' dir='ltr' id='par_1_10' title="bbox 717 3928 873 3992">
     <span class='ocr_line' id='line_1_44' title="bbox 717 3928 873 3992; baseline -0.013 0"><span class='ocrx_word' id='word_1_364' title='bbox 717 3928 783 3992; x_wconf 81' lang='lat' dir='ltr'><strong>ua</strong></span> <span class='ocrx_word' id='word_1_365' title='bbox 861 3961 873 3968; x_wconf 84' lang='lat'><strong>--</strong></span> 
     </span>
    </p>
   </div>
   <div class='ocr_carea' id='block_1_11' title="bbox 0 0 1208 4312">
    <p class='ocr_par' dir='ltr' id='par_1_11' title="bbox 0 0 1208 4312">
     <span class='ocr_line' id='line_1_45' title="bbox 0 0 1208 4312; baseline 0 0"><span class='ocrx_word' id='word_1_366' title='bbox 0 0 1208 4312; x_wconf 95' lang='lat' dir='ltr'><strong> </strong></span> 
     </span>
    </p>
   </div>
  </div>
 </body>
</html>
