2340 4320
71 265 74 270 .
147 195 206 271 ἰιι
360 174 954 286 ιιιιίιιιιιιιιιιιιιιιιεῑιιιί

148 367 212 420 esse
223 379 378 420 cessuram.
390 359 518 416 Videant
524 378 597 437 crgo
609 357 750 433 quomodo
760 357 888 415 habeant
898 361 985 415 istum
996 358 1154 436 regemde

98 431 100 440 ¹
147 433 211 504 rum
225 465 343 502 suorum
357 454 386 502 et
398 443 528 500 datorem
541 444 626 520 regni
640 443 696 513 sui,
722 449 835 498 ut‘cum
848 445 1046 515 auspiciaista
1059 443 1160 516 proed

127 527 129 536 '
147 551 161 584 ι·
168 532 280 586 errario
294 537 448 603 ponerent,
463 528 512 581 eui
524 544 584 581 non
599 523 867 598 eederepulohrunt
879 533 967 581 esset.
1002 527 1143 600 Quanqua

148 611 221 669 haec
235 614 260 668 si
274 629 344 669 vera
357 620 436 680 sunt,
450 628 509 668 non
522 607 630 664 habent
643 607 845 696 omnino'quid
858 611 989 663 timeant.
1015 607 1086 664 Non
1100 612 1167 664 enin

148 696 313 761 confessuri
326 702 406 766 sunt,
420 690 497 766 quod
509 692 550 747 dii
565 686 708 746 cesserint
718 689 845 762 Christo,
861 694 910 767 qui
924 691 989 748 lovi
1003 687 1150 748 cederem

137 777 273 836 ¹luerunt
300 775 396 832 Salvis
423 776 525 850 quippe
552 775 665 847 imperii
682 773 788 842 lenibus
803 772 919 831 Christo
947 773 1053 830 cedere
1077 785 1157 849 potue

81 889 82 898 ι
147 871 235 931 runt,
263 858 346 932 etde
365 857 482 912 sedibus
500 860 632 912 locorum
643 866 675 912 et
696 859 822 912 niaxime
835 857 878 913 de
885 857 973 914 corde
986 849 1161 914 credentium

80 933 81 938 Ἰ
148 943 207 1002 Sed
220 950 375 1016 antequam
386 937 518 998 Christus
529 941 665 996 veniret'
658 959 689 995 ιιι
703 959 802 1010 carne,
815 949 971 1015 antequam
981 941 1132 1016 denique
1124 961 1146 997 rs
1162 980 1164 987 .

84 1033 85 1036 ’
149 1027 362 1100 scriberentur,
383 1016 456 1099 q'uae
470 1023 505 1077 dc
518 1023 599 1078 libris
614 1039 713 1078 eorum
729 1024 918 1098 proferimus3
942 1025 995 1080 sed
1012 1035 1116 1081 tamen
1127 1043 1153 1098 p1

150 1119 212 1165 stea
221 1113 310 1183 quam
323 1107 432 1162 factum
446 1105 556 1162 estsub
570 1124 641 1182 rege
655 1103 816 1180 Tarquinio
831 1107 904 1162 illud
917 1101 1102 1180 auspicium,
1127 1111 1159 1163 ali

150 1193 264 1266 quoties
280 1189 429 1246 Ronlanus
444 1187 592 1244 ehereitus
606 1188 688 1244 fusus
703 1197 758 1259 cst,
772 1188 826 1245 hoe
840 1199 895 1261 est,
908 1203 1015 1246 versus
1027 1193 1059 1246 in
1070 1192 1163 1268 lugan

149 1276 312 1348 falsumque
327 1271 456 1329 ostendit
470 1273 641 1346 auspicium,
669 1271 746 1346 quod
759 1271 896 1330 luventas
910 1274 961 1328 illa
974 1292 1038 1330 non
1053 1279 1136 1330 cesse

150 1357 229 1428 lovi3
256 1367 286 1412 et
298 1375 371 1434 gens
385 1355 501 1426 Mortis,
516 1355 717 1428 superantibus
732 1365 818 1430 atque
831 1357 1063 1430 irrumpentibus
1080 1357 1163 1413 Galba

97 1459 99 1464 ’
149 1443 181 1497 in
195 1443 256 1514 ipsa
269 1439 346 1494 Vrbe
361 1441 487 1495 contrita
501 1446 560 1509 est3
574 1446 604 1492 et
615 1439 733 1494 termini
747 1440 871 1512 imperii,
885 1438 1097 1502 deficientibus
1110 1442 1161 1496 mul

149 1527 189 1580 tis
203 1521 238 1578 ad
251 1522 445 1580 Hannibalem
458 1521 643 1591 civitatibus,
668 1523 699 1576 in
713 1521 1017 1600 angustum-lucrant
1031 1525 1166 1579 coarctati

149 1607 193 1664 lta
205 1607 345 1662 evacuata
359 1613 404 1661 cst
415 1603 599 1680 pulchritudo
612 1606 806 1678 auspiciorum
812 1635 833 1675 ,q
847 1607 990 1661 remansit
1013 1607 1121 1664 contm
1137 1606 1157 1661 l·

71 1719 75 1728 ι
149 1709 217 1746 rem
230 1690 434 1759 contumacia,
456 1707 515 1745 nou
535 1688 673 1757 deorum,
699 1681 750 1743 sed
772 1689 1002 1744 (daemoniorum.
1024 1689 1122 1746 «Aliud
1158 1716 1162 1737 c

151 1776 228 1829 enim
247 1792 306 1830 non
331 1773 466 1841 cessisse,
492 1770 570 1827 aliud
583 1769 939 1828 undecesserasredisse.
957 1773 1141 1849 ¹(bustaquam
1156 1798 1158 1807 s

51 1909 53 1912 .
114 1845 117 1852 A
150 1867 252 1932 postea
265 1859 297 1911 in
310 1855 508 1911 Orientalibus
522 1855 651 1928 partibus
664 1851 810 1910 Hadriani
827 1857 978 1911 voluntate
992 1857 1106 1914 mutati
1117 1875 1170 1919 sun

149 1941 269 1996 termini
286 1939 400 2012 imperii
413 1935 546 1993 Romani.
585 1935 631 1992 Illi
651 1949 782 2013 namque
796 1947 855 1993 tres
876 1940 1047 2026 provincias
1060 1941 1169 1996 ¹nobil

141 2024 340 2090 Armeniam,
349 2019 596 2093 Mesopotamiam,
609 2019 780 2096 Assyriam,
793 2020 950 2077 Persarum
964 2019 1162 2080 concessitin

46 2171 50 2180 ,
149 2108 246 2186 perio·
261 2114 294 2170 ut
308 2103 377 2158 deus
392 2105 440 2157 ille
454 2101 622 2174 Terminus,
642 2106 692 2178 qui
705 2104 851 2160 Romanos
865 2101 1007 2161 terminos
1025 2107 1152 2163 secunda
1167 2134 1170 2153 ι

151 2191 222 2242 istos
236 2188 385 2270 tuebatur,
412 2194 441 2240 ct
458 2202 510 2257 per
528 2186 599 2240 illud
618 2186 845 2260 pulcherrimum
864 2189 1029 2261 auspicium
1044 2191 1111 2246 loce
1124 2208 1158 2245 uo

73 2295 74 2298 ¹
151 2279 280 2325 cesserat
292 2259 371 2339 lari,
396 2270 459 2342 plus
473 2267 654 2324 Hadrianum
671 2289 770 2348 regem
788 2269 953 2340 hominum,
981 2287 1072 2346 quarn
1086 2291 1169 2349 regen

152 2354 271 2408 deorum
283 2353 415 2407 timuisse
428 2349 570 2407 videatur
607 2351 744 2432 Receptis
765 2371 879 2451 quoquc
897 2355 955 2409 alio
969 2365 1106 2430 tempore
1118 2374 1158 2430 pr·

76 2505 77 2510 Ἰ
150 2438 256 2492 sinaiis
269 2437 446 2505 memoratis,
460 2445 561 2490 nestra
573 2454 648 2510 pcnc
659 2439 795 2494 memoria
807 2447 953 2492 retrorsus
963 2441 1123 2496 terminus
1122 2459 1161 2494 ee·

151 2521 201 2590 sit,
222 2516 337 2593 quando
350 2517 478 2574 lulianus
493 2506 612 2574 deorum
626 2519 740 2576 illorum
755 2521 878 2576 oraculis
893 2519 1030 2592 deditus,
1045 2522 1161 2579 immod

98 2674 107 2680 -
151 2611 215 2658 rato
229 2619 301 2656 ausu
317 2619 406 2656 naves
420 2604 507 2657 iussit
517 2601 635 2658 incendi
649 2604 752 2677 quibus
764 2605 902 2660 alimonia
912 2604 1103 2677 portabatur:
1130 2626 1147 2680 q
1162 2621 1164 2624 ·

152 2687 297 2740 exereitus
312 2684 481 2754 destitutus,
508 2703 576 2740 mox
590 2687 698 2740 ctiam'
690 2704 754 2758 rpso
772 2685 872 2742 hostili
884 2687 1009 2742 vulnere
1024 2691 1144 2746 exstinc
1161 2714 1165 2735 ι

51 2805 55 2812 ι
109 2767 111 2772 ’
152 2771 182 2824 iu
197 2777 307 2823 tantam
321 2777 365 2822 est
376 2767 512 2840 redactus
526 2769 666 2842 inopiam,
684 2778 716 2822 ut
729 2769 797 2824 inde
811 2771 907 2825 nullus
922 2769 1075 2846 evaderet,
1098 2772 1166 2828 uadi

66 2867 71 2876 ’
151 2869 206 2926 que
220 2849 351 2906 hostibus
377 2850 594 2922 incursantibus
620 2853 743 2906 militem
762 2854 947 2925 imperatoris
964 2864 1062 2910 nrorte
1079 2856 1166 2912 turba

151 2945 228 3010 tum,
255 2935 313 2988 nisi
334 2935 439 3007 placito
455 2936 535 3008 pacis
552 2936 612 2989 illic
626 2935 740 3008 imperii
752 2935 826 2990 fines
837 2935 1110 3010 constituerentur,
1135 2939 1169 2994 ub

150 3015 290 3091 hodieque
303 3019 477 3092 persistunt,
503 3035 562 3072 non
582 3017 699 3092 quidem
715 3027 797 3074 tanto
819 3019 1012 3089 detrimento,
1041 3033 1165 3096 quanto

152 3110 337 3170 concesserat
349 3097 533 3169 Hadrianus,
560 3099 611 3154 sed
631 3099 726 3156 media
743 3103 840 3158 tamen
856 3103 1069 3178 compositione
1083 3105 1160 3160 dclix

151 3183 175 3239 V
178 3203 233 3240 ano
247 3184 338 3260 igitur
351 3185 473 3260 augurio
488 3181 558 3238 deus
573 3181 727 3240 Terminus
746 3203 805 3240 aon
819 3187 909 3241 cessit
922 3184 999 3255 lovi,
1028 3189 1080 3262 qui
1094 3189 1169 3244 cessi

151 3265 295 3324 Hadriani
308 3268 470 3334 voluntati,
498 3267 588 3321 cessit
601 3267 689 3322 etiam
703 3257 808 3326 loliani
822 3269 995 3340 temeritati,
1023 3281 1055 3324 et
1067 3269 1163 3327 Iovia·

152 3351 329 3406 uebcssitati.
349 3348 493 3404 Viderunt
504 3345 575 3402 haee
589 3333 832 3426 intelligentiores
846 3353 1058 3428 gravioresque
1072 3352 1167 3409 Roma

120 3427 126 3432 ’
150 3435 196 3504 ιιί;
212 3433 261 3488 sed
274 3440 376 3487 contra
389 3431 628 3486 consuetudinem
642 3435 782 3502 civitatis,
796 3451 870 3509 quae
883 3433 1063 3490 daemonicis
1075 3437 1169 3492 ritib·

57 3521 66 3602 ’ἵ
149 3515 246 3571 luerat
260 3514 403 3590 obligata,
428 3515 691 3588 parumralebant:
719 3519 786 3591 quia
799 3526 828 3572 ct
841 3518 897 3590 ipsi
910 3519 1026 3572 etiamsi
1037 3520 1092 3574 illa
1106 3539 1170 3576 wi:

151 3615 215 3652 esse
227 3598 402 3672 sentiebant,
427 3606 548 3653 naturae
561 3609 659 3654 tamen
672 3599 835 3655 rerumsab
849 3602 936 3654 unius
950 3602 1014 3656 veri
1028 3600 1086 3656 Dei
1101 3603 1164 3658 rc'

149 3681 227 3741 utine
241 3691 326 3754 atque
339 3680 460 3753 imperio
475 3682 665 3752 constitutae,
681 3685 851 3759 religiosum
864 3685 971 3738 cultum
985 3685 1035 3756 qui
1050 3683 1117 3740 Deo
1132 3686 1164 3738 dc

150 3764 243 3833 betur,
258 3761 449 3836 exhibendum
464 3765 615 3837 putabant:
630 3767 802 3834 servientes,
816 3775 848 3819 ut
859 3768 901 3820 ait
913 3765 1079 3838 Apostolus,
1095 3785 1165 3824 crea

151 3847 349 3922 turstapott'as
364 3865 449 3920 prtem
465 3844 613 3918 Creatori,
628 3849 681 3924 qai
690 3857 735 3903 est
749 3848 915 3904 benedictus
929 3850 958 3904 ιἰι
973 3849 1105 3904 saecula.
1119 3849 1165 3904 Ηιι
