2340 4320
237 213 810 278 nEctt'ltlTEufflnls.v.
879 180 884 190 ¹
979 228 1034 282 ιιι
1116 187 1118 192 ’

28 373 185 446 ἲ,ςιιιιιίιιιιιιμ
212 377 317 423 exorta
331 376 434 464 segete
447 369 531 423 simul
543 366 731 438 herbescunt,
752 368 925 442 pubescunt,
950 370 1037 436 bore-

34 467 103 525 tcunt‚
116 464 253 509 ettamen
267 451 344 510 inde¹
342 453 447 524 spicas
461 454 583 507 caeteris
596 470 729 522 eonem,
743 462 841 526 atque,
855 464 887 508 ut
901 457 940 510 ita
954 457 1036 512 dixe-

28 537 76 609 n'n,
96 537 339 614 congerminales,
364 537 436 590 alias
449 535 575 612 rubigo'
566 536 720 606 interimit,
742 537 813 590 alias
827 555 897 593 aves
911 537 1037 612 depopu-

28 632 114 692 tntur,
138 623 211 676 alias
224 618 364 674 bomines
380 619 519 674 avellunt.
551 617 723 684 Qupmodo'
715 620 779 674 istis
794 621 867 676 alias
882 624 1037 678 constella-

28 705 97 762 iones
110 705 199 759 fuisse
213 703 326 762 dicturi
339 711 419 771 sunt,
435 719 506 776 quas
519 710 579 757 tam
592 702 722 758 diversos
736 704 832 758 exitus
846 702 953 760 habere
967 724 1037 770 con-

28 784 142 865 piciuntl
167 788 215 844 An
236 805 289 841 cos
307 786 471 866 poenitebit
488 783 534 839 his
551 785 638 842 rebus
651 783 713 840 dies
727 787 853 864 eligere,
882 805 988 861 eosque
1001 787 1037 846 ad

28 875 128 930 celeste
138 871 292 948 negabunt
304 869 454 942 pertinere
465 867 623 938 decretum,
638 876 668 926 et
676 871 752 924 solos
762 869 904 924 sideribus
914 870 1039 928 subdent

29 957 144 1024 omines,
168 953 276 1028 quibus
296 953 367 1006 solis
384 955 417 1007 in
436 961 515 1006 terra
532 949 612 1006 Deus
632 951 712 1006 dedit
729 953 835 1008 liberas
852 951 1036 1010 voluntates?

28 1039 63 1095 lis
76 1039 201 1094 omuibus
216 1035 426 1104 consideratis,
441 1054 500 1108 non
513 1035 657 1090 immerito
668 1035 805 1106 creditur,
820 1055 885 1092 cum
896 1039 1038 1114 astrologi

28 1123 169 1178 litabilitcr
182 1122 277 1176 multa
291 1137 362 1175 vcra
375 1117 563 1192 respondent,
588 1118 700 1174 occulto
714 1120 855 1175 instinctu
869 1121 934 1174 ficri
948 1123 1036 1194 spiri-

28 1225 78 1261 um
90 1224 150 1261 non
165 1206 332 1274 bonorum,
358 1219 481 1277 quorum
499 1220 568 1257 cum
587 1211 632 1274 est
643 1200 696 1259 hos
709 1202 796 1258 falsas
810 1213 840 1258 et
853 1205 957 1260 noxias
972 1206 1037 1278 opi-

29 1308 100 1346 ones
113 1288 150 1357 de
163 1286 327 1343 astralibus
342 1286 409 1340 fatis
423 1286 553 1340 inserere
572 1283 705 1346 humanis
725 1286 871 1342 inentibus
884 1297 971 1362 atque
984 1287 1036 1358 tir-

28 1391 89 1442 are,
115 1391 179 1428 non
192 1370 354 1448 horoscopi
368 1369 462 1425 notati
476 1378 506 1423 et
517 1369 642 1443 inspecti
660 1370 757 1443 aliqua
769 1379 847 1440 arte,
868 1377 941 1443 quae
956 1372 1038 1426 nulla
1084 1433 1088 1442 ἱ

28 1467 49 1511 ί,
406 1474 408 1476 ,

381 1535 503 1600 CAP.
545 1534 658 1593 Vlll.
729 1585 731 1590 .

28 1635 44 1688 'e'
57 1635 151 1705 bisqni
167 1653 222 1688 non
239 1641 376 1686 astrorum
389 1633 560 1701 positionem,
580 1634 627 1684 sed
639 1632 826 1685 connexionem
846 1647 988 1684 coritarum
1002 1650 1036 1686 ec

161 1705 219 1757 Dei
228 1708 370 1756 voluntate
377 1705 534 1772 pendentem
538 1703 602 1773 fati
610 1702 716 1754 nomiae
725 1704 872 1769 appellant.
1114 1707 1120 1714 '

60 1799 117 1863 Qui
129 1815 206 1853 vero
220 1813 283 1851 non
297 1804 443 1849 astrorum
454 1794 705 1862 constitutionem,
719 1792 807 1847 sicuti
817 1801 863 1846 est
874 1811 940 1847 cum
953 1792 1036 1866 quid-

28 1899 50 1936 ιιι
64 1882 243 1954 concipitur,
257 1878 307 1934 vel
320 1879 462 1947 nascitur,
474 1879 523 1932 vel
541 1873 772 1946 inchoatur,’sed
785 1871 912 1930 omnium
926 1893 1036 1930 coune-

29 1983 116 2019 oncm
129 1965 298 2036 seriemque
316 1979 477 2031 causarum,
491 1979 547 2034 qua
560 1960 594 2015 lit
607 1978 692 2016 omne
706 1959 782 2034 quod
794 1958 838 2028 fit,
852 1960 905 2013 fati
918 1960 1036 2014 nominc

28 2049 175 2120 »pellant3'
188 2064 252 2101 non
265 2045 392 2098 multum
401 2063 466 2098 cum
483 2045 525 2098 cis
541 2043 577 2098 de
589 2044 673 2100 vorbi
687 2044 888 2099 controversia
901 2041 1036 2100 laboran-

28 2149 66 2184 ιιιι
79 2141 168 2204 utque
182 2126 357 2183 certandum
371 2136 428 2182 est:
453 2127 567 2201 quando
582 2126 699 2201 quidem
712 2128 805 2200 ipsum
820 2143 973 2181 causarum
987 2145 1036 2180 or-

28 2232 98 2267 nem
111 2223 141 2268 et
155 2212 304 2287 quandam
318 2211 534 2266 connexionem
548 2209 606 2265 Dei
623 2211 726 2264 sunimi
743 2209 875 2264 tribuunt
891 2211 1037 2266 voluntati

28 2308 35 2350 t
48 2298 199 2369 potestati,
229 2295 280 2374 qui
293 2296 402 2368 optime
416 2301 446 2347 ot
457 2294 643 2350 veracissime
658 2292 787 2348 creditur
801 2301 830 2348 et
843 2301 948 2348 cuneta
960 2296 1037 2348 seire

28 2389 158 2452 nteqnum
174 2379 269 2446 fiant,
296 2386 325 2432 et
341 2375 415 2432 nihil
433 2375 631 2432 inordinatum
650 2378 830 2450 relinquere3
857 2394 950 2450 aquo
968 2385 1058 2434 sunt.

28 2479 108 2515 mnes
118 2469 294 2536 potestates,
316 2462 446 2535 quemvis
459 2459 493 2514 ab
507 2461 557 2515 illo
572 2479 631 2514 non
646 2461 706 2515 sint
719 2461 847 2516 omnium
859 2439 1108 2516 voluntates..

28 2563 98 2618 osam
111 2547 210 2620 itaque
223 2546 378 2618 praecipue
392 2542 449 2599 Dei
463 2545 566 2598 summi
587 2545 780 2613 voluntatem,
807 2544 888 2600 cuius
907 2553 1036 2640 potestas

28 2613 239 2703 insperabiliter
256 2643 310 2702 per
329 2636 432 2682 cuncta
450 2623 640 2704 porrigam
654 2643 704 2681 eos
723 2627 868 2699 appellare
886 2626 1037 2682 fatumue
1083 2639 1087 2654 ‘

28 2712 148 2768 robatur.
175 2713 282 2767 Annae
295 2710 424 2768 Senecae
438 2719 515 2780 sunt,
529 2712 588 2765 nisi
600 2709 697 2781 fallor,
711 2708 741 2764 hi
754 2726 871 2764 versus:

83 2795 151 2852 Duc
164 2814 277 2850 summe
289 2804 383 2874 pater,
397 2795 504 2868 altique
513 2793 683 2850 dominator
694 2785 764 2867 poli,

82 2881 268 2953 Quocunque
280 2880 399 2952 placuit,
413 2879 492 2933 nulla
506 2875 628 2953 parendi
641 2891 721 2932 mora
736 2884 817 2934 cst

81 2962 216 3018 Adsum
207 2963 347 3039 impiger:
361 2961 406 3016 fac
420 2962 508 3031 nolle,
523 2960 683 3016 comitabor
697 2973 828 3038 gemens,

81 3045 350 3120 Maiusquepatiar
363 3045 460 3100 facero
474 3037 550 3118 quod
563 3045 647 3099 licuit
659 3043 744 3099 bono.
788 3057 791 3066 ’

59 3127 208 3202 Ducunt
219 3128 369 3183 volentem
381 3129 452 3198 lata,
467 3129 616 3183 nolentem
628 3127 755 3184 trabunt

28 3232 111 3288 empe
127 3210 349 3266 evidentissime
362 3210 417 3266 hoc
431 3213 534 3266 ultimo
548 3227 635 3266 versu
650 3227 685 3265 ea
697 3212 756 3266 fata
770 3213 934 3285 appellavit,
950 3227 1035 3283 quam
1121 3245 1123 3250 ,

28 3315 88 3370 ipra
103 3294 224 3349 dixerat
238 3296 344 3350 summi
357 3297 447 3368 patris
460 3296 654 3350 voluntatem:
669 3295 718 3350 eui
732 3313 762 3349 se
774 3304 908 3367 paratum
918 3287 1036 3348 obedire
1094 3353 1098 3360 ,

30 3381 82 3449 eit,
97 3387 133 3433 ut
145 3379 253 3433 voleus
268 3375 403 3449 dueatur,
417 3397 455 3434 ne
468 3378 573 3452 nolens
584 3375 732 3448 tralmtur3
759 3379 899 3452 quoniam
913 3376 1037 3447 scilicet,
1042 3379 1044 3386 '

28 3471 127 3518 ucunt
138 3462 291 3516 volentem
305 3459 380 3531 fata,
410 3464 559 3517 nolentem
578 3459 708 3516 trabunt.
735 3459 782 3515 llli
798 3476 916 3533 quoquo
931 3475 1036 3514 verrius

29 3547 154 3600 omericr
144 3541 237 3600 buic
251 3546 414 3600 sentcntiae
426 3542 637 3622 suffragantur,
653 3561 727 3616 quos
739 3542 865 3598 Cicero
857 3559 886 3596 ιιι
899 3540 1037 3598 Latinum

28 3631 104 3684 ntis:

81 3709 174 3767 Tales
187 3717 261 3766 sunt
273 3707 422 3766 hominum
434 3719 559 3780 mentes,
573 3709 662 3784 quali
665 3671 770 3780 pater
761 3724 823 3779 ipse

84 3794 201 3868 lupiter
215 3791 375 3870 auctiferas
388 3795 525 3850 lustravit
537 3793 649 3848 lumine
663 3798 765 3844 terres.

29 3897 44 3934 e
63 3880 98 3934 in
109 3876 166 3934 hee
180 3865 388 3951 quaestione
381 3879 587 3937 auctoritatem
604 3871 724 3927 haberet
741 3873 856 3984 poetica
876 3875 1037 3930 sententia
