2340 4320
86 125 128 180 ss
301 115 897 178 ¹n1viavnnsnsvevsrrsi
987 96 988 100 '
1087 99 1100 118 “

334 264 337 270 ·
431 242 873 327 οιι.ιιιινιιέ«
953 261 955 266 ‘

321 363 365 416 Dc
376 364 441 424 bello
451 363 525 416 cicili
536 361 667 414 Mariano·
675 371 755 430 utque
767 362 885 430 Syllano.

151 456 224 546 Cum
235 489 306 527 rero
321 470 429 528 Marius
444 470 524 526 civili
537 471 684 544 sanguine
697 457 756 525 iam
771 473 929 538 eruentus,
955 467 1056 532 multis
1076 435 1168 541 “fv

20 593 22 596 -
90 571 243 613 versurum
256 554 312 609 sibi
324 554 451 626 partium
463 553 617 627 peremtis,
643 552 740 606 victus
754 550 831 606 Vrbe
848 551 1043 627 profugisset,
1070 513 1167 633 *⁷¹5

40 675 43 680 ·
89 639 238 713 paululum
250 637 413 708 respirante
428 636 563 703 civitate,
588 642 622 687 ut
634 633 730 689 verbis
744 632 889 689 Tullianis
903 643 984 703 utar,
998 623 1164 716 supera)

19 747 27 765 ν
88 723 133 777 vit
147 727 248 792 postca
263 716 356 774 Cinna
371 735 436 772 cum
449 715 551 786 Mario.
581 713 741 772 Tnmvcro
756 711 926 770 clarissimis
939 717 1010 771 viris
1024 697 1157 800 intes!

88 802 190 871 fectis,
217 801 327 855 lumine
341 800 468 854 civitatis
483 798 630 852 exstincta
643 806 731 852 sunt:
764 795 850 852 Vltus
865 807 911 852 cst
923 795 1009 852 liuius
1022 790 1117 852 victv

87 885 150 958 riac
165 881 366 938 crudelitatem
378 890 480 953 postea
493 878 590 953 Sylla,
611 897 649 933 nc
662 879 721 933 dici
735 880 851 953 quidem
866 897 937 953 opus
953 888 998 933 est
1010 892 1077 952 quau
1086 862 1112 912 ἴ

87 965 433 1039 diminutione-civiumct
439 971 547 1037 quanta
553 961 716 1016 calamitate
726 960 914 1034 reipublicae.
928 929 1159 1017 Dehaceritf*

85 1047 231 1117 vindicta,
258 1063 331 1119 quac
355 1045 549 1118 perniciosior
567 1042 637 1113 fuit,
665 1057 751 1116 quam
765 1045 791 1097 si
804 1044 916 1101 scelcra
927 1061 1000 1117 quae
1013 1021 1155 1116 puuifff

7 1152 10 1162 ¹
86 1129 207 1199 bantur,
234 1128 378 1202 impunita
390 1128 645 1200 relinquerentur,
665 1125 707 1180 ait
720 1134 749 1180 ct
761 1125 912 1181 Lucanus:

85 1214 90 1228 “
169 1211 309 1266 Excessit
321 1209 465 1264 medicina
478 1207 610 1278 modum,
638 1209 816 1281 nimiumque
831 1217 931 1266 secuta
946 1216 1002 1278 est,
1092 1255 1099 1262 .

170 1295 233 1360 Qua
245 1292 339 1348 morbi
353 1289 479 1362 duxere,
507 1304 627 1362 manus3
651 1291 765 1362 periere
778 1300 930 1346 nocentes.
1032 1297 1034 1302 ’

170 1373 228 1438 Sed
243 1393 308 1431 cum
321 1377 379 1430 iam
393 1375 448 1429 soli
460 1383 580 1447 possent
593 1389 746 1444 superesse
758 1382 912 1444 nocentes,
1026 1371 1027 1374 ’

169 1458 255 1515 Tunc
267 1458 333 1513 data
346 1458 466 1512 libertas
480 1455 571 1525 odiis,
594 1455 783 1528 resolutaque
800 1456 900 1532 legum
974 1467 986 1480 ⁸

167 1541 271 1608 Frenis
286 1543 330 1596 ira
343 1541 413 1594 ruit.

60 1688 65 1709 Ι
84 1609 138 1682 ΙΙΙό
152 1624 227 1680 b'cllo
241 1622 374 1680 Mariano
388 1630 474 1695 atque
490 1617 630 1695 Syllano,
655 1620 786 1693 exceptis
800 1618 845 1675 his
860 1621 911 1695 qui
925 1620 999 1676 soris
1010 1621 1040 1676 in
1053 1621 1106 1690 acic¹

67 1753 69 1756 .
85 1707 271 1776 ceciderunt,
296 1706 328 1758 in
342 1705 405 1776 ipsa
418 1719 532 1775 quoquc
546 1701 623 1757 Vrbe
636 1697 826 1757 cadaveribus
840 1704 916 1774 vici,
935 1705 1057 1780 plateoe,
1069 1694 1104 1757 lo·

5 1786 9 1790 ’
83 1789 271 1860 ιιιλιίιοιιιιι,
284 1786 644 1857 templacompleta‘sunt3
659 1793 693 1839 ut
706 1783 822 1840 difficile
833 1785 1013 1841 iudicaretur
1024 1804 1105 1860 quau-

84 1871 120 1928 do
134 1875 262 1928 victores
276 1868 341 1941 plns
356 1866 491 1920 funerum
506 1865 673 1936 ediderint,
692 1877 790 1934 utrum
802 1870 884 1944 prius
898 1855 1107 1936 ut'vincerent

84 1971 122 2009 an
136 1961 236 2026 postca
251 1950 320 2024 quia
333 1949 489 2003 vicissent:
505 1949 708 2024 cumprimum
720 1951 846 2005 victoria
860 1949 1011 2022 Mariana,
1026 1969 1107 2025 quau·

84 2035 120 2092 do
134 2035 169 2089 dc
184 2031 290 2088 exsilio
303 2049 335 2084 se
349 2031 411 2103 ipsc
423 2031 586 2101 restitnit,
597 2033 728 2104 exceptis
741 2034 851 2104 passim
864 2050 980 2108 quaqua
1001 2051 1110 2102 versum

84 2117 221 2173 caedibus
248 2112 352 2181 factis,
379 2121 466 2185 caput
480 2112 597 2169 Octavii
622 2109 750 2169 consulis
775 2125 938 2187 poneretur
955 2116 990 2170 in
1001 2115 1109 2183 rostris,

83 2193 191 2256 Cacs'ar
205 2195 377 2253 ctl’imbria
389 2197 421 2249 in
434 2194 567 2251 domibus
593 2194 814 2251 trucidarentur
840 2199 918 2267 suis,
946 2197 1004 2253 dno
1020 2197 1111 2253 Crassi

2 2309 5 2317 ·
82 2291 167 2356 pater
182 2273 213 2335 et
224 2280 303 2334 filius
317 2280 350 2360 in
364 2287 523 2352 conspectu
537 2287 638 2333 mutuo
651 2287 869 2350 mactarentur,
887 2279 998 2335 Bobius
1013 2289 1043 2335 ct
1053 2279 1110 2335 Nu·

82 2366 219 2419 mitorius
235 2379 311 2417 unco
325 2363 414 2416 tracti
427 2362 535 2435 sparsis
547 2361 714 2417 visceribus
725 2360 893 2431 interirent,
907 2361 1032 2418 Catulus
1043 2361 1110 2418 hau·
1144 2365 1155 2372 ''

83 2456 129 2502 sto
141 2464 258 2501 ueneno
271 2463 302 2498 se
311 2445 446 2499 inanibus
461 2442 861 2514 inimieorumsubtraherct‚
884 2447 998 2501 merula
1011 2443 1111 2500 flamen
1167 2468 1170 2469 ⁷

40 2561 42 2564 ·
83 2528 177 2585 Dialis
190 2527 331 2601 praecisis
344 2528 429 2582 renis
443 2525 507 2581 lovi
520 2527 608 2580 ctiam
622 2541 675 2581 suo
690 2528 835 2602 sanguine
846 2527 954 2582 litaret.
974 2525 1010 2590 ln
1025 2527 1111 2602 ipsius

76 2619 182 2666 ¹autem
194 2609 281 2665 Marii
293 2611 387 2664 oculis
402 2609 543 2664 continuo
561 2608 760 2679 lericbantur‚
787 2609 892 2683 quibus
919 2611 1118 2674 salutantibus

82 2694 233 2747 dexteram
245 2692 397 2768 porrigere
411 2692 564 2748 noluisset.

395 2813 535 2881 CAP.
577 2817 782 2878 XXVlll.

110 2969 113 2976 .
136 2897 231 2968 Qualis
243 2900 339 2973 frcerit
350 2901 461 2971 Syllano
471 2901 586 2952 victoria
591 2938 600 2964 ,
620 2901 717 2954 cinclczr
727 2901 872 2954 Marianae
882 2902 1064 2958 crudelitatis.

147 2991 268 3066 Syllana
281 3010 352 3048 vcro
366 2992 492 3047 victoria
505 2999 623 3060 secuta,
637 2989 724 3049 huius
737 2993 875 3047 videlicet
886 2993 997 3048 vindex
1009 2995 1112 3050 'crude-

79 3076 188 3143 litatis,
216 3083 282 3146 post
301 3083 416 3130 tantum
435 3074 611 3148 sanguinem
629 3073 754 3143 civium,
783 3091 839 3148 quo
857 3074 924 3130 fuso
948 3087 1114 3150 comparata

79 3155 188 3225 fuerat,
201 3155 285 3211 finito
298 3155 358 3210 iam
370 3156 446 3210 bello
459 3156 623 3210 inimicitiis
637 3155 820 3226 viventibus,
836 3157 985 3213 crudelius
1001 3160 1035 3214 in
1045 3177 1113 3233 pace

80 3248 214 3316 grassata
230 3249 282 3294 cst.
317 3237 376 3294 lam
391 3238 479 3292 ctiam
492 3246 558 3309 post
573 3235 660 3294 Marii
673 3239 791 3293 maioris
805 3241 945 3310 pristinas
960 3258 995 3296 sc
1010 3260 1113 3298 recen-

78 3323 209 3376 tissimas
224 3321 326 3376 caedes
340 3319 456 3375 sdditac
469 3319 588 3376 fuerant
601 3321 676 3373 aliae
688 3322 840 3395 graviores
855 3340 871 3376 a
885 3322 979 3378 Mario
994 3325 1112 3394 iuvene,

80 3413 167 3477 atquc
182 3403 313 3460 Carbone
338 3401 497 3459 earundem
521 3400 871 3475 partiumlllsriansrum:
898 3406 952 3479 qui
962 3403 1048 3480 Sylla
1060 3408 1111 3461 im-

79 3487 226 3556 minente,
253 3488 422 3554 nonsolum
434 3486 607 3552 victoriam,
630 3501 733 3539 verum
747 3487 835 3540 etiam
847 3488 940 3559 ipsam
954 3487 1112 3562 desperen-

79 3576 124 3621 tcs
139 3569 279 3639 salutem„
293 3577 400 3634 cuneta
413 3568 475 3622 suis
489 3567 651 3639 alienisque
667 3563 803 3624 caedibus
817 3571 1025 3641 impleverunt.
1040 3571 1114 3627 Nam

32 3647 34 3651 ’
76 3655 194 3720 praeter
209 3658 337 3727 stragem
350 3653 409 3706 lato
420 3668 472 3723 per
485 3649 601 3712 diversa
615 3645 766 3720 diffusam,
787 3652 905 3706 obsesso
920 3654 1012 3708 etiam
1024 3673 1111 3709 sena·

78 3737 129 3820 su,
155 3726 191 3780 da
204 3729 267 3806 ipsa
282 3735 379 3806 curia,
396 3741 536 3806 tanquam
550 3730 585 3786 dc
600 3748 734 3802 carcere,
748 3733 985 3812 producebantur
997 3736 1034 3791 od
1048 3738 1110 3813 gla-
