2340 4320
287 229 344 289 nn
367 229 584 289 ιινιιιιιι
607 231 686 290 nri
707 231 786 290 ιιι.
810 233 862 289 ιν.
883 189 890 271 ἒ
959 181 980 246 J
1028 235 1090 296 ιιι

9 345 62 433 h}
88 387 184 464 dignior
202 385 353 460 aptiorque
371 381 538 454 ridebatur,
563 401 581 438 a
594 365 656 438 aiis
663 384 766 440 alicnis
781 395 916 446 cerneret
929 405 1087 460 praeoccu-

26 475 177 546 1,patum
203 483 262 524 non
274 466 386 524 audeus
400 466 510 564 aliquid
522 478 739 530 caetratorum
753 467 850 526 faeere
864 469 1032 546 arbitrium,
1059 484 1090 546 et

9 536 49 676 Ξ
81 553 184 609 eredens
197 567 248 628 eos
260 559 345 605 tanto
361 551 475 605 numini
489 569 600 625 suoque
612 551 738 624 principi
759 553 911 606 voluntate
937 571 1087 626 cessuros3

9 638 133 711 *quia
144 619 225 690 multi
240 642 325 688 erant
338 633 401 688 illic
416 633 466 688 ubi
478 631 653 706 Capitolium
665 635 858 692 constitutum
872 643 933 705 ιιι,
958 654 1011 710 per
1036 656 1086 692 au-

23 721 176 818 *aporiam
192 717 356 792 quaesivit,
382 724 482 772 utrum
496 716 655 772 concedere
664 717 764 772 locum
776 719 885 774 vellent
897 716 974 776 lova
1001 729 1088 794 atque
1134 777 1137 794 ,

9 800 29 842 ἴ·
74 801 194 878 ipsiinde
208 799 315 854 cedere
329 817 430 854 omnes
443 801 614 872 voluerunt,
639 797 756 872 praeter
780 801 845 856 illos
868 819 941 876 quoa
963 821 1087 857 commc-

9 891 40 927 ῑῑ
75 886 188 954 raorari,
211 881 355 954 Martem,
376 880 570 954 Tamiram,
594 882 790 942 Iuventatem.
795 892 903 980 atquc
921 885 987 941 idco
1001 885 1087 958 Capi-

9 960 42 1011 ᾖ
75 972 166 1026 talium
177 968 214 1022 ita
227 975 434 1022 constructum
449 974 508 1037 ιιι,
534 974 567 1021 ut
580 969 666 1027 ctiam
681 968 731 1022 isti
744 973 804 1022 tres
819 968 900 1024 intus
914 979 1014 1026 essent
1028 977 1087 1024 tani

76 1052 319 1127 obscarissignia,
346 1058 380 1105 ut
392 1047 488 1104 bec
459 1067 510 1106 vix
524 1047 655 1106 homines
669 1048 830 1108 doctissunl
843 1052 962 1108 scirent
998 1051 1085 1108 Nullo

9 1147 32 1180 ii
72 1135 143 1192 nodo
155 1135 246 1211 igitur
257 1133 446 1191 Felicitatem
457 1131 589 1205 Iupiter
580 1151 642 1207 ipse
656 1142 871 1204 contemneret,
891 1136 968 1190 sieut
980 1153 997 1192 a
1010 1132 1085 1191 Ter-

16 1216 31 1263 ’ἓ
68 1221 151 1288 uine,
174 1215 289 1286 Marta,
315 1214 469 1271 Iuventate
496 1225 659 1274 contemtus
686 1226 740 1272 ιιι.
782 1214 841 1273 Setl
855 1219 911 1290 ipsi
925 1220 1013 1274 etiam
1035 1221 1087 1292 qui

9 1317 14 1345 ι
28 1332 32 1346 =
66 1309 285 1359 aon-cesserant
299 1297 382 1370 lovi,
405 1298 690 1374 prolecto-cederent
702 1299 864 1371 Felicitati,
878 1319 953 1375 quae
967 1303 1025 1360 illis
1038 1319 1085 1356 ιι-

9 1399 29 1433 2
65 1380 374 1463 qemfeeeratlovem.
415 1384 474 1439 Aut
499 1385 525 1438 si
551 1401 610 1438 non
637 1382 790 1454 cederent,
818 1401 877 1440 nan
891 1384 921 1439 id
938 1394 1087 1442 contemtu

9 1483 28 1516 ¹
67 1471 118 1524 tius
140 1469 297 1536 facerent,
324 1464 376 1520 sed
390 1463 465 1540 quod
477 1463 606 1522 in'doino
620 1466 781 1524 Felicitatis
805 1466 922 1523 obscuri
937 1487 1001 1524 csse
1014 1469 1086 1524 mal-

9 1567 27 1598 n
67 1554 134 1623 leat,
156 1569 249 1628 quam
263 1551 331 1605 sine
343 1547 394 1603 illa
406 1551 437 1604 in
450 1551 522 1605 locis
535 1551 661 1624 propriis
679 1552 817 1606 eminere.
865 1565 869 1570 ’
928 1568 931 1573 ’
972 1571 976 1596 ι

9 1633 26 1683 l·
103 1634 139 1690 lta
149 1635 205 1692 lca
219 1633 379 1690 Felicitate
392 1632 423 1686 in
436 1633 499 1700 loco
512 1634 689 1710 amplissimo
704 1641 732 1689 ct
743 1633 902 1688 celsissimo
916 1635 1086 1705 corastituta,
1111 1661 1115 1677 s

11 1733 25 1766 ἰ
67 1718 317 1786 liseercntcives,
344 1713 422 1771 unde
435 1716 501 1771 boni
515 1719 577 1773 voti
589 1715 748 1790 petendum
761 1724 839 1770 essct
851 1717 1002 1772 auxilium.
1046 1718 1086 1774 Ac

64 1805 99 1858 sic
110 1805 170 1877 ipsa
183 1799 335 1856 suadente
346 1808 465 1870 natura,
480 1801 604 1856 aliorum
615 1798 735 1855 deorum
746 1795 892 1871 superflua
901 1799 1088 1855 multitudine
1101 1855 1103 1864 ,

63 1887 209 1955 derelicta,
240 1885 390 1940 coleretur
407 1901 466 1938 una
484 1882 639 1954 Felicitas,
667 1883 718 1938 uui
747 1883 974 1955 supplicaretur,
988 1883 1088 1938 Junius

10 1997 17 2014 -=
62 1970 189 2044 templum
203 1967 448 2040 frequentaretur
461 1983 478 2020 a
493 1966 604 2022 civibus
621 1967 671 2040 qui
684 1966 786 2040 felices
801 1983 864 2020 esse
877 1967 1002 2038 vellent,
1016 1971 1088 2040 qu02
1135 1975 1139 1986 ‘·

62 2071 118 2108 mm
131 2061 214 2107 esset
227 2066 317 2105 nemo
337 2050 389 2124 qui
414 2051 519 2106 nollet:
545 2060 633 2123 atquc
647 2051 687 2105 ita
701 2049 764 2123 ipsa
777 2067 794 2104 a
807 2067 839 2103 ιι
853 2049 916 2121 ipsa
928 2057 1088 2122 peteretur,
1132 2037 1134 2048 '

9 2151 21 2182 ²-
62 2155 126 2212 quae
138 2137 174 2190 ab
188 2133 331 2190 omnibus
353 2133 513 2206 petebatur.
558 2133 632 2200 eris
646 2135 724 2188 enirn
737 2131 848 2206 aliquid
861 2133 896 2188 ab
910 2134 1008 2207 aliquo
1021 2131 1087 2203 dee,

14 2289 22 2298 α
62 2221 113 2275 nisi
124 2220 304 2274 felicitatem
317 2217 389 2270 velit
401 2217 544 2291 accipere,
558 2218 605 2272 vel
618 2217 694 2290 quod
707 2214 742 2272 ad
756 2215 927 2272 felicitatem
940 2216 1088 2272 existimat

63 2297 223 2378 pertinere?
251 2297 383 2356 Proinde
406 2300 433 2356 si
445 2300 570 2358 felicitas
584 2299 671 2358 babet
683 2302 714 2358 in
728 2306 873 2374 potestate
886 2317 952 2355 cum
964 2317 1022 2374 qno
1035 2296 1087 2355 bo-

9 2403 16 2433 :
67 2388 136 2440 mine
148 2389 185 2442 ιἰι
210 2382 325 2456 (habet
330 2392 443 2453 autem,
470 2385 496 2438 si
510 2382 565 2438 (lca
578 2379 651 2460 ιιι),
677 2401 751 2459 quae
765 2381 881 2438 tandem
895 2382 1019 2446 stultitia
1033 2391 1088 2453 est,

12 2485 19 2514 ι
69 2468 99 2523 ab
119 2471 210 2554 aliquo
238 2485 308 2522 cam
322 2464 387 2530 alce
412 2478 529 2542 petere,
556 2485 642 2541 quam
654 2483 825 2542 possessae
838 2484 900 2540 ipsa
913 2463 1088 2540 impetrarel

9 2551 224 2632 Hecaerge
239 2526 327 2606 dcam
342 2551 511 2624 superdeus
526 2559 658 2608 caeteros
667 2549 812 2610 bonorare
825 2551 912 2606 etiam
922 2551 980 2605 loci
991 2548 1087 2626 digni·
1159 2585 1160 2588 =

9 2645 112 2692 ιιιιι
124 2637 305 2692 debuerunt
349 2631 445 2690 Sicut
448 2636 526 2690 enirn
538 2634 635 2708 apud
628 2653 707 2708 ipsos
719 2634 842 2712 legitur:
868 2631 993 2690 Romani
1008 2643 1087 2688 vete-

9 2737 10 2742 *
60 2739 99 2775 res
111 2722 216 2777 nescio
231 2735 330 2792 quern
336 2716 539 2789 Summanum,
556 2719 604 2774 eui
618 2727 762 2775 nocturna
774 2715 897 2786 fulmina
910 2710 1088 2786 tribuebant,

9 2815 18 2868 3
60 2805 209 2860 coluerunt
223 2802 323 2880 magis
338 2819 431 2875 quam
428 2800 550 2872 lovem,
577 2801 616 2856 aa
627 2819 711 2876 quem
724 2800 841 2856 diarrna
852 2799 974 2856 fulmina
997 2801 1087 2874 perti-

9 2887 17 2942 l
61 2898 164 2944 ιιιιιιι.
214 2883 279 2942 Sed
291 2893 445 2959 postquam
458 2883 519 2941 lovi
539 2885 700 2958 templum
692 2886 812 2960 insigne
831 2899 865 2938 ae
881 2883 1003 2940 sublime
1018 2902 1088 2940 con-

9 2947 17 3012 i
60 2981 197 3028 structum
226 2977 291 3038 est,
317 2978 436 3042 propter
448 2969 529 3024 aedis
543 2968 717 3044 dignitatem
730 2969 773 3024 sic
786 2965 823 3024 ad
844 2985 910 3022 eum
932 2965 1088 3033 multitudo
1136 2955 1148 2974 ”

9 3015 18 3120 i
58 3055 215 3124 confluxit,
230 3052 331 3106 utrix
344 3052 512 3109 inveniatur
525 3053 575 3126 qui
589 3049 741 3108 Summani
755 3068 877 3118 nonren,
897 3048 973 3125 quod
987 3047 1088 3104 audire

10 3139 102 3238 Ιἰιιιι
116 3157 184 3195 non
197 3129 318 3211 potest,
338 3153 370 3188 ιι
384 3136 485 3191 saltem
497 3136 606 3212 legisse
618 3136 792 3192 meminerit.
816 3133 869 3190 ¹Si
883 3142 980 3190 autem
994 3132 1087 3188 felici·
1119 3199 1121 3218 .

9 3239 12 3350 Ι
54 3224 319 3288 mecummet,
343 3221 495 3291 quoniam,
523 3217 601 3293 quod
622 3235 724 3274 veruna
734 3223 813 3288 ιιι,
840 3235 945 3272 aturrus
961 3225 1006 3270 ιιι
1016 3213 1088 3284 Der,

53 3307 94 3362 ille
106 3306 197 3363 Deus
212 3309 393 3377 quaeratur,
416 3304 468 3382 qui
479 3320 543 3358 cam
556 3302 625 3358 darc
638 3303 746 3377 possit,
773 3312 803 3357 et
816 3301 936 3356 deorum
949 3299 1089 3353 falsorum

9 3353 210 3446 multitudo
228 3385 323 3440 noxia
336 3377 534 3460 relinquatur,
561 3403 646 3460 quam
660 3387 813 3446 stultorum
827 3383 975 3438 bominum
989 3381 1088 3437 multi-

52 3473 116 3529 tudo
129 3489 215 3529 vana
232 3476 382 3537 rectatur,
410 3467 485 3524 dona
499 3468 557 3525 Dei
571 3468 640 3526 dces
655 3469 710 3526 sibi
730 3467 858 3535 faciens,
887 3474 917 3519 et
930 3465 1024 3538 ipsum
1038 3483 1089 3519 eu-

53 3557 91 3612 ius
105 3575 142 3612 ea
164 3554 250 3610 dona
277 3553 362 3621 sunt,
388 3551 584 3609 obstinatione
599 3552 740 3626 superbae
753 3548 913 3606 voluntatis
928 3541 1094 3606 offerrdens

54 3638 95 3696 tie
112 3640 198 3696 enim
212 3651 321 3691 carere
337 3651 395 3688 nen
409 3631 504 3722 potqst
516 3636 706 3705 infelicitate,
721 3633 771 3708 qui
785 3641 922 3702 tanquam
937 3627 1021 3684 deam
1033 3630 1089 3691 Fe-

53 3723 191 3781 licitatem
208 3719 300 3786 colit,
321 3725 350 3770 et
367 3715 460 3784 Deum
474 3719 603 3775 datorem
618 3717 769 3774 felicitatis
783 3713 936 3785 relinquit:
952 3713 1027 3770 sicut
1042 3710 1094 3772 ea-'

55 3823 108 3863 rere
137 3823 206 3862 non
236 3807 339 3873 potest
364 3786 454 3870 sense,
480 3801 770 3878 quipanempictum
791 3795 918 3869 linguit,
946 3803 975 3848 et
989 3796 1023 3851 ab
1038 3796 1091 3854 ho-

55 3893 120 3948 nino
135 3889 193 3966 qni
208 3899 321 3941 verum
335 3880 436 3953 babet,
463 3904 520 3944 nou
534 3886 615 3961 petit.
