2340 4320
19 179 35 296 5'
125 283 128 296 Κ
218 199 814 318 Ὶἰιιοιιιιιιιιιιιιιιιιιιιι.
980 221 1037 276 ιιι
1105 239 1150 264 ,-

19 377 21 390 “
55 369 121 424 lmen
141 387 201 424 cum
217 351 307 424 tantis
325 345 445 426 iniuriis¹
460 367 608 423 colendum
624 350 766 441 putarent]
790 365 868 424 lete
885 370 1041 428 alienarum
1063 403 1067 414 ι

51 450 131 507 dcitur
146 452 322 507 adulterator
342 469 477 520 uxorum,
495 451 550 506 iste
569 451 651 526 pueri
663 450 777 525 pulchri
789 451 951 525 impudicus
964 471 1041 510 ama·

33 605 34 610 Ἰ
47 543 78 588 tor
87 545 111 588 et
122 544 223 609 raptor.

378 681 498 739 CAP.
541 681 690 741 xxvl.

38 777 67 844 lla
77 780 137 831 ludis
149 778 276 842 scenicis,
293 777 424 846 quaesibi
437 777 475 828 dii
488 777 616 830 celebrari
629 781 646 829 c
658 775 712 829 auis
726 777 871 830 astitoribus
887 775 1041 848 exegerunt.
1117 779 1119 785 '

84 867 163 939 „Sed
179 867 314 944 fingebat
328 866 400 922 haec
417 863 578 937 Homerus,
604 869 645 923 ait
666 865 795 938 Tullius,
819 878 847 923 et
866 868 989 924 bumana
1008 868 1045 926 ad

36 951 116 1021 „deos
130 951 336 1008 transferebat:
356 947 454 1006 divina
471 950 585 1005 mallem
598 950 634 1006 ad
646 951 734 1006 noa.“
777 949 881 1008 Merito
896 951 1044 1026 displicuit

34 1036 87 1090 riro
109 1036 207 1110 gravi,
235 1033 402 1089 divinorum
429 1033 583 1088 criminum·
603 1042 687 1106 poeta
705 1033 851 1090 confictor.
895 1032 954 1090 Cur
973 1053 1042 1111 ergo

28 1118 79 1173 ludi
91 1118 216 1187 scenici,
234 1115 372 1172 ubihaec
385 1115 564 1185 dictitantur,
584 1118 770 1188 cantitantur,
789 1119 956 1188 actitantur,
975 1118 1043 1174 deo-

22 1219 77 1256 rum
94 1200 259 1256 bonoribus
276 1198 460 1268 exhibentur,
479 1199 556 1254 inter
569 1218 615 1254 res
630 1199 741 1256 divinas
755 1217 772 1255 a
785 1199 961 1257 doctissimis
974 1220 1043 1256 con·

18 1280 199 1340 scribunturl
225 1279 286 1337 Hic
305 1283 445 1338 exclamet
463 1279 576 1352 Cicero,
593 1300 651 1338 non
669 1292 770 1339 contra
790 1283 927 1360 figmenta
943 1294 1042 1358 poeta-

19 1387 84 1438 mm,
110 1367 166 1423 sed
193 1373 299 1421 contra
324 1366 457 1422 instituta
473 1365 622 1420 maiorum.
664 1365 709 1421 An
725 1384 783 1422 non
802 1369 995 1437 exclamarent
1014 1375 1043 1422 et
1110 1421 1140 1436 ,¹

19 1453 67 1520 lli,
88 1450 173 1516 Quid
191 1467 247 1504 uos
267 1443 406 1503 lecimusl
429 1445 549 1521 ipsimi
568 1439 624 1506 iata
641 1451 701 1504 auis
713 1447 868 1506 honoribus
883 1448 1043 1506 exhibenda
1102 1487 1103 1494 ι

19 1533 239 1610 lagitarerunt‚
267 1532 406 1587 atrociter
429 1532 620 1604 imperarunt,
648 1531 758 1587 cladem
778 1533 835 1587 nisi
856 1532 937 1588 fieret
959 1551 1042 1607 prae-

19 1619 201 1689 nuntiarunt3
230 1617 299 1689 quia
321 1615 484 1690 neglectum
507 1623 549 1670 est
567 1613 690 1689 aliquid,
715 1616 897 1670 severissime
912 1612 1042 1671 'vindica-

19 1709 93 1773 runt;
115 1701 191 1775 quia
215 1697 247 1752 id
269 1696 345 1772 quod
366 1698 528 1772 neglectum
545 1697 641 1752 fuerat
660 1696 769 1752 factum
786 1707 843 1766 est,
868 1699 994 1769 placatos
1012 1718 1043 1754 se

19 1802 72 1840 csse
105 1788 321 1850 monstrarunt.
363 1776 441 1840 luter
472 1797 571 1838 eorum
599 1788 836 1835 commemoratur
862 1780 984 1834 virtutes
1016 1789 1044 1834 et

19 1866 146 1923 niranda
161 1865 245 1920 facta
256 1862 333 1939 quod
346 1862 447 1918 dicam.
474 1860 543 1918 Tito
558 1861 674 1920 Latinio
688 1863 797 1918 rustico
812 1859 941 1916 Romano
954 1863 1044 1935 patri·
1118 1877 1121 1898 ι

19 1951 142 2006 humilias
164 1946 278 2022 dictum
296 1953 340 2002 est
357 1948 388 2001 in
401 1948 519 2016 soumis,
538 1947 569 2000 in
581 1954 683 2002 senatu
696 1946 854 2014 nuntiaret,
867 1953 899 2000 ιιι
911 1935 971 2000 ludi
985 1942 1044 2000 Ro-

19 2035 92 2088 mani
114 2034 363 2100 instaurarentur,
381 2029 456 2104 quod
474 2031 566 2104 primo
585 2048 683 2086 eorum
701 2029 748 2084 die
765 2031 796 2102 in
813 2025 936 2103 quodam
954 2029 1044 2090 susle,

19 2115 166 2190 rato,·qni
183 2115 289 2188 populo
308 2113 454 2186 spectante
472 2112 508 2168 ad
526 2114 695 2187 supplicium
715 2112 780 2167 duci
800 2113 893 2176 iussus
912 2118 972 2181 est,
989 2129 1043 2166 nu-

19 2199 142 2254 minibus
160 2196 301 2253 videlicet
319 2214 355 2251 ex
372 2195 447 2251 ludis
464 2185 629 2266 bilaritaten
648 2195 864 2276 quaerentibus,
882 2196 966 2250 triste
984 2193 1042 2250 dia·
1075 2201 1102 2222 ··

19 2284 168 2356 plicuisset
194 2280 357 2353 imperium.
401 2277 473 2334 Cum
497 2297 566 2355 ergo
584 2281 634 2334 ille
651 2281 700 2354 qui
723 2269 834 2334 somnio
854 2279 1043 2340 conumonitus

20 2374 99 2434 erat,
113 2371 233 2437 postera
249 2363 296 2418 die
314 2364 391 2418 iussa
409 2361 506 2416 facere
523 2380 581 2418 non
595 2375 686 2418 ausus
705 2370 794 2430 esset3
816 2359 941 2416 secunda
957 2369 1043 2416 nocte
1063 2421 1064 2424 ,

23 2446 81 2502 hoc
101 2445 172 2502 idem
194 2463 298 2504 rursus
317 2446 444 2514 severius
462 2448 632 2518 imperatum
651 2453 707 2502 est:
730 2443 826 2500 amisit
843 2443 949 2514 hlium,
975 2446 1048 2519 quia
1143 2445 1145 2450 ‘

24 2549 80 2586 non
94 2529 169 2586 lecit.
214 2527 317 2584 Tertia
332 2537 416 2584 nocte
429 2526 537 2586 dictum
551 2537 594 2584 est
607 2527 728 2598 homini,
742 2526 816 2602 quod
829 2528 920 2584 maior
934 2527 962 2581 ei
973 2545 1042 2601 poe-

21 2632 72 2685 na,
97 2615 201 2668 sinon
220 2612 345 2681 faceret,
371 2612 543 2666 immineret.
586 2609 659 2666 Cum
675 2613 763 2674 etiam
778 2611 820 2666 sic
838 2628 895 2665 non
910 2608 1042 2680 auderet,

18 2699 48 2752 in
64 2697 197 2756 morbum
218 2695 322 2750 incidit
339 2713 435 2750 acrem
454 2703 482 2748 et
494 2693 669 2750 horribilem.
714 2691 789 2748 Tum
802 2711 871 2748 vcro
885 2711 922 2748 ex
935 2695 1041 2748 amico·

19 2798 81 2835 ram
97 2780 244 2842 sententia
257 2777 293 2834 ad
305 2779 491 2854 magistratus
504 2796 566 2832 rem
583 2777 696 2847 detulit,
715 2785 800 2851 atque
811 2777 842 2831 in
855 2763 958 2832 lectica
971 2778 1042 2832 alla·

19 2873 63 2918 ιιιι
82 2873 127 2919 cst
144 2865 177 2918 in
195 2870 338 2918 senatum:
361 2862 549 2935 expositoque
567 2862 688 2929 scrinio,
704 2867 820 2932 recepta
838 2861 972 2916 continuo
991 2878 1042 2916 vn-

19 2946 157 3016 letndine,
173 2944 293 3019 pedibus
312 2945 371 3006 suis
390 2962 475 2999 sanus
493 2944 639 2998 abscessit.
682 2940 776 2999 Tanto
795 2943 970 3016 stupefactus
988 2943 1043 2996 nri-

19 3031 115 3086 racnlo
141 3035 259 3082 senatus
278 3027 494 3103 quadruplicata
510 3030 631 3100 pecunia
649 3025 731 3080 ludos
751 3028 861 3081 censuit
879 3026 1043 3082 instaurari.
1065 3029 1067 3032 ’

19 3113 88 3177 Quis
99 3128 168 3166 non
187 3109 301 3188 rideat,
323 3111 371 3185 qui
389 3117 490 3172 sanum
510 3111 598 3182 sapit,
616 3108 744 3165 subditos
762 3107 891 3168 homines
909 3108 1043 3182 malignis
1121 3119 1138 3134 ²

19 3194 222 3262 daemonibus,
250 3211 267 3247 a
291 3203 415 3268 quorum
440 3190 634 3248 dominatione
663 3209 720 3248 non
744 3191 847 3248 liberat
869 3192 927 3246 nisi
949 3192 1044 3264 gratia
1082 3231 1084 3240 ,,

19 3275 72 3333 Dei
91 3297 146 3352 per
158 3275 254 3332 lesum
269 3273 414 3330 Christum
427 3271 584 3336 Dominum
601 3283 741 3344 nostrum,
760 3277 790 3331 vi
808 3275 967 3346 compulsos
982 3291 1044 3327 esse

19 3361 156 3418 exhibere
174 3359 281 3414 talibus
303 3357 367 3428 diis,
387 3375 459 3432 quae
475 3365 554 3413 rc'cto
573 3359 694 3413 consilio
712 3365 845 3431 poterant
861 3356 956 3427 turpia
969 3354 1044 3411 iudi-

19 3442 95 3500 earil
117 3444 151 3500 lu
170 3443 232 3498 illis
246 3449 333 3495 -oerte
348 3439 422 3494 ludis
439 3442 552 3513 poetica
564 3442 712 3497 numinum
728 3441 848 3494 crimina
860 3437 1044 3512 frequentan-

20 3537 77 3599 tur,
93 3529 146 3604 qni
166 3525 229 3581 ludi
250 3521 419 3596 cogentibus
435 3523 600 3578 numinibus
617 3525 697 3580 iussu
716 3531 831 3577 senatus
844 3519 1044 3576 instauraban·
1137 3509 1140 3532 ’

19 3621 72 3668 ιιι.
114 3609 148 3666 ln
167 3611 230 3664 illis
248 3601 327 3660 ludis
345 3614 538 3680 corruptorem
550 3606 705 3679 pudicitiae
719 3603 815 3660 lovem
828 3603 987 3675 turpissimi
999 3603 1045 3660 hi-
1134 3647 1151 3682 ¹.

20 3698 140 3768 striones
164 3687 343 3756 cantabant,
368 3689 505 3763 agebant,
532 3688 690 3762 placebant.
734 3684 768 3742 si
785 3683 856 3741 illud
872 3684 1066 3761 lingebatur,¹

20 3779 63 3834 ille
74 3781 276 3834 irasceretur:
301 3769 325 3822 si
339 3779 430 3826 autem
444 3772 503 3827 suis
518 3771 685 3826 criminibus
699 3770 783 3822 etiam
797 3769 873 3824 fictis
887 3768 1058 3842 delectaba-u.
1091 3795 1105 3808 ι
1141 3805 1144 3820 .

20 3869 73 3932 tur,
89 3858 209 3938 quando
236 3849 395 3934 coleretur,
413 3855 469 3944 nisi
489 3848 796 3934 diaboloservireturl
816 3849 901 3911 itane
916 3853 975 3912 iste
987 3850 1053 3912 uc-
