2310 4306
125 200 187 280 ne
355 215 460 275 orvs
489 214 676 274 svnnun
697 214 958 275 svcvsrrur

31 438 40 453 .
126 372 317 446 funditusque
331 389 348 425 a
362 389 416 424 suo
431 387 539 446 regno,
565 367 615 424 ulii
636 370 695 424 iam
710 371 752 424 eis
767 369 952 446 alienigenae
967 367 1089 424 douinahu·
1119 370 1124 387 ³

126 466 190 525 tur,
214 453 354 510 eradicati
374 451 555 526 dispersique
573 471 626 524 per
644 461 756 522 terras,
784 449 913 526 (quando
930 451 1091 526 qnidemuliqu
1120 462 1122 471 ’

68 567 70 572 v
128 557 189 594 non
203 534 331 613 desunt,)
346 554 398 608 per
411 534 579 610 Scripturas
594 541 662 590 suas
676 536 849 590 testimonio
865 535 946 590 nohis
958 545 1013 590 sunt
1022 529 1092 606 prophe
1147 534 1152 547 “

129 623 185 677 tias
199 633 253 676 nos
268 637 327 675 non
341 618 464 673 finxisse
478 617 513 671 dc
527 615 659 686 Christo,
684 635 755 691 quas
775 619 896 688 plurimi
914 635 1003 672 eoram
1016 612 1093 674 unsih
1151 620 1153 635 ¹

107 719 108 722 ’
128 713 248 773 rantes,
263 711 292 757 ct
305 713 374 758 ante
387 703 569 774 passionem,
583 710 613 755 et
626 701 752 755 maxime
765 708 834 773 post
847 703 909 756 eius
922 699 1094 755 resurrectionen
1132 706 1138 715 '

129 784 318 841 crediderunt
330 785 361 839 in
375 802 452 852 eum,
470 783 505 866 de
519 783 622 855 quihus
635 783 820 856 praedictum
834 791 892 839 est:
912 782 948 840 Si
950 783 1037 854 fuerit
1045 796 1096 834 asu·
1130 776 1144 799 ’ἱ

128 885 182 924 rua
194 867 332 938 filiorum
345 863 447 921 Israel
460 868 538 922 sicut
552 883 645 938 arena
659 868 771 935 muris,
796 866 941 942 reliquiae
957 865 1042 920 selvae
1050 860 1096 932 fiet.
1150 866 1155 875 “

130 949 247 1007 caeteri
266 967 336 1003 vcro
355 947 506 1011 excoecati
525 941 611 1017 sunt,
637 946 672 1001 de
692 948 806 1022 quihus'
816 949 992 1022 praedictum
1003 955 1047 1001 est:
1062 940 1098 998 lu
1146 946 1150 961 “

129 1047 229 1090 recensu
242 1048 453 1087 eorumeorurn
467 1031 541 1106 speia
555 1031 585 1084 in
600 1029 743 1108 laqueum,
758 1041 788 1086 et
801 1031 831 1085 in
845 1029 1054 1096 retributionem,
1063 1023 1099 1081 ai
1122 966 1155 1123 ἓ

129 1112 310 1169 scandulum.
347 1108 556 1168 Oderat-entur
569 1111 648 1168 oculi
659 1131 768 1181 eorum,
787 1132 825 1168 ne
837 1115 972 1186 uideant,·
994 1121 1019 1168 et
1035 1112 1102 1166 torm
1128 1110 1155 1191 ᾖ,

88 1189 91 1194 ’
129 1195 243 1251 illorum
257 1211 371 1272 semper
390 1195 523 1252 iactura,
559 1193 686 1249 Proinde
700 1212 788 1268 quum
803 1193 962 1269 Scripturis
976 1194 1102 1250 nostriset!

129 1275 266 1346 credunt,
290 1277 473 1350 complentur
487 1277 518 1331 in
532 1277 574 1330 eis
588 1295 669 1345 suae,
690 1279 762 1351 quas
777 1280 859 1332 coeci
874 1280 987 1354 legunt:
1010 1273 1103 1332 nisilortr

129 1361 195 1434 quis
210 1359 333 1428 dixerit,
360 1360 425 1414 illas
448 1358 617 1434 prophetias
635 1357 819 1415 Christianos
841 1361 964 1415 linxisse
984 1359 1015 1414 de
1030 1355 1105 1436 Christi
1133 1380 1155 1435 Ι

129 1460 203 1516 quae
217 1440 347 1516 Sibyllae
360 1443 496 1512 nomine,
522 1443 570 1498 rel
584 1443 707 1496 aliorum
726 1443 942 1517 proferuntur,
960 1445 983 1498 si
996 1431 1105 1516 qaaesnl,
1146 1452 1149 1459 ’

129 1543 204 1599 quae
218 1544 277 1581 non
291 1526 442 1600 pertinent
454 1523 491 1579 ad
505 1525 642 1598 populum
655 1521 837 1581 Iudaeorum.
867 1525 958 1581 Nobis
970 1517 1114 1602 quidenna

130 1607 295 1679 sufficiunt,
322 1626 396 1682 quae
414 1606 449 1662 de
461 1613 634 1664 nostrorum
652 1609 837 1676 inimicorum
853 1607 996 1664 eodiethus
1009 1601 1107 1680 proferor·¹

129 1701 188 1761 tur,
201 1707 272 1766 quos
287 1691 474 1767 agnoscimus
488 1700 607 1764 propter
620 1688 675 1744 hoc
688 1691 905 1762 testimonium,
933 1689 1005 1765 quod
1016 1685 1107 1745 nobish·
1136 1631 1155 1849 l

26 1811 32 1820 -
130 1775 184 1829 viti
201 1771 356 1847 perhibent
378 1773 493 1828 eosdem
518 1771 633 1828 codices
657 1769 789 1829 habendo
815 1783 904 1858 atque
927 1772 1109 1840 servandam

50 1887 51 1890 =
130 1866 351 1953 omnespentes
367 1857 455 1911 etiam
468 1858 546 1930 ipsos
562 1875 625 1910 csse
641 1853 796 1930 dispersos,
811 1875 1037 1931 quaquaversum
1048 1845 1114 1909 Chn'td·
1135 1858 1155 1937 Ι’

129 1937 262 1994 Ecclesra
278 1939 430 1995 dilatatus
461 1937 536 1994 Nam
549 1937 701 2014 prophetia
716 1941 747 1994 in
761 1936 904 2009 Psalmis,
933 1957 1002 2014 quos
1019 1933 1110 1992 elicuit·
1143 1944 1149 1953 ‘

129 2031 221 2099 gunt,
248 2021 567 2096 dehaerepracmissa
583 2031 641 2093 cst,
669 2022 718 2077 ubi
731 2022 947 2095 scriptumest:
973 2021 1111 2080 Drusum

129 2106 336 2162 misericordia
350 2107 412 2161 eius
422 2103 598 2180 praepeniet
611 2123 665 2161 me.
678 2102 761 2160 Dens
775 2123 856 2168 aecus
870 2091 1113 2162 demonstr-nterii
1151 2108 1155 2113 '

130 2187 159 2242 in
175 2183 237 2260 [de]
254 2188 381 2242 inimicia
394 2189 475 2255 meis,
489 2206 524 2242 ne
539 2187 682 2244 occideris
697 2203 756 2255 eoa,
775 2207 811 2243 ae
825 2189 941 2264 qrenndo
955 2188 1111 2256 obtiviscantur
1154 2200 1155 2207 ¹

129 2268 221 2342 legem
237 2277 335 2324 tuam:
362 2263 502 2346 disperge
516 2285 564 2325 eos
579 2271 609 2325 in
621 2271 735 2326 uirtute
754 2280 817 2326 tua.
861 2269 1066 2327 Demonstravit
1074 2273 1112 2336 erg·

129 2347 208 2405 Deus
222 2349 373 2412 Ecclesiae
392 2353 424 2407 in
443 2353 505 2406 eius
528 2353 654 2408 inimicis
669 2351 783 2408 ludaeis
803 2355 931 2430 gratiam
949 2345 1112 2409 misericordie
1136 2360 1155 2433 ὁ

128 2450 208 2502 suae,
224 2435 373 2506 quoniam,
388 2435 464 2489 sieut
474 2434 716 2508 dieithpostolus‚
732 2429 871 2491 dilictum
885 2429 1112 2504 incrementum
1136 2464 1155 2517 Ι

127 2515 273 2590 gentibue.
307 2515 348 2572 Et
370 2517 435 2572 ideo
454 2534 514 2571 non
536 2535 586 2572 eos
600 2517 724 2587 occidit,
744 2517 774 2571 id
789 2527 844 2588 cst,
865 2538 926 2575 non
940 2521 969 2574 in
983 2521 1022 2572 cis
1033 2505 1112 2590 perdid

127 2597 204 2672 quod
218 2608 287 2654 sunt
300 2599 410 2670 ludaei,
425 2601 556 2673 quamvis
570 2618 587 2654 a
599 2598 738 2657 Romanis
752 2600 866 2655 luerint
879 2601 990 2658 devicti
1001 2610 1028 2655 et
1038 2607 1111 2671 opprtt

127 2680 168 2749 εἰς
194 2700 231 2735 ne
246 2682 329 2736 obliti
340 2675 439 2758 legem
451 2681 519 2753 Dei,
546 2681 661 2752 adhoc,
690 2681 795 2757 dequo
813 2686 942 2760 agimus,
967 2677 1155 2765 testimoniu'

126 2761 354 2819 nihilvalerent.
379 2763 448 2819 Ideo
463 2783 566 2838 parum
580 2765 646 2834 fuit,
660 2775 694 2820 ut
705 2763 827 2835 diceret,
841 2764 885 2824 Ne
899 2767 1037 2824 occideris
1049 2769 1113 2826 eran
1137 2784 1155 2847 1

45 2843 48 2848 ’
126 2847 242 2922 quando
257 2846 473 2904 obliviscantur
487 2847 578 2924 legem
594 2859 691 2907 tuane:
718 2849 777 2903 nisi
791 2849 879 2904 etiam
893 2849 1019 2916 adderet,
1031 2845 1112 2919 Dt'tptl

21 2935 23 2940 '
72 2989 75 2994 ,
124 2947 162 3002 ge
176 2947 242 2985 eos:
255 2930 428 3004 quoniamsi
441 2947 507 2985 cunr
516 2933 572 2987 isto
582 2931 748 2988 testimonio
760 2928 982 3005 seripturarum
992 2934 1020 2987 in
1030 2946 1071 2985 sua
1080 2933 1113 2978 tu·
1139 2960 1155 3013 Ι

58 3035 60 3043 2
125 3011 273 3067 tummodo
285 3021 375 3083 terra,
390 3031 450 3069 non
464 3013 571 3087 ubique
585 3024 699 3082 essent,
718 3013 852 3086 profecto
865 3013 999 3070 Ecclesia
1011 3030 1071 3088 quae
1080 3003 1114 3060 ul't
1139 3024 1155 3103 p

99 3161 105 3166 ,
125 3108 181 3167 que
195 3103 250 3164 cst,
265 3113 314 3149 eos
327 3094 554 3168 prophetiarum,
570 3115 643 3171 quae
655 3097 690 3151 de
700 3094 818 3151 Christo
831 3099 1011 3170 praemissae
1021 3095 1114 3162 south
1145 3163 1146 3168 ἵ

124 3183 185 3231 stes
201 3179 232 3234 ln
246 3175 378 3234 omnihus
392 3178 530 3256 gentihus
544 3177 650 3235 hahere
665 3197 723 3236 non
737 3188 844 3258 posset.

396 3411 398 3414 ¹
471 3342 595 3401 CAP.
638 3341 807 3402 XLVII.

123 3433 165 3488 An
176 3446 239 3490 onte
250 3446 370 3505 tempora
386 3435 545 3492 Christiano
557 3441 644 3512 aliqui
657 3441 770 3514 fuerint
786 3449 867 3493 extra
878 3441 1119 3507 Israeliaeieungnu
1153 3438 1155 3445 ’

162 3513 163 3516 ’
277 3506 324 3574 qui
334 3507 370 3557 ad
379 3509 500 3559 coelestis
513 3507 641 3562 Civitatis
651 3509 814 3562 consortium
826 3511 1008 3576 pertinerent.

145 3590 147 3597 ’
185 3593 370 3668 Quapropter
384 3598 518 3672 quisquis
532 3601 715 3677 alienigena,
738 3599 768 3654 id
782 3609 839 3668 est,
867 3620 929 3656 non
943 3620 980 3657 ex
993 3598 1069 3656 lsrail
1079 3606 1120 3666 prt

123 3676 257 3746 genitus,
278 3694 332 3732 nec
347 3678 382 3734 ah
396 3679 446 3734 illo
462 3683 568 3755 populo
582 3677 771 3738 in'eauoncm
780 3699 936 3739 sacrorum
950 3685 1084 3738 literarum
1094 3687 1120 3727 rt

41 3785 43 3788 ·
124 3765 236 3825 ceptus,
250 3759 361 3833 legitur
371 3762 480 3836 ahquid
492 3763 680 3838 prophetasse
692 3765 726 3820 de
738 3763 868 3835 Christo,
883 3769 910 3822 si
924 3768 955 3822 iu
971 3770 1120 3821 nostrumne

122 3835 217 3892 titiam
236 3842 332 3909 veuit,
360 3853 411 3898 aut
432 3848 561 3916 verrerit,
586 3847 622 3904 ad
647 3850 794 3904 cunruluru
809 3867 825 3902 a
841 3849 927 3904 nobis
947 3831 1121 3904 conrnreurorui
