2340 4320
240 212 543 276 onc1vrrnrn
569 215 647 288 oni
676 201 757 274 nia.
778 218 837 280 ιιι.
987 241 989 248 ·
1025 227 1064 280 os

44 387 92 424 nee
103 366 198 435 l'erro,
212 383 267 420 nec
280 364 401 441 ignibus
415 365 607 444 corrupisset,
616 365 673 447 'sed
686 375 784 423 tamen
797 369 824 422 si
835 386 888 442 pro
900 367 959 436 lide
968 369 1064 427 Evon-
1103 393 1105 398 ·

38 451 128 528 gelica
152 447 301 504 excidium
327 454 494 520 pateretur,
520 465 620 522 caspe
644 458 862 523 patereturque
875 452 907 505 in
921 449 1067 510 Christum

37 531 215 600 crediderat,
241 546 304 583 non
318 527 454 583 mercede
467 529 632 605 breuissimi
644 533 797 609 temporis,
818 531 870 586 sed
883 534 1066 589 aeternitatis

37 613 220 670 interminae.
234 608 294 664 Pro
306 611 374 664 istis
388 619 486 664 autem
495 609 562 680 diis,
576 612 626 684 qui
637 620 790 686 propterea
801 615 858 668 coli
867 612 1068 687 perhibentur,

37 698 80 770 qui
91 704 251 769 propterea
274 691 391 763 colendi
412 692 616 764 requiruntur,
646 701 680 747 ut
689 691 796 766 *harum
808 695 969 750 labentium
982 705 1069 770 atque

37 777 250 832 transeuntium
263 791 364 828 rerum
376 772 503 828 felicitas
515 783 581 829 tuta
595 775 650 845 sit,
675 773 839 848 quidnobis
854 769 1025 832 deie'rrsores
1040 788 1070 833 ct

37 868 223 914 excusatores
251 873 355 910 eorum
377 854 413 908 de
427 851 600 930 Saguntinis
624 853 812 930 pereuntibus
839 859 1068 932 respondebunt,
1087 859 1105 919 .’

37 943 93 996 nisi
104 939 177 1014 quod
194 939 231 993 de
244 939 297 993 illo
310 935 425 1012 Regulo
440 931 609 992 exstineto?
630 936 701 993 Hoc
715 941 820 1014 quippe
832 941 973 1011 interest,
992 941 1069 1014 quod

37 1025 84 1078 ille
96 1039 167 1077 unus
182 1019 291 1088 horno,
317 1016 390 1088 hace
409 1027 471 1074 tota
484 1020 602 1088 civitas,
628 1019 780 1094 utriunque
795 1031 905 1088 samen
929 1021 1067 1079 interitus
1126 1039 1131 1054 ·

37 1123 118 1160 causa
141 1102 334 1159 conservatio
357 1099 427 1154 fidei
448 1099 513 1155 fuit.
555 1098 679 1176 Propter
696 1100 772 1158 hanc
786 1104 864 1158 enim
877 1099 913 1159 ad
924 1102 1024 1159 hostes
1038 1115 1069 1160 ct

37 1187 124 1241 redire
138 1186 191 1239 ille
204 1184 317 1252 voluit,
341 1190 371 1236 ct
383 1183 477 1237 noluit
490 1179 547 1238 ista
559 1186 696 1239 transire.
723 1182 904 1241 conservata
918 1204 988 1262 ergo
999 1205 1067 1260 pro-

37 1278 116 1324 roeat
137 1266 265 1322 deorum
282 1266 359 1320 iram
378 1259 470 1319 fidesi
497 1283 535 1320 an
547 1253 671 1338 p'ossuut
684 1275 714 1320 et
726 1263 781 1330 diis
795 1267 945 1340 propitiis,
970 1270 1068 1342 perire
1105 1339 1108 1342 ι

37 1369 89 1406 nou
112 1351 212 1406 solum
237 1349 349 1422 quique
374 1344 523 1416 homiues,
548 1339 1074 1426 verumetiamintegraecivitatesl

37 1431 134 1488 Vtrum
159 1432 284 1499 volunt,
313 1430 434 1505 eligant.
478 1423 511 1484 Si
525 1431 603 1486 enim
615 1429 684 1485 fidei
698 1440 831 1487 servatae
844 1433 1012 1487 irascuntur
1024 1433 1069 1487 illi

37 1514 85 1585 iii,
110 1522 261 1588 quaerant
274 1510 402 1584 perfidos
417 1528 434 1565 a
448 1511 551 1584 quibus
566 1515 709 1568 colantur.
753 1509 786 1568 Si
798 1523 897 1569 autem
910 1515 998 1568 etiam
1010 1515 1069 1568 illis

37 1597 165 1670 propitiis
179 1595 283 1649 multis
297 1592 495 1669 gravibusque
509 1595 684 1649 cruciatibus
698 1591 814 1672 afflicti,
839 1596 963 1656 interire
975 1594 1069 1651 homi·

37 1698 82 1734 nes
97 1670 298 1749 civitatesque
311 1684 446 1748 possunt,
458 1676 538 1730 nullo
549 1675 648 1731 fructu
659 1676 809 1746 felicitatis
822 1673 908 1730 huius
923 1675 1069 1750 coluntur.

37 1759 181 1815 Desinant
194 1760 288 1834 igitur
303 1773 488 1828 succensere,
506 1759 556 1832 qui
569 1759 660 1813 saeris
674 1753 794 1812 deorum
816 1769 936 1824 suorum
948 1757 1070 1832 perditis

37 1827 69 1897 κ’
76 1841 213 1898 infelices
226 1841 323 1895 factos
338 1857 403 1893 esse
427 1849 545 1912 putant,
582 1840 710 1897 Possent
723 1835 801 1894 enirn
813 1839 872 1898 illis
890 1858 951 1895 non
976 1839 1071 1895 solum

37 1923 236 1993 manentibus,
262 1922 468 1976 verumetiam
493 1922 676 1993 faventibus,
702 1940 762 1978 non
777 1921 952 1977 sicutmodo
966 1919 1071 1975 deuii·

37 2008 108 2062 seria
131 2020 335 2076 murmurare,
363 1997 414 2058 scd
428 2005 505 2059 sicut
517 2014 588 2060 tune
602 2003 779 2082 Reguluset
791 2001 951 2082 Saguntini
964 2020 1071 2059 excru-

37 2092 101 2144 ciati
114 2086 302 2145 horribiliter
319 2087 408 2142 etiam
419 2089 536 2160 penitus
550 2088 682 2143 interire.

386 2175 540 2259 *cin
583 2201 695 2259 xxi

37 2282 119 2347 Quare
138 2283 257 2350 ingrato
272 2269 501 2352 fircri‘tRomona
516 2281 613 2334 cicitm
625 2281 744 2349 Scipioni
763 2278 905 2336 liberatori
924 2296 986 2345 ruo,
1006 2281 1073 2334 etin
1095 2317 1104 2336 .

93 2352 193 2420 quibus
202 2351 323 2432 moribus
334 2351 435 2420 egerit,
445 2351 550 2470 quopdo
561 2367 620 2472 eqqe
631 2350 777 2404 Sallustius
787 2351 914 2420 optimam
919 2351 1016 2421 fuisse

430 2451 432 2456 ·
508 2435 575 2471 escrc
592 2437 624 2470 ι.

92 2505 188 2562 Porro
201 2508 284 2564 inter
297 2504 457 2564 seeundum
471 2503 806 2583 et'postremirmbcllum
816 2501 1071 2584 Carthaginiense,

37 2589 147 2664 quando
161 2587 325 2646 Sallustius
338 2592 454 2662 optimis
467 2592 601 2646 moribus,
610 2600 640 2645 et
657 2591 787 2656 rrraximo
808 2591 971 2646 'eoncordia'
997 2582 1074 2646 dixit

37 2674 129 2747 egisse
144 2670 297 2742 Romanos
312 2673 412 2741 (multa
425 2674 503 2732 euim
515 2681 685 2746 praetereo,
705 2673 833 2744 susecpti
847 2675 943 2746 operis
956 2668 1073 2728 modurn
1091 2697 1094 2712 ·

37 2752 199 2831 cogitans),
224 2755 328 2810 codem
346 2773 416 2831 ergo
429 2757 493 2829 ipso
505 2749 638 2828 tempore
653 2772 766 2814 morum
780 2755 953 2827 optimorum
977 2756 1071 2808 maxi-

37 2855 154 2911 maeque
183 2838 378 2907 concordiae,
404 2836 503 2911 Scipio
530 2839 589 2892 illc
605 2836 715 2892 Romae
741 2834 899 2910 Italiaeque
919 2837 1070 2907 liberator,

37 2919 224 2994 eiusdemque
238 2920 308 2974 belli
321 2918 426 2976 Punici
439 2919 561 2976 secundi
586 2929 646 2975 tam
669 2911 826 2989 horrendi,
851 2911 912 2974 tam
938 2921 1069 2990 exitiosi,

37 3011 90 3056 tam
102 3003 269 3076 periculosi
280 3003 449 3074 praeclarus
460 3002 659 3076 mirabilisque
684 2999 850 3072 confector,
876 3003 972 3073 uictor
986 3000 1069 3056 Han-

38 3085 137 3140 ussialis
153 3084 341 3157 domitorque
355 3083 562 3161 Carthaginis,
588 3085 670 3140 euius
684 3081 931 3144 abladolesecntia
944 3085 1005 3138 vita
1018 3077 1069 3138 de-

38 3168 175 3222 scribitur
189 3166 246 3221 diis
261 3166 359 3221 dedita
371 3169 543 3241 templisque
556 3168 683 3235 nutrita,
705 3166 892 3221 inimieorum
905 3166 1069 3220 accusatio-

37 3249 118 3305 nibus
133 3250 244 3318 cessit,
272 3267 433 3323 carensque
446 3251 555 3323 patria,
579 3265 665 3321 quam
678 3265 730 3303 sua
743 3249 853 3303 virtute
867 3249 976 3302 salvam
992 3255 1021 3300 ct
1032 3249 1070 3302 li·
1099 3253 1101 3256 ’

37 3330 132 3386 beram
145 3329 291 3400 reddidit,
305 3331 337 3386 in
351 3331 454 3404 oppido
469 3329 659 3387 Lintern'ensi
672 3332 733 3407 egit
745 3331 887 3404 reliquam
900 3329 1069 3400 complevit·
1130 3381 1131 3384 ,

38 3430 89 3486 que
113 3414 230 3483 vitam,
255 3414 495 3488 post'insignem
516 3411 790 3487 suruntriumphum
804 3413 883 3467 nullo
897 3410 976 3463 illius
990 3410 1069 3466 urbis

39 3504 137 3568 eaptus
151 3494 317 3563 desiderio,
331 3496 373 3549 ita
386 3504 420 3550 ut
431 3497 552 3550 iussisse
564 3492 766 3568 perhibeatur,
792 3511 830 3547 nc
840 3492 943 3546 saltem
955 3501 1069 3548 mortuo

41 3575 69 3631 iu
80 3580 200 3654 ingrata
214 3579 310 3650 patria
324 3576 413 3631 funus
426 3576 519 3632 ficret.
545 3576 660 3632 Deinde
674 3581 745 3630 tune
758 3576 883 3646 primum
898 3589 950 3643 per
960 3563 1071 3630 'Coeum

44 3655 179 3716 Manlium
202 3658 409 3732 proconsulem
432 3658 469 3713 de
493 3657 693 3735 Gallograecis
717 3652 960 3727 triumphantem,
986 3655 1072 3711 Asia-

47 3741 98 3795 tica
109 3743 230 3796 luxuria
242 3739 367 3796 Romam
380 3742 459 3794 omni
470 3739 554 3796 hoste
566 3743 649 3814 peior
662 3738 790 3808 irrepsit.
807 3731 908 3790 ,Tunc
922 3735 999 3790 enim
1011 3739 1072 3811 pri-

55 3835 118 3878 nam
129 3825 201 3880 lecti
214 3824 323 3892 aerati,
351 3831 380 3876 et
393 3824 519 3895 pretiosa
532 3823 664 3900 stragula
686 3819 749 3873 risa
774 3815 976 3892 perhibentur:
1002 3828 1086 3872 tuoc‘
