<?xml version="1.0" encoding="UTF-8"?>
<!DOCTYPE html PUBLIC "-//W3C//DTD XHTML 1.0 Transitional//EN"
    "http://www.w3.org/TR/xhtml1/DTD/xhtml1-transitional.dtd">
<html xmlns="http://www.w3.org/1999/xhtml" xml:lang="en" lang="en">
 <head>
  <title>
</title>
<meta http-equiv="Content-Type" content="text/html;charset=utf-8" />
  <meta name='ocr-system' content='tesseract 3.04.00' />
  <meta name='ocr-capabilities' content='ocr_page ocr_carea ocr_par ocr_line ocrx_word'/>
</head>
<body>
  <div class='ocr_page' id='page_1' title='image "./saureliiaugusti00augugoog_0364.png"; bbox 0 0 2362 4320; ppageno 0'>
   <div class='ocr_carea' id='block_1_1' title="bbox 115 179 1031 296">
    <p class='ocr_par' dir='ltr' id='par_1_1' title="bbox 115 179 1031 296">
     <span class='ocr_line' id='line_1_1' title="bbox 115 179 1031 296; baseline -0.01 -15"><span class='ocrx_word' id='word_1_1' title='bbox 115 179 176 281; x_wconf 76' lang='lat' dir='ltr'><strong>aas</strong></span> <span class='ocrx_word' id='word_1_2' title='bbox 345 213 928 288; x_wconf 77' lang='lat' dir='ltr'><strong>urvrnvnnruavevsrrm</strong></span> <span class='ocrx_word' id='word_1_3' title='bbox 1029 291 1031 296; x_wconf 65' lang='lat'><strong>,</strong></span> 
     </span>
    </p>
   </div>
   <div class='ocr_carea' id='block_1_2' title="bbox 45 367 1181 2375">
    <p class='ocr_par' dir='ltr' id='par_1_2' title="bbox 53 367 1181 1028">
     <span class='ocr_line' id='line_1_2' title="bbox 117 367 1163 444; baseline -0.008 -13"><span class='ocrx_word' id='word_1_4' title='bbox 117 375 212 432; x_wconf 86' lang='lat' dir='ltr'><strong>raturi</strong></span> <span class='ocrx_word' id='word_1_5' title='bbox 226 389 337 444; x_wconf 86' lang='lat' dir='ltr'><strong>sumus,</strong></span> <span class='ocrx_word' id='word_1_6' title='bbox 351 371 473 444; x_wconf 74' lang='lat' dir='ltr'>peritior</span> <span class='ocrx_word' id='word_1_7' title='bbox 484 378 529 424; x_wconf 88' lang='lat' dir='ltr'><strong>est</strong></span> <span class='ocrx_word' id='word_1_8' title='bbox 540 367 591 426; x_wconf 86' lang='lat' dir='ltr'><strong>hie</strong></span> <span class='ocrx_word' id='word_1_9' title='bbox 598 377 699 426; x_wconf 82' lang='lat' dir='ltr'><strong>nostre</strong></span> <span class='ocrx_word' id='word_1_10' title='bbox 708 370 836 440; x_wconf 85' lang='lat' dir='ltr'><strong>miseria,</strong></span> <span class='ocrx_word' id='word_1_11' title='bbox 850 368 901 424; x_wconf 91' lang='lat' dir='ltr'><strong>ubi</strong></span> <span class='ocrx_word' id='word_1_12' title='bbox 914 378 1064 425; x_wconf 88' lang='lat' dir='ltr'><strong>venturam</strong></span> <span class='ocrx_word' id='word_1_13' title='bbox 1072 369 1127 424; x_wconf 86' lang='lat' dir='ltr'><strong>bea·</strong></span> <span class='ocrx_word' id='word_1_14' title='bbox 1161 438 1163 443; x_wconf 28' lang='grc' dir='ltr'>Ι</span> 
     </span>
     <span class='ocr_line' id='line_1_3' title="bbox 98 446 1181 514; baseline -0.006 0"><span class='ocrx_word' id='word_1_15' title='bbox 98 457 272 514; x_wconf 53' lang='lat' dir='ltr'><strong>‘titudinem</strong></span> <span class='ocrx_word' id='word_1_16' title='bbox 285 457 428 510; x_wconf 86' lang='lat' dir='ltr'><strong>novimus.</strong></span> <span class='ocrx_word' id='word_1_17' title='bbox 474 452 508 509; x_wconf 87' lang='lat' dir='ltr'><strong>Si</strong></span> <span class='ocrx_word' id='word_1_18' title='bbox 528 462 624 510; x_wconf 89' lang='lat' dir='ltr'><strong>autem</strong></span> <span class='ocrx_word' id='word_1_19' title='bbox 646 453 700 508; x_wconf 87' lang='lat' dir='ltr'><strong>nos</strong></span> <span class='ocrx_word' id='word_1_20' title='bbox 722 455 782 510; x_wconf 90' lang='lat' dir='ltr'><strong>illic</strong></span> <span class='ocrx_word' id='word_1_21' title='bbox 802 453 898 508; x_wconf 85' lang='lat' dir='ltr'><strong>clades</strong></span> <span class='ocrx_word' id='word_1_22' title='bbox 921 454 1127 508; x_wconf 86' lang='lat' dir='ltr'><strong>imminensnon</strong></span> <span class='ocrx_word' id='word_1_23' title='bbox 1161 446 1181 479; x_wconf 57' lang='grc'><strong>’-</strong></span> 
     </span>
     <span class='ocr_line' id='line_1_4' title="bbox 117 531 1128 614; baseline -0.008 -17"><span class='ocrx_word' id='word_1_24' title='bbox 117 542 237 609; x_wconf 92' lang='lat' dir='ltr'><strong>latebit,</strong></span> <span class='ocrx_word' id='word_1_25' title='bbox 254 539 375 604; x_wconf 39' lang='lat' dir='ltr'><strong>,beatius</strong></span> <span class='ocrx_word' id='word_1_26' title='bbox 393 546 523 611; x_wconf 89' lang='lat' dir='ltr'><strong>tempora</strong></span> <span class='ocrx_word' id='word_1_27' title='bbox 540 539 679 614; x_wconf 77' lang='lat' dir='ltr'>transigit</span> <span class='ocrx_word' id='word_1_28' title='bbox 698 531 798 592; x_wconf 86' lang='lat' dir='ltr'><strong>anima·</strong></span> <span class='ocrx_word' id='word_1_29' title='bbox 812 538 920 591; x_wconf 90' lang='lat' dir='ltr'><strong>misera</strong></span> <span class='ocrx_word' id='word_1_30' title='bbox 934 535 1038 612; x_wconf 89' lang='lat' dir='ltr'><strong>quibus</strong></span> <span class='ocrx_word' id='word_1_31' title='bbox 1050 546 1128 590; x_wconf 74' lang='lat' dir='ltr'><strong>trans</strong></span> 
     </span>
     <span class='ocr_line' id='line_1_5' title="bbox 70 619 1128 693; baseline -0.007 -13"><span class='ocrx_word' id='word_1_32' title='bbox 70 641 72 646; x_wconf 60' lang='lat'>‘</span> <span class='ocrx_word' id='word_1_33' title='bbox 90 629 93 638; x_wconf 77' lang='lat'><em>&#39;</em></span> <span class='ocrx_word' id='word_1_34' title='bbox 117 627 191 680; x_wconf 86' lang='lat' dir='ltr'><strong>actis</strong></span> <span class='ocrx_word' id='word_1_35' title='bbox 205 622 241 679; x_wconf 89' lang='lat' dir='ltr'><strong>ad</strong></span> <span class='ocrx_word' id='word_1_36' title='bbox 257 619 465 677; x_wconf 80' lang='lat' dir='ltr'><strong>beatitudinem</strong></span> <span class='ocrx_word' id='word_1_37' title='bbox 478 621 657 691; x_wconf 78' lang='lat' dir='ltr'>sublevetur,</span> <span class='ocrx_word' id='word_1_38' title='bbox 673 637 759 693; x_wconf 89' lang='lat' dir='ltr'><strong>quam</strong></span> <span class='ocrx_word' id='word_1_39' title='bbox 771 619 858 674; x_wconf 89' lang='lat' dir='ltr'><strong>beata</strong></span> <span class='ocrx_word' id='word_1_40' title='bbox 871 619 976 693; x_wconf 91' lang='lat' dir='ltr'><strong>quibus</strong></span> <span class='ocrx_word' id='word_1_41' title='bbox 990 621 1128 685; x_wconf 78' lang='lat' dir='ltr'><strong>transactis</strong></span> 
     </span>
     <span class='ocr_line' id='line_1_6' title="bbox 115 699 1181 778; baseline -0.008 -14"><span class='ocrx_word' id='word_1_42' title='bbox 115 710 147 764; x_wconf 91' lang='lat' dir='ltr'><strong>in</strong></span> <span class='ocrx_word' id='word_1_43' title='bbox 161 705 308 762; x_wconf 86' lang='lat' dir='ltr'><strong>miseriam</strong></span> <span class='ocrx_word' id='word_1_44' title='bbox 320 699 497 760; x_wconf 70' lang='lat' dir='ltr'><strong>reuolratur.</strong></span> <span class='ocrx_word' id='word_1_45' title='bbox 533 703 628 777; x_wconf 80' lang='lat' dir='ltr'><strong>Atque</strong></span> <span class='ocrx_word' id='word_1_46' title='bbox 643 705 683 758; x_wconf 90' lang='lat' dir='ltr'><strong>ita</strong></span> <span class='ocrx_word' id='word_1_47' title='bbox 697 721 761 778; x_wconf 88' lang='lat' dir='ltr'><strong>spes</strong></span> <span class='ocrx_word' id='word_1_48' title='bbox 776 711 896 758; x_wconf 85' lang='lat' dir='ltr'><strong>nostrae</strong></span> <span class='ocrx_word' id='word_1_49' title='bbox 910 702 1088 758; x_wconf 77' lang='lat' dir='ltr'><strong>infelicitatis</strong></span> <span class='ocrx_word' id='word_1_50' title='bbox 1098 711 1130 756; x_wconf 91' lang='lat' dir='ltr'><strong>est</strong></span> <span class='ocrx_word' id='word_1_51' title='bbox 1168 716 1181 733; x_wconf 92' lang='grc'><em>·</em></span> 
     </span>
     <span class='ocr_line' id='line_1_7' title="bbox 115 779 1130 861; baseline -0.007 -14"><span class='ocrx_word' id='word_1_52' title='bbox 115 793 189 848; x_wconf 81' lang='lat' dir='ltr'><strong>felix</strong></span> <span class='ocrx_word' id='word_1_53' title='bbox 203 799 232 845; x_wconf 91' lang='lat' dir='ltr'><strong>et</strong></span> <span class='ocrx_word' id='word_1_54' title='bbox 245 787 392 843; x_wconf 84' lang='lat' dir='ltr'><strong>felicitatis</strong></span> <span class='ocrx_word' id='word_1_55' title='bbox 405 786 517 847; x_wconf 77' lang='lat' dir='ltr'><strong>infelix.</strong></span> <span class='ocrx_word' id='word_1_56' title='bbox 543 785 626 842; x_wconf 83' lang='lat' dir='ltr'><strong>Vnde</strong></span> <span class='ocrx_word' id='word_1_57' title='bbox 640 787 688 857; x_wconf 86' lang='lat' dir='ltr'><strong>lit,</strong></span> <span class='ocrx_word' id='word_1_58' title='bbox 708 795 742 841; x_wconf 92' lang='lat' dir='ltr'><strong>ut</strong></span> <span class='ocrx_word' id='word_1_59' title='bbox 752 787 820 861; x_wconf 87' lang='lat' dir='ltr'><strong>quia</strong></span> <span class='ocrx_word' id='word_1_60' title='bbox 832 784 880 840; x_wconf 89' lang='lat' dir='ltr'><strong>hie</strong></span> <span class='ocrx_word' id='word_1_61' title='bbox 893 787 970 842; x_wconf 88' lang='lat' dir='ltr'><strong>mala</strong></span> <span class='ocrx_word' id='word_1_62' title='bbox 983 779 1130 859; x_wconf 80' lang='lat' dir='ltr'><strong>praesentia</strong></span> 
     </span>
     <span class='ocr_line' id='line_1_8' title="bbox 53 870 1130 950; baseline -0.005 -22"><span class='ocrx_word' id='word_1_63' title='bbox 53 916 72 940; x_wconf 68' lang='grc'><strong>.,</strong></span> <span class='ocrx_word' id='word_1_64' title='bbox 113 876 250 950; x_wconf 88' lang='lat' dir='ltr'><strong>patimur,</strong></span> <span class='ocrx_word' id='word_1_65' title='bbox 275 870 316 927; x_wconf 93' lang='lat' dir='ltr'><strong>ibi</strong></span> <span class='ocrx_word' id='word_1_66' title='bbox 329 872 482 925; x_wconf 89' lang='lat' dir='ltr'><strong>metuimus</strong></span> <span class='ocrx_word' id='word_1_67' title='bbox 494 871 686 941; x_wconf 90' lang='lat' dir='ltr'><strong>imminentia,</strong></span> <span class='ocrx_word' id='word_1_68' title='bbox 710 870 808 926; x_wconf 87' lang='lat' dir='ltr'><strong>verius</strong></span> <span class='ocrx_word' id='word_1_69' title='bbox 823 887 938 944; x_wconf 80' lang='lat' dir='ltr'><strong>semper</strong></span> <span class='ocrx_word' id='word_1_70' title='bbox 949 871 1052 925; x_wconf 89' lang='lat' dir='ltr'><strong>miseri</strong></span> <span class='ocrx_word' id='word_1_71' title='bbox 1063 887 1130 943; x_wconf 88' lang='lat' dir='ltr'><strong>quan</strong></span> 
     </span>
     <span class='ocr_line' id='line_1_9' title="bbox 114 953 1069 1028; baseline -0.012 -14"><span class='ocrx_word' id='word_1_72' title='bbox 114 958 193 1014; x_wconf 92' lang='lat' dir='ltr'><strong>beati</strong></span> <span class='ocrx_word' id='word_1_73' title='bbox 206 953 359 1028; x_wconf 88' lang='lat' dir='ltr'><strong>aliquando</strong></span> <span class='ocrx_word' id='word_1_74' title='bbox 380 971 443 1008; x_wconf 91' lang='lat' dir='ltr'><strong>esse</strong></span> <span class='ocrx_word' id='word_1_75' title='bbox 458 955 610 1026; x_wconf 88' lang='lat' dir='ltr'><strong>possimus.</strong></span> <span class='ocrx_word' id='word_1_76' title='bbox 1056 975 1069 1010; x_wconf 72' lang='grc'><strong>,-</strong></span> 
     </span>
    </p>

    <p class='ocr_par' dir='ltr' id='par_1_3' title="bbox 45 1035 1181 2375">
     <span class='ocr_line' id='line_1_10' title="bbox 180 1035 1181 1127; baseline -0.007 -33"><span class='ocrx_word' id='word_1_77' title='bbox 180 1037 240 1094; x_wconf 86' lang='lat' dir='ltr'><strong>Sed</strong></span> <span class='ocrx_word' id='word_1_78' title='bbox 254 1039 391 1111; x_wconf 91' lang='lat' dir='ltr'><strong>quoniam</strong></span> <span class='ocrx_word' id='word_1_79' title='bbox 403 1035 474 1092; x_wconf 87' lang='lat' dir='ltr'><strong>haec</strong></span> <span class='ocrx_word' id='word_1_80' title='bbox 488 1035 561 1092; x_wconf 88' lang='lat' dir='ltr'><strong>falsa</strong></span> <span class='ocrx_word' id='word_1_81' title='bbox 574 1046 646 1092; x_wconf 92' lang='lat' dir='ltr'><strong>sunt</strong></span> <span class='ocrx_word' id='word_1_82' title='bbox 658 1037 805 1105; x_wconf 84' lang='lat' dir='ltr'><strong>clamante</strong></span> <span class='ocrx_word' id='word_1_83' title='bbox 815 1036 940 1110; x_wconf 88' lang='lat' dir='ltr'><strong>pietate,</strong></span> <span class='ocrx_word' id='word_1_84' title='bbox 955 1036 1130 1108; x_wconf 85' lang='lat' dir='ltr'><strong>convincente</strong></span> <span class='ocrx_word' id='word_1_85' title='bbox 1170 1068 1181 1127; x_wconf 57' lang='lat'><em>3</em></span> 
     </span>
     <span class='ocr_line' id='line_1_11' title="bbox 116 1114 1181 1212; baseline -0.008 -33"><span class='ocrx_word' id='word_1_86' title='bbox 116 1124 256 1190; x_wconf 81' lang='lat' dir='ltr'><strong>veritate3</strong></span> <span class='ocrx_word' id='word_1_87' title='bbox 284 1114 357 1195; x_wconf 93' lang='lat' dir='ltr'><strong>(illa</strong></span> <span class='ocrx_word' id='word_1_88' title='bbox 377 1121 454 1174; x_wconf 89' lang='lat' dir='ltr'><strong>enim</strong></span> <span class='ocrx_word' id='word_1_89' title='bbox 471 1120 554 1175; x_wconf 92' lang='lat' dir='ltr'><strong>nobis</strong></span> <span class='ocrx_word' id='word_1_90' title='bbox 569 1122 715 1176; x_wconf 84' lang='lat' dir='ltr'><strong>veraciter</strong></span> <span class='ocrx_word' id='word_1_91' title='bbox 735 1121 917 1193; x_wconf 88' lang='lat' dir='ltr'><strong>promittitur</strong></span> <span class='ocrx_word' id='word_1_92' title='bbox 931 1125 1003 1176; x_wconf 74' lang='lat' dir='ltr'><strong>tera</strong></span> <span class='ocrx_word' id='word_1_93' title='bbox 1017 1119 1130 1186; x_wconf 88' lang='lat' dir='ltr'><strong>felicitas,</strong></span> <span class='ocrx_word' id='word_1_94' title='bbox 1168 1160 1181 1212; x_wconf 72' lang='grc' dir='ltr'>Ι</span> 
     </span>
     <span class='ocr_line' id='line_1_12' title="bbox 118 1199 1181 1276; baseline -0.008 -16"><span class='ocrx_word' id='word_1_95' title='bbox 118 1207 199 1260; x_wconf 88' lang='lat' dir='ltr'><strong>euius</strong></span> <span class='ocrx_word' id='word_1_96' title='bbox 222 1205 277 1259; x_wconf 91' lang='lat' dir='ltr'><strong>erit</strong></span> <span class='ocrx_word' id='word_1_97' title='bbox 300 1221 413 1276; x_wconf 85' lang='lat' dir='ltr'><strong>semper</strong></span> <span class='ocrx_word' id='word_1_98' title='bbox 436 1201 605 1272; x_wconf 89' lang='lat' dir='ltr'><strong>retinenda,</strong></span> <span class='ocrx_word' id='word_1_99' title='bbox 631 1212 662 1258; x_wconf 90' lang='lat' dir='ltr'><strong>et</strong></span> <span class='ocrx_word' id='word_1_100' title='bbox 687 1204 766 1256; x_wconf 89' lang='lat' dir='ltr'><strong>nulla</strong></span> <span class='ocrx_word' id='word_1_101' title='bbox 788 1202 964 1258; x_wconf 77' lang='lat' dir='ltr'><strong>infelicitate</strong></span> <span class='ocrx_word' id='word_1_102' title='bbox 991 1199 1130 1275; x_wconf 85' lang='lat' dir='ltr'><strong>rumpenda</strong></span> <span class='ocrx_word' id='word_1_103' title='bbox 1168 1216 1181 1235; x_wconf 80' lang='lat'><strong>¹</strong></span> 
     </span>
     <span class='ocr_line' id='line_1_13' title="bbox 117 1243 1181 1381; baseline -0.006 -38"><span class='ocrx_word' id='word_1_104' title='bbox 117 1299 197 1343; x_wconf 86' lang='lat' dir='ltr'><strong>certa</strong></span> <span class='ocrx_word' id='word_1_105' title='bbox 211 1286 386 1360; x_wconf 77' lang='lat' dir='ltr'><strong>securitas3)</strong></span> <span class='ocrx_word' id='word_1_106' title='bbox 411 1286 489 1342; x_wconf 84' lang='lat' dir='ltr'><strong>viam</strong></span> <span class='ocrx_word' id='word_1_107' title='bbox 501 1294 611 1341; x_wconf 88' lang='lat' dir='ltr'><strong>rectam</strong></span> <span class='ocrx_word' id='word_1_108' title='bbox 624 1295 795 1359; x_wconf 78' lang='lat' dir='ltr'><strong>sequentes,</strong></span> <span class='ocrx_word' id='word_1_109' title='bbox 821 1301 896 1358; x_wconf 86' lang='lat' dir='ltr'><strong>quae</strong></span> <span class='ocrx_word' id='word_1_110' title='bbox 908 1285 995 1342; x_wconf 92' lang='lat' dir='ltr'><strong>nobis</strong></span> <span class='ocrx_word' id='word_1_111' title='bbox 1010 1295 1053 1340; x_wconf 86' lang='lat' dir='ltr'><strong>est</strong></span> <span class='ocrx_word' id='word_1_112' title='bbox 1066 1282 1129 1340; x_wconf 84' lang='lat' dir='ltr'><strong>Clui-</strong></span> <span class='ocrx_word' id='word_1_113' title='bbox 1165 1243 1181 1381; x_wconf 88' lang='grc' dir='ltr'>Ι</span> 
     </span>
     <span class='ocr_line' id='line_1_14' title="bbox 119 1369 1181 1459; baseline -0.006 -33"><span class='ocrx_word' id='word_1_114' title='bbox 119 1381 181 1426; x_wconf 88' lang='lat' dir='ltr'><strong>stus</strong></span> <span class='ocrx_word' id='word_1_115' title='bbox 189 1369 203 1442; x_wconf 73' lang='lat'><strong>,&#39;</strong></span> <span class='ocrx_word' id='word_1_116' title='bbox 226 1389 260 1424; x_wconf 89' lang='lat' dir='ltr'><strong>co</strong></span> <span class='ocrx_word' id='word_1_117' title='bbox 279 1369 350 1424; x_wconf 90' lang='lat' dir='ltr'><strong>duee</strong></span> <span class='ocrx_word' id='word_1_118' title='bbox 364 1388 398 1424; x_wconf 91' lang='lat' dir='ltr'><strong>ac</strong></span> <span class='ocrx_word' id='word_1_119' title='bbox 416 1369 561 1424; x_wconf 81' lang='lat' dir='ltr'><strong>salvatore</strong></span> <span class='ocrx_word' id='word_1_120' title='bbox 572 1383 593 1424; x_wconf 79' lang='lat' dir='ltr'><strong>a·</strong></span> <span class='ocrx_word' id='word_1_121' title='bbox 607 1385 685 1426; x_wconf 50' lang='lat' dir='ltr'><strong>scano</strong></span> <span class='ocrx_word' id='word_1_122' title='bbox 697 1378 730 1423; x_wconf 90' lang='lat' dir='ltr'><strong>et</strong></span> <span class='ocrx_word' id='word_1_123' title='bbox 742 1369 841 1442; x_wconf 89' lang='lat' dir='ltr'><strong>inepto</strong></span> <span class='ocrx_word' id='word_1_124' title='bbox 855 1369 1016 1442; x_wconf 85' lang='lat' dir='ltr'><strong>impiorum</strong></span> <span class='ocrx_word' id='word_1_125' title='bbox 1028 1369 1130 1423; x_wconf 87' lang='lat' dir='ltr'><strong>circun-</strong></span> <span class='ocrx_word' id='word_1_126' title='bbox 1164 1386 1181 1459; x_wconf 70' lang='grc' dir='ltr'><strong>Ῑ</strong></span> 
     </span>
     <span class='ocr_line' id='line_1_15' title="bbox 117 1449 1181 1540; baseline -0.006 -31"><span class='ocrx_word' id='word_1_127' title='bbox 117 1456 160 1512; x_wconf 90' lang='lat' dir='ltr'><strong>itu</strong></span> <span class='ocrx_word' id='word_1_128' title='bbox 174 1456 231 1508; x_wconf 91' lang='lat' dir='ltr'><strong>iter</strong></span> <span class='ocrx_word' id='word_1_129' title='bbox 248 1451 315 1508; x_wconf 89' lang='lat' dir='ltr'><strong>fidei</strong></span> <span class='ocrx_word' id='word_1_130' title='bbox 334 1460 516 1526; x_wconf 88' lang='lat' dir='ltr'><strong>mentemque</strong></span> <span class='ocrx_word' id='word_1_131' title='bbox 535 1462 708 1508; x_wconf 83' lang='lat' dir='ltr'><strong>avertamus.</strong></span> <span class='ocrx_word' id='word_1_132' title='bbox 753 1449 787 1507; x_wconf 84' lang='lat' dir='ltr'><strong>Si</strong></span> <span class='ocrx_word' id='word_1_133' title='bbox 801 1452 880 1506; x_wconf 90' lang='lat' dir='ltr'><strong>enim</strong></span> <span class='ocrx_word' id='word_1_134' title='bbox 895 1451 931 1506; x_wconf 86' lang='lat' dir='ltr'><strong>de</strong></span> <span class='ocrx_word' id='word_1_135' title='bbox 945 1453 1013 1506; x_wconf 90' lang='lat' dir='ltr'><strong>istis</strong></span> <span class='ocrx_word' id='word_1_136' title='bbox 1027 1452 1129 1507; x_wconf 90' lang='lat' dir='ltr'><strong>circun-</strong></span> <span class='ocrx_word' id='word_1_137' title='bbox 1152 1515 1154 1518; x_wconf 22' lang='grc' dir='ltr'>Ι</span> <span class='ocrx_word' id='word_1_138' title='bbox 1163 1472 1181 1540; x_wconf 74' lang='grc' dir='ltr'>Ι</span> 
     </span>
     <span class='ocr_line' id='line_1_16' title="bbox 116 1533 1181 1627; baseline -0.007 -35"><span class='ocrx_word' id='word_1_139' title='bbox 116 1537 205 1592; x_wconf 89' lang='lat' dir='ltr'><strong>itibus</strong></span> <span class='ocrx_word' id='word_1_140' title='bbox 220 1545 249 1591; x_wconf 90' lang='lat' dir='ltr'><strong>et</strong></span> <span class='ocrx_word' id='word_1_141' title='bbox 262 1537 326 1591; x_wconf 90' lang='lat' dir='ltr'><strong>sine</strong></span> <span class='ocrx_word' id='word_1_142' title='bbox 341 1537 504 1591; x_wconf 88' lang='lat' dir='ltr'><strong>cessatione</strong></span> <span class='ocrx_word' id='word_1_143' title='bbox 523 1535 737 1591; x_wconf 77' lang='lat' dir='ltr'><strong>alternantibus</strong></span> <span class='ocrx_word' id='word_1_144' title='bbox 755 1535 897 1592; x_wconf 88' lang='lat' dir='ltr'><strong>itionibus</strong></span> <span class='ocrx_word' id='word_1_145' title='bbox 912 1545 943 1590; x_wconf 88' lang='lat' dir='ltr'><strong>ct</strong></span> <span class='ocrx_word' id='word_1_146' title='bbox 955 1533 1128 1590; x_wconf 75' lang='lat' dir='ltr'><strong>reditionibus</strong></span> <span class='ocrx_word' id='word_1_147' title='bbox 1162 1546 1181 1627; x_wconf 65' lang='grc' dir='ltr'><strong>ἰ</strong></span> 
     </span>
     <span class='ocr_line' id='line_1_17' title="bbox 117 1617 1181 1721; baseline -0.007 -46"><span class='ocrx_word' id='word_1_148' title='bbox 117 1622 279 1676; x_wconf 75' lang='lat' dir='ltr'><strong>arrianorum</strong></span> <span class='ocrx_word' id='word_1_149' title='bbox 292 1617 471 1700; x_wconf 72' lang='lat' dir='ltr'><strong>Porphyrius</strong></span> <span class='ocrx_word' id='word_1_150' title='bbox 484 1617 652 1675; x_wconf 89' lang='lat' dir='ltr'><strong>Platonicus</strong></span> <span class='ocrx_word' id='word_1_151' title='bbox 669 1636 786 1674; x_wconf 90' lang='lat' dir='ltr'><strong>suorum</strong></span> <span class='ocrx_word' id='word_1_152' title='bbox 805 1619 976 1691; x_wconf 78' lang='lat' dir='ltr'><strong>opinionem</strong></span> <span class='ocrx_word' id='word_1_153' title='bbox 996 1619 1075 1692; x_wconf 88' lang='lat' dir='ltr'><strong>sequi</strong></span> <span class='ocrx_word' id='word_1_154' title='bbox 1091 1633 1127 1670; x_wconf 80' lang='lat' dir='ltr'><strong>no</strong></span> <span class='ocrx_word' id='word_1_155' title='bbox 1161 1638 1181 1721; x_wconf 78' lang='grc' dir='ltr'>Ι</span> 
     </span>
     <span class='ocr_line' id='line_1_18' title="bbox 116 1696 1181 1776; baseline -0.008 -17"><span class='ocrx_word' id='word_1_156' title='bbox 116 1706 184 1774; x_wconf 91' lang='lat' dir='ltr'><strong>lnit,</strong></span> <span class='ocrx_word' id='word_1_157' title='bbox 212 1705 274 1758; x_wconf 89' lang='lat' dir='ltr'><strong>sive</strong></span> <span class='ocrx_word' id='word_1_158' title='bbox 288 1696 379 1776; x_wconf 89' lang='lat' dir='ltr'><strong>ipsius</strong></span> <span class='ocrx_word' id='word_1_159' title='bbox 392 1703 436 1756; x_wconf 92' lang='lat' dir='ltr'><strong>rei</strong></span> <span class='ocrx_word' id='word_1_160' title='bbox 449 1703 580 1757; x_wconf 84' lang='lat' dir='ltr'><strong>vanitate</strong></span> <span class='ocrx_word' id='word_1_161' title='bbox 593 1705 758 1775; x_wconf 86' lang='lat' dir='ltr'><strong>permotus,</strong></span> <span class='ocrx_word' id='word_1_162' title='bbox 773 1703 906 1757; x_wconf 78' lang='lat' dir='ltr'><strong>sisciam</strong></span> <span class='ocrx_word' id='word_1_163' title='bbox 921 1711 1053 1775; x_wconf 88' lang='lat' dir='ltr'><strong>tempora</strong></span> <span class='ocrx_word' id='word_1_164' title='bbox 1064 1697 1127 1756; x_wconf 86' lang='lat' dir='ltr'><strong>Chri·</strong></span> <span class='ocrx_word' id='word_1_165' title='bbox 1162 1724 1181 1729; x_wconf 81' lang='grc'>-</span> 
     </span>
     <span class='ocr_line' id='line_1_19' title="bbox 117 1781 1127 1859; baseline -0.008 -17"><span class='ocrx_word' id='word_1_166' title='bbox 117 1789 214 1842; x_wconf 88' lang='lat' dir='ltr'><strong>stiana</strong></span> <span class='ocrx_word' id='word_1_167' title='bbox 228 1789 386 1856; x_wconf 81' lang='lat' dir='ltr'><strong>reveritus3</strong></span> <span class='ocrx_word' id='word_1_168' title='bbox 410 1794 439 1842; x_wconf 90' lang='lat' dir='ltr'><strong>et</strong></span> <span class='ocrx_word' id='word_1_169' title='bbox 453 1784 530 1859; x_wconf 91' lang='lat' dir='ltr'><strong>quod</strong></span> <span class='ocrx_word' id='word_1_170' title='bbox 543 1787 574 1840; x_wconf 92' lang='lat' dir='ltr'><strong>in</strong></span> <span class='ocrx_word' id='word_1_171' title='bbox 587 1781 660 1840; x_wconf 86' lang='lat' dir='ltr'><strong>libre</strong></span> <span class='ocrx_word' id='word_1_172' title='bbox 676 1783 786 1839; x_wconf 90' lang='lat' dir='ltr'><strong>decimo</strong></span> <span class='ocrx_word' id='word_1_173' title='bbox 803 1787 1039 1854; x_wconf 86' lang='lat' dir='ltr'><strong>commemoravi,</strong></span> <span class='ocrx_word' id='word_1_174' title='bbox 1053 1783 1127 1838; x_wconf 88' lang='lat' dir='ltr'><strong>dicere</strong></span> 
     </span>
     <span class='ocr_line' id='line_1_20' title="bbox 45 1734 1181 1965; baseline -0.008 -40"><span class='ocrx_word' id='word_1_175' title='bbox 45 1865 50 1880; x_wconf 66' lang='grc'><strong>”</strong></span> <span class='ocrx_word' id='word_1_176' title='bbox 117 1872 230 1940; x_wconf 82' lang='lat' dir='ltr'><strong>rrsaluit,</strong></span> <span class='ocrx_word' id='word_1_177' title='bbox 253 1871 379 1924; x_wconf 92' lang='lat' dir='ltr'><strong>animam</strong></span> <span class='ocrx_word' id='word_1_178' title='bbox 391 1876 509 1940; x_wconf 89' lang='lat' dir='ltr'><strong>propter</strong></span> <span class='ocrx_word' id='word_1_179' title='bbox 523 1866 727 1945; x_wconf 78' lang='lat' dir='ltr'><strong>cognoscenda</strong></span> <span class='ocrx_word' id='word_1_180' title='bbox 740 1869 815 1922; x_wconf 88' lang='lat' dir='ltr'><strong>mala</strong></span> <span class='ocrx_word' id='word_1_181' title='bbox 827 1866 966 1923; x_wconf 87' lang='lat' dir='ltr'><strong>traditam</strong></span> <span class='ocrx_word' id='word_1_182' title='bbox 981 1865 1096 1936; x_wconf 79' lang='lat' dir='ltr'><strong>mundo,</strong></span> <span class='ocrx_word' id='word_1_183' title='bbox 1107 1873 1126 1917; x_wconf 90' lang='lat' dir='ltr'><strong>ut</strong></span> <span class='ocrx_word' id='word_1_184' title='bbox 1160 1734 1181 1965; x_wconf 68' lang='grc' dir='ltr'>Ξ</span> 
     </span>
     <span class='ocr_line' id='line_1_21' title="bbox 117 1948 1181 2037; baseline -0.007 -29"><span class='ocrx_word' id='word_1_185' title='bbox 117 1953 151 2009; x_wconf 91' lang='lat' dir='ltr'><strong>ab</strong></span> <span class='ocrx_word' id='word_1_186' title='bbox 167 1955 208 2008; x_wconf 91' lang='lat' dir='ltr'><strong>eis</strong></span> <span class='ocrx_word' id='word_1_187' title='bbox 222 1953 344 2007; x_wconf 90' lang='lat' dir='ltr'><strong>liberata</strong></span> <span class='ocrx_word' id='word_1_188' title='bbox 357 1961 443 2024; x_wconf 89' lang='lat' dir='ltr'><strong>atque</strong></span> <span class='ocrx_word' id='word_1_189' title='bbox 454 1961 589 2026; x_wconf 77' lang='lat' dir='ltr'><strong>purgata,</strong></span> <span class='ocrx_word' id='word_1_190' title='bbox 604 1969 669 2005; x_wconf 90' lang='lat' dir='ltr'><strong>eum</strong></span> <span class='ocrx_word' id='word_1_191' title='bbox 683 1949 718 2005; x_wconf 91' lang='lat' dir='ltr'><strong>ad</strong></span> <span class='ocrx_word' id='word_1_192' title='bbox 731 1949 847 2005; x_wconf 88' lang='lat' dir='ltr'><strong>Patrem</strong></span> <span class='ocrx_word' id='word_1_193' title='bbox 860 1949 1003 2020; x_wconf 88' lang='lat' dir='ltr'><strong>redierit,</strong></span> <span class='ocrx_word' id='word_1_194' title='bbox 1018 1948 1086 2006; x_wconf 89' lang='lat' dir='ltr'><strong>nihil</strong></span> <span class='ocrx_word' id='word_1_195' title='bbox 1096 1948 1125 2002; x_wconf 89' lang='lat' dir='ltr'><strong>ul·</strong></span> <span class='ocrx_word' id='word_1_196' title='bbox 1159 1972 1181 2037; x_wconf 62' lang='grc'>1</span> 
     </span>
     <span class='ocr_line' id='line_1_22' title="bbox 117 2031 1181 2110; baseline -0.006 -20"><span class='ocrx_word' id='word_1_197' title='bbox 117 2038 208 2091; x_wconf 88' lang='lat' dir='ltr'><strong>terius</strong></span> <span class='ocrx_word' id='word_1_198' title='bbox 224 2036 281 2090; x_wconf 93' lang='lat' dir='ltr'><strong>tale</strong></span> <span class='ocrx_word' id='word_1_199' title='bbox 301 2035 442 2106; x_wconf 89' lang='lat' dir='ltr'><strong>patiatur:</strong></span> <span class='ocrx_word' id='word_1_200' title='bbox 470 2041 578 2106; x_wconf 85' lang='lat' dir='ltr'><strong>quanto</strong></span> <span class='ocrx_word' id='word_1_201' title='bbox 601 2036 694 2110; x_wconf 82' lang='lat' dir='ltr'><strong>magis</strong></span> <span class='ocrx_word' id='word_1_202' title='bbox 718 2051 771 2088; x_wconf 85' lang='lat' dir='ltr'><strong>nos</strong></span> <span class='ocrx_word' id='word_1_203' title='bbox 792 2035 878 2090; x_wconf 87' lang='lat' dir='ltr'><strong>istam</strong></span> <span class='ocrx_word' id='word_1_204' title='bbox 901 2035 1051 2089; x_wconf 90' lang='lat' dir='ltr'><strong>inimicam</strong></span> <span class='ocrx_word' id='word_1_205' title='bbox 1063 2031 1125 2088; x_wconf 85' lang='lat' dir='ltr'><strong>Chri·</strong></span> <span class='ocrx_word' id='word_1_206' title='bbox 1169 2040 1181 2055; x_wconf 81' lang='lat'>¹</span> 
     </span>
     <span class='ocr_line' id='line_1_23' title="bbox 117 2064 1181 2207; baseline -0.007 -33"><span class='ocrx_word' id='word_1_207' title='bbox 117 2121 229 2174; x_wconf 88' lang='lat' dir='ltr'><strong>stianae</strong></span> <span class='ocrx_word' id='word_1_208' title='bbox 242 2115 310 2172; x_wconf 90' lang='lat' dir='ltr'><strong>fidei</strong></span> <span class='ocrx_word' id='word_1_209' title='bbox 323 2115 478 2170; x_wconf 88' lang='lat' dir='ltr'><strong>falsitatem</strong></span> <span class='ocrx_word' id='word_1_210' title='bbox 493 2113 629 2172; x_wconf 87' lang='lat' dir='ltr'><strong>detestari</strong></span> <span class='ocrx_word' id='word_1_211' title='bbox 648 2135 682 2172; x_wconf 91' lang='lat' dir='ltr'><strong>ae</strong></span> <span class='ocrx_word' id='word_1_212' title='bbox 700 2117 830 2172; x_wconf 88' lang='lat' dir='ltr'><strong>devitare</strong></span> <span class='ocrx_word' id='word_1_213' title='bbox 849 2113 1008 2172; x_wconf 66' lang='lat' dir='ltr'><strong>debemus?</strong></span> <span class='ocrx_word' id='word_1_214' title='bbox 1029 2115 1079 2172; x_wconf 89' lang='lat' dir='ltr'><strong>His</strong></span> <span class='ocrx_word' id='word_1_215' title='bbox 1090 2131 1125 2168; x_wconf 89' lang='lat' dir='ltr'><strong>au·</strong></span> <span class='ocrx_word' id='word_1_216' title='bbox 1159 2064 1181 2207; x_wconf 78' lang='grc'>1</span> 
     </span>
     <span class='ocr_line' id='line_1_24' title="bbox 118 2199 1181 2283; baseline -0.006 -27"><span class='ocrx_word' id='word_1_217' title='bbox 118 2212 176 2257; x_wconf 92' lang='lat' dir='ltr'><strong>tem</strong></span> <span class='ocrx_word' id='word_1_218' title='bbox 199 2199 396 2256; x_wconf 88' lang='lat' dir='ltr'><strong>circumitibus</strong></span> <span class='ocrx_word' id='word_1_219' title='bbox 420 2200 567 2255; x_wconf 87' lang='lat' dir='ltr'><strong>evacuatis</strong></span> <span class='ocrx_word' id='word_1_220' title='bbox 592 2209 678 2274; x_wconf 86' lang='lat' dir='ltr'><strong>atque</strong></span> <span class='ocrx_word' id='word_1_221' title='bbox 700 2199 866 2269; x_wconf 72' lang='lat' dir='ltr'><strong>frustratio,</strong></span> <span class='ocrx_word' id='word_1_222' title='bbox 893 2200 1125 2256; x_wconf 83' lang='lat' dir='ltr'><strong>nullaneeessitas</strong></span> <span class='ocrx_word' id='word_1_223' title='bbox 1168 2214 1181 2283; x_wconf 66' lang='lat' dir='ltr'><strong>q</strong></span> 
     </span>
     <span class='ocr_line' id='line_1_25' title="bbox 109 2280 1181 2375; baseline -0.004 -35"><span class='ocrx_word' id='word_1_224' title='bbox 109 2302 171 2341; x_wconf 88' lang='lat' dir='ltr'><strong>-nos</strong></span> <span class='ocrx_word' id='word_1_225' title='bbox 186 2284 346 2356; x_wconf 82' lang='lat' dir='ltr'><strong>compellit,</strong></span> <span class='ocrx_word' id='word_1_226' title='bbox 372 2280 439 2336; x_wconf 88' lang='lat' dir='ltr'><strong>ideo</strong></span> <span class='ocrx_word' id='word_1_227' title='bbox 453 2291 555 2354; x_wconf 89' lang='lat' dir='ltr'><strong>putare</strong></span> <span class='ocrx_word' id='word_1_228' title='bbox 569 2301 629 2338; x_wconf 92' lang='lat' dir='ltr'><strong>non</strong></span> <span class='ocrx_word' id='word_1_229' title='bbox 642 2281 747 2338; x_wconf 88' lang='lat' dir='ltr'><strong>habere</strong></span> <span class='ocrx_word' id='word_1_230' title='bbox 758 2284 876 2338; x_wconf 89' lang='lat' dir='ltr'><strong>initium</strong></span> <span class='ocrx_word' id='word_1_231' title='bbox 888 2286 1029 2360; x_wconf 84' lang='lat' dir='ltr'><strong>temporis</strong></span> <span class='ocrx_word' id='word_1_232' title='bbox 1040 2301 1073 2338; x_wconf 87' lang='lat' dir='ltr'><strong>ex</strong></span> <span class='ocrx_word' id='word_1_233' title='bbox 1085 2295 1125 2354; x_wconf 79' lang='lat' dir='ltr'><strong>quo</strong></span> <span class='ocrx_word' id='word_1_234' title='bbox 1167 2298 1181 2375; x_wconf 66' lang='lat' dir='ltr'><strong>q</strong></span> 
     </span>
    </p>
   </div>
   <div class='ocr_carea' id='block_1_3' title="bbox 5 2363 1181 2447">
    <p class='ocr_par' dir='ltr' id='par_1_4' title="bbox 5 2363 1181 2447">
     <span class='ocr_line' id='line_1_26' title="bbox 5 2363 1181 2447; baseline -0.003 -26"><span class='ocrx_word' id='word_1_235' title='bbox 5 2371 6 2374; x_wconf 76' lang='grc'>’</span> <span class='ocrx_word' id='word_1_236' title='bbox 117 2385 181 2421; x_wconf 89' lang='lat' dir='ltr'><strong>esse</strong></span> <span class='ocrx_word' id='word_1_237' title='bbox 196 2365 324 2438; x_wconf 90' lang='lat' dir='ltr'><strong>eoeperit</strong></span> <span class='ocrx_word' id='word_1_238' title='bbox 336 2382 428 2441; x_wconf 79' lang='lat' dir='ltr'><strong>genus</strong></span> <span class='ocrx_word' id='word_1_239' title='bbox 442 2363 614 2435; x_wconf 91' lang='lat' dir='ltr'><strong>humanum,</strong></span> <span class='ocrx_word' id='word_1_240' title='bbox 639 2367 705 2441; x_wconf 83' lang='lat' dir='ltr'><strong>quia</strong></span> <span class='ocrx_word' id='word_1_241' title='bbox 719 2367 816 2421; x_wconf 88' lang='lat' dir='ltr'><strong>nescio</strong></span> <span class='ocrx_word' id='word_1_242' title='bbox 829 2377 966 2441; x_wconf 88' lang='lat' dir='ltr'><strong>perquos</strong></span> <span class='ocrx_word' id='word_1_243' title='bbox 981 2367 1126 2422; x_wconf 80' lang='lat' dir='ltr'><strong>circumitus</strong></span> <span class='ocrx_word' id='word_1_244' title='bbox 1168 2384 1181 2447; x_wconf 62' lang='grc' dir='ltr'>Ι</span> 
     </span>
    </p>
   </div>
   <div class='ocr_carea' id='block_1_4' title="bbox 74 2447 1181 2774">
    <p class='ocr_par' dir='ltr' id='par_1_5' title="bbox 74 2447 1181 2774">
     <span class='ocr_line' id='line_1_27' title="bbox 118 2447 1181 2529; baseline -0.008 -23"><span class='ocrx_word' id='word_1_245' title='bbox 118 2448 192 2506; x_wconf 90' lang='lat' dir='ltr'><strong>nihil</strong></span> <span class='ocrx_word' id='word_1_246' title='bbox 206 2449 244 2502; x_wconf 85' lang='lat' dir='ltr'><strong>sit</strong></span> <span class='ocrx_word' id='word_1_247' title='bbox 257 2449 288 2502; x_wconf 94' lang='lat' dir='ltr'><strong>in</strong></span> <span class='ocrx_word' id='word_1_248' title='bbox 301 2447 388 2503; x_wconf 91' lang='lat' dir='ltr'><strong>rebus</strong></span> <span class='ocrx_word' id='word_1_249' title='bbox 403 2449 483 2516; x_wconf 88' lang='lat' dir='ltr'><strong>novi,</strong></span> <span class='ocrx_word' id='word_1_250' title='bbox 496 2448 573 2523; x_wconf 91' lang='lat' dir='ltr'><strong>quod</strong></span> <span class='ocrx_word' id='word_1_251' title='bbox 587 2467 647 2504; x_wconf 90' lang='lat' dir='ltr'><strong>uon</strong></span> <span class='ocrx_word' id='word_1_252' title='bbox 662 2459 691 2504; x_wconf 91' lang='lat' dir='ltr'><strong>et</strong></span> <span class='ocrx_word' id='word_1_253' title='bbox 703 2459 790 2504; x_wconf 89' lang='lat' dir='ltr'><strong>antea</strong></span> <span class='ocrx_word' id='word_1_254' title='bbox 799 2452 887 2504; x_wconf 89' lang='lat' dir='ltr'><strong>certis</strong></span> <span class='ocrx_word' id='word_1_255' title='bbox 899 2451 1062 2507; x_wconf 79' lang='lat' dir='ltr'><strong>intervallis</strong></span> <span class='ocrx_word' id='word_1_256' title='bbox 1072 2457 1125 2503; x_wconf 90' lang='lat' dir='ltr'><strong>ten·</strong></span> <span class='ocrx_word' id='word_1_257' title='bbox 1170 2470 1181 2529; x_wconf 71' lang='grc' dir='ltr'>Ι</span> 
     </span>
     <span class='ocr_line' id='line_1_28' title="bbox 74 2529 1181 2619; baseline -0.003 -32"><span class='ocrx_word' id='word_1_258' title='bbox 74 2531 78 2542; x_wconf 67' lang='grc'><em>“</em></span> <span class='ocrx_word' id='word_1_259' title='bbox 117 2551 220 2607; x_wconf 90' lang='lat' dir='ltr'><strong>porum</strong></span> <span class='ocrx_word' id='word_1_260' title='bbox 234 2529 335 2600; x_wconf 89' lang='lat' dir='ltr'><strong>fuerit,</strong></span> <span class='ocrx_word' id='word_1_261' title='bbox 363 2539 391 2586; x_wconf 91' lang='lat' dir='ltr'><strong>et</strong></span> <span class='ocrx_word' id='word_1_262' title='bbox 404 2542 505 2605; x_wconf 89' lang='lat' dir='ltr'><strong>postea</strong></span> <span class='ocrx_word' id='word_1_263' title='bbox 524 2535 563 2586; x_wconf 90' lang='lat' dir='ltr'><strong>sit</strong></span> <span class='ocrx_word' id='word_1_264' title='bbox 579 2531 717 2588; x_wconf 88' lang='lat' dir='ltr'><strong>futurum.</strong></span> <span class='ocrx_word' id='word_1_265' title='bbox 761 2530 795 2588; x_wconf 85' lang='lat' dir='ltr'><strong>Si</strong></span> <span class='ocrx_word' id='word_1_266' title='bbox 807 2533 886 2588; x_wconf 89' lang='lat' dir='ltr'><strong>enim</strong></span> <span class='ocrx_word' id='word_1_267' title='bbox 897 2534 1039 2588; x_wconf 86' lang='lat' dir='ltr'><strong>liberatur</strong></span> <span class='ocrx_word' id='word_1_268' title='bbox 1051 2532 1126 2586; x_wconf 71' lang='lat' dir='ltr'><strong>anuas</strong></span> <span class='ocrx_word' id='word_1_269' title='bbox 1173 2534 1181 2619; x_wconf 65' lang='lat' dir='ltr'>j</span> 
     </span>
     <span class='ocr_line' id='line_1_29' title="bbox 117 2610 1181 2694; baseline -0.006 -23"><span class='ocrx_word' id='word_1_270' title='bbox 117 2623 178 2671; x_wconf 91' lang='lat' dir='ltr'><strong>non</strong></span> <span class='ocrx_word' id='word_1_271' title='bbox 193 2613 321 2672; x_wconf 83' lang='lat' dir='ltr'><strong>reditura</strong></span> <span class='ocrx_word' id='word_1_272' title='bbox 335 2614 371 2670; x_wconf 88' lang='lat' dir='ltr'><strong>ad</strong></span> <span class='ocrx_word' id='word_1_273' title='bbox 384 2617 526 2686; x_wconf 83' lang='lat' dir='ltr'><strong>miserias,</strong></span> <span class='ocrx_word' id='word_1_274' title='bbox 552 2616 629 2671; x_wconf 89' lang='lat' dir='ltr'><strong>sieut</strong></span> <span class='ocrx_word' id='word_1_275' title='bbox 642 2633 790 2689; x_wconf 88' lang='lat' dir='ltr'><strong>nunquam</strong></span> <span class='ocrx_word' id='word_1_276' title='bbox 803 2623 888 2694; x_wconf 82' lang='lat' dir='ltr'><strong>antea</strong></span> <span class='ocrx_word' id='word_1_277' title='bbox 902 2616 1026 2672; x_wconf 90' lang='lat' dir='ltr'><strong>liberata</strong></span> <span class='ocrx_word' id='word_1_278' title='bbox 1039 2624 1087 2684; x_wconf 88' lang='lat' dir='ltr'><strong>est,</strong></span> <span class='ocrx_word' id='word_1_279' title='bbox 1105 2610 1126 2665; x_wconf 84' lang='lat' dir='ltr'><strong>fit</strong></span> <span class='ocrx_word' id='word_1_280' title='bbox 1174 2618 1181 2691; x_wconf 65' lang='lat' dir='ltr'><strong>p</strong></span> 
     </span>
     <span class='ocr_line' id='line_1_30' title="bbox 117 2696 1126 2774; baseline -0.006 -21"><span class='ocrx_word' id='word_1_281' title='bbox 117 2701 148 2753; x_wconf 90' lang='lat' dir='ltr'><strong>in</strong></span> <span class='ocrx_word' id='word_1_282' title='bbox 164 2699 212 2752; x_wconf 91' lang='lat' dir='ltr'><strong>illa</strong></span> <span class='ocrx_word' id='word_1_283' title='bbox 226 2697 335 2772; x_wconf 89' lang='lat' dir='ltr'><strong>aliquid</strong></span> <span class='ocrx_word' id='word_1_284' title='bbox 348 2697 428 2772; x_wconf 70' lang='lat' dir='ltr'><strong>quod¹</strong></span> <span class='ocrx_word' id='word_1_285' title='bbox 443 2707 527 2752; x_wconf 90' lang='lat' dir='ltr'><strong>antea</strong></span> <span class='ocrx_word' id='word_1_286' title='bbox 548 2716 693 2772; x_wconf 91' lang='lat' dir='ltr'><strong>nunquam</strong></span> <span class='ocrx_word' id='word_1_287' title='bbox 713 2697 819 2754; x_wconf 89' lang='lat' dir='ltr'><strong>factum</strong></span> <span class='ocrx_word' id='word_1_288' title='bbox 837 2708 896 2770; x_wconf 87' lang='lat' dir='ltr'><strong>est,</strong></span> <span class='ocrx_word' id='word_1_289' title='bbox 925 2709 956 2755; x_wconf 91' lang='lat' dir='ltr'><strong>et</strong></span> <span class='ocrx_word' id='word_1_290' title='bbox 967 2697 1022 2756; x_wconf 91' lang='lat' dir='ltr'><strong>hoe</strong></span> <span class='ocrx_word' id='word_1_291' title='bbox 1035 2696 1126 2774; x_wconf 84' lang='lat' dir='ltr'><strong>quiden</strong></span> 
     </span>
    </p>
   </div>
   <div class='ocr_carea' id='block_1_5' title="bbox 30 2781 1126 2858">
    <p class='ocr_par' dir='ltr' id='par_1_6' title="bbox 30 2781 1126 2858">
     <span class='ocr_line' id='line_1_31' title="bbox 30 2781 1126 2858; baseline -0.004 -21"><span class='ocrx_word' id='word_1_292' title='bbox 30 2801 35 2808; x_wconf 63' lang='lat'>¹</span> <span class='ocrx_word' id='word_1_293' title='bbox 115 2781 200 2838; x_wconf 82' lang='lat' dir='ltr'><strong>valde</strong></span> <span class='ocrx_word' id='word_1_294' title='bbox 213 2800 366 2858; x_wconf 84' lang='lat' dir='ltr'><strong>magnum,</strong></span> <span class='ocrx_word' id='word_1_295' title='bbox 380 2781 409 2834; x_wconf 92' lang='lat' dir='ltr'><strong>id</strong></span> <span class='ocrx_word' id='word_1_296' title='bbox 423 2790 485 2852; x_wconf 86' lang='lat' dir='ltr'><strong>est,</strong></span> <span class='ocrx_word' id='word_1_297' title='bbox 500 2798 574 2855; x_wconf 90' lang='lat' dir='ltr'><strong>quae</strong></span> <span class='ocrx_word' id='word_1_298' title='bbox 588 2799 736 2854; x_wconf 88' lang='lat' dir='ltr'><strong>nunquam</strong></span> <span class='ocrx_word' id='word_1_299' title='bbox 750 2781 864 2837; x_wconf 89' lang='lat' dir='ltr'><strong>desinat</strong></span> <span class='ocrx_word' id='word_1_300' title='bbox 877 2792 1000 2838; x_wconf 88' lang='lat' dir='ltr'><strong>aeterna</strong></span> <span class='ocrx_word' id='word_1_301' title='bbox 1013 2781 1126 2838; x_wconf 80' lang='lat' dir='ltr'><strong>felicitas·</strong></span> 
     </span>
    </p>
   </div>
   <div class='ocr_carea' id='block_1_6' title="bbox 43 2863 1181 3937">
    <p class='ocr_par' dir='ltr' id='par_1_7' title="bbox 43 2863 1181 3937">
     <span class='ocr_line' id='line_1_32' title="bbox 117 2863 1181 2940; baseline -0.007 -18"><span class='ocrx_word' id='word_1_302' title='bbox 117 2864 151 2922; x_wconf 84' lang='lat' dir='ltr'><strong>Si</strong></span> <span class='ocrx_word' id='word_1_303' title='bbox 165 2873 260 2920; x_wconf 90' lang='lat' dir='ltr'><strong>autem</strong></span> <span class='ocrx_word' id='word_1_304' title='bbox 273 2866 303 2918; x_wconf 91' lang='lat' dir='ltr'><strong>in</strong></span> <span class='ocrx_word' id='word_1_305' title='bbox 319 2872 423 2918; x_wconf 88' lang='lat' dir='ltr'><strong>natura</strong></span> <span class='ocrx_word' id='word_1_306' title='bbox 435 2865 592 2924; x_wconf 88' lang='lat' dir='ltr'><strong>immortali</strong></span> <span class='ocrx_word' id='word_1_307' title='bbox 605 2864 639 2919; x_wconf 91' lang='lat' dir='ltr'><strong>lit</strong></span> <span class='ocrx_word' id='word_1_308' title='bbox 656 2872 737 2922; x_wconf 90' lang='lat' dir='ltr'><strong>tanta</strong></span> <span class='ocrx_word' id='word_1_309' title='bbox 751 2866 881 2936; x_wconf 81' lang='lat' dir='ltr'><strong>saevitas,</strong></span> <span class='ocrx_word' id='word_1_310' title='bbox 909 2868 990 2922; x_wconf 95' lang='lat' dir='ltr'><strong>nullo</strong></span> <span class='ocrx_word' id='word_1_311' title='bbox 1013 2863 1126 2940; x_wconf 79' lang='lat' dir='ltr'><strong>repetita,</strong></span> <span class='ocrx_word' id='word_1_312' title='bbox 1180 2908 1181 2935; x_wconf 69' lang='lat'><strong>,</strong></span> 
     </span>
     <span class='ocr_line' id='line_1_33' title="bbox 114 2945 1181 3020; baseline -0.007 -16"><span class='ocrx_word' id='word_1_313' title='bbox 114 2948 196 3006; x_wconf 86' lang='lat' dir='ltr'><strong>nulle</strong></span> <span class='ocrx_word' id='word_1_314' title='bbox 218 2945 373 3020; x_wconf 91' lang='lat' dir='ltr'><strong>repetenda</strong></span> <span class='ocrx_word' id='word_1_315' title='bbox 397 2948 561 3017; x_wconf 84' lang='lat' dir='ltr'><strong>circumitu,</strong></span> <span class='ocrx_word' id='word_1_316' title='bbox 590 2965 642 3002; x_wconf 89' lang='lat' dir='ltr'><strong>eur</strong></span> <span class='ocrx_word' id='word_1_317' title='bbox 661 2949 693 3003; x_wconf 88' lang='lat' dir='ltr'><strong>in</strong></span> <span class='ocrx_word' id='word_1_318' title='bbox 713 2947 798 3003; x_wconf 90' lang='lat' dir='ltr'><strong>rebus</strong></span> <span class='ocrx_word' id='word_1_319' title='bbox 816 2949 990 3004; x_wconf 77' lang='lat' dir='ltr'><strong>mortalibus</strong></span> <span class='ocrx_word' id='word_1_320' title='bbox 1010 2950 1127 3004; x_wconf 87' lang='lat' dir='ltr'><strong>lieriuon</strong></span> <span class='ocrx_word' id='word_1_321' title='bbox 1180 2976 1181 2979; x_wconf 60' lang='lat'><em>=</em></span> 
     </span>
     <span class='ocr_line' id='line_1_34' title="bbox 113 3025 1127 3114; baseline -0.004 -28"><span class='ocrx_word' id='word_1_322' title='bbox 113 3050 199 3114; x_wconf 89' lang='lat' dir='ltr'><strong>posse</strong></span> <span class='ocrx_word' id='word_1_323' title='bbox 212 3025 415 3085; x_wconf 66' lang='lat' dir='ltr'><strong>contenditur?</strong></span> <span class='ocrx_word' id='word_1_324' title='bbox 428 3028 472 3088; x_wconf 45' lang='lat' dir='ltr'><strong>,Si</strong></span> <span class='ocrx_word' id='word_1_325' title='bbox 495 3029 596 3084; x_wconf 91' lang='lat' dir='ltr'><strong>dieunt</strong></span> <span class='ocrx_word' id='word_1_326' title='bbox 618 3047 677 3087; x_wconf 90' lang='lat' dir='ltr'><strong>non</strong></span> <span class='ocrx_word' id='word_1_327' title='bbox 704 3029 768 3086; x_wconf 87' lang='lat' dir='ltr'><strong>lieri</strong></span> <span class='ocrx_word' id='word_1_328' title='bbox 792 3033 823 3090; x_wconf 89' lang='lat' dir='ltr'><strong>in</strong></span> <span class='ocrx_word' id='word_1_329' title='bbox 842 3033 941 3087; x_wconf 84' lang='lat' dir='ltr'><strong>anima</strong></span> <span class='ocrx_word' id='word_1_330' title='bbox 958 3026 1127 3088; x_wconf 78' lang='lat' dir='ltr'><strong>beatitudinis</strong></span> 
     </span>
     <span class='ocr_line' id='line_1_35' title="bbox 65 3107 1128 3192; baseline -0.004 -22"><span class='ocrx_word' id='word_1_331' title='bbox 65 3179 68 3192; x_wconf 20' lang='grc' dir='ltr'>Ἀ</span> <span class='ocrx_word' id='word_1_332' title='bbox 116 3117 284 3182; x_wconf 87' lang='lat' dir='ltr'><strong>novitatem,</strong></span> <span class='ocrx_word' id='word_1_333' title='bbox 299 3114 435 3184; x_wconf 90' lang='lat' dir='ltr'><strong>quoniam</strong></span> <span class='ocrx_word' id='word_1_334' title='bbox 448 3112 485 3168; x_wconf 91' lang='lat' dir='ltr'><strong>ad</strong></span> <span class='ocrx_word' id='word_1_335' title='bbox 498 3129 561 3170; x_wconf 87' lang='lat' dir='ltr'><strong>cam</strong></span> <span class='ocrx_word' id='word_1_336' title='bbox 574 3113 732 3168; x_wconf 84' lang='lat' dir='ltr'><strong>revertitur</strong></span> <span class='ocrx_word' id='word_1_337' title='bbox 744 3115 776 3168; x_wconf 94' lang='lat' dir='ltr'><strong>in</strong></span> <span class='ocrx_word' id='word_1_338' title='bbox 790 3132 847 3187; x_wconf 90' lang='lat' dir='ltr'><strong>qua</strong></span> <span class='ocrx_word' id='word_1_339' title='bbox 861 3133 976 3188; x_wconf 83' lang='lat' dir='ltr'><strong>semper</strong></span> <span class='ocrx_word' id='word_1_340' title='bbox 990 3116 1055 3186; x_wconf 80' lang='lat' dir='ltr'><strong>fuit,</strong></span> <span class='ocrx_word' id='word_1_341' title='bbox 1080 3107 1128 3185; x_wconf 79' lang='lat' dir='ltr'><strong>ipss</strong></span> 
     </span>
     <span class='ocr_line' id='line_1_36' title="bbox 115 3195 1127 3274; baseline -0.005 -21"><span class='ocrx_word' id='word_1_342' title='bbox 115 3208 194 3254; x_wconf 87' lang='lat' dir='ltr'><strong>certe</strong></span> <span class='ocrx_word' id='word_1_343' title='bbox 216 3195 351 3252; x_wconf 88' lang='lat' dir='ltr'><strong>liberatio</strong></span> <span class='ocrx_word' id='word_1_344' title='bbox 372 3213 448 3252; x_wconf 86' lang='lat' dir='ltr'><strong>nova</strong></span> <span class='ocrx_word' id='word_1_345' title='bbox 466 3195 514 3266; x_wconf 91' lang='lat' dir='ltr'><strong>lit,</strong></span> <span class='ocrx_word' id='word_1_346' title='bbox 541 3215 606 3250; x_wconf 89' lang='lat' dir='ltr'><strong>eum</strong></span> <span class='ocrx_word' id='word_1_347' title='bbox 620 3196 654 3251; x_wconf 93' lang='lat' dir='ltr'><strong>de</strong></span> <span class='ocrx_word' id='word_1_348' title='bbox 667 3198 784 3252; x_wconf 89' lang='lat' dir='ltr'><strong>miseria</strong></span> <span class='ocrx_word' id='word_1_349' title='bbox 797 3199 940 3255; x_wconf 88' lang='lat' dir='ltr'><strong>liberatur</strong></span> <span class='ocrx_word' id='word_1_350' title='bbox 954 3201 986 3254; x_wconf 93' lang='lat' dir='ltr'><strong>in</strong></span> <span class='ocrx_word' id='word_1_351' title='bbox 1001 3217 1056 3274; x_wconf 87' lang='lat' dir='ltr'><strong>qua</strong></span> <span class='ocrx_word' id='word_1_352' title='bbox 1067 3211 1127 3252; x_wconf 88' lang='lat' dir='ltr'><strong>nuu-</strong></span> 
     </span>
     <span class='ocr_line' id='line_1_37' title="bbox 114 3279 1166 3357; baseline -0.005 -21"><span class='ocrx_word' id='word_1_353' title='bbox 114 3299 199 3356; x_wconf 88' lang='lat' dir='ltr'><strong>quam</strong></span> <span class='ocrx_word' id='word_1_354' title='bbox 216 3280 288 3348; x_wconf 84' lang='lat' dir='ltr'><strong>fuit,</strong></span> <span class='ocrx_word' id='word_1_355' title='bbox 315 3287 345 3332; x_wconf 89' lang='lat' dir='ltr'><strong>et</strong></span> <span class='ocrx_word' id='word_1_356' title='bbox 357 3279 427 3350; x_wconf 89' lang='lat' dir='ltr'><strong>ipsa</strong></span> <span class='ocrx_word' id='word_1_357' title='bbox 449 3280 583 3337; x_wconf 85' lang='lat' dir='ltr'><strong>miseriae</strong></span> <span class='ocrx_word' id='word_1_358' title='bbox 608 3281 723 3337; x_wconf 87' lang='lat' dir='ltr'><strong>novitas</strong></span> <span class='ocrx_word' id='word_1_359' title='bbox 744 3281 774 3336; x_wconf 90' lang='lat' dir='ltr'><strong>iu</strong></span> <span class='ocrx_word' id='word_1_360' title='bbox 789 3299 823 3336; x_wconf 85' lang='lat' dir='ltr'><strong>aa</strong></span> <span class='ocrx_word' id='word_1_361' title='bbox 835 3281 913 3337; x_wconf 87' lang='lat' dir='ltr'><strong>iacta</strong></span> <span class='ocrx_word' id='word_1_362' title='bbox 927 3291 972 3337; x_wconf 76' lang='lat' dir='ltr'><strong>est</strong></span> <span class='ocrx_word' id='word_1_363' title='bbox 983 3300 1055 3357; x_wconf 86' lang='lat' dir='ltr'><strong>quae</strong></span> <span class='ocrx_word' id='word_1_364' title='bbox 1067 3295 1128 3335; x_wconf 87' lang='lat' dir='ltr'><strong>nuu-</strong></span> <span class='ocrx_word' id='word_1_365' title='bbox 1165 3319 1166 3324; x_wconf 14' lang='grc' dir='ltr'><strong>κ</strong></span> 
     </span>
     <span class='ocr_line' id='line_1_38' title="bbox 87 3359 1129 3440; baseline -0.006 -22"><span class='ocrx_word' id='word_1_366' title='bbox 87 3377 95 3384; x_wconf 91' lang='grc'><em>·</em></span> <span class='ocrx_word' id='word_1_367' title='bbox 114 3383 199 3438; x_wconf 90' lang='lat' dir='ltr'><strong>quam</strong></span> <span class='ocrx_word' id='word_1_368' title='bbox 212 3361 275 3417; x_wconf 90' lang='lat' dir='ltr'><strong>fuit.</strong></span> <span class='ocrx_word' id='word_1_369' title='bbox 320 3359 400 3416; x_wconf 86' lang='lat' dir='ltr'><strong>Haec</strong></span> <span class='ocrx_word' id='word_1_370' title='bbox 413 3372 511 3418; x_wconf 88' lang='lat' dir='ltr'><strong>autem</strong></span> <span class='ocrx_word' id='word_1_371' title='bbox 524 3363 677 3419; x_wconf 76' lang='lat' dir='ltr'><strong>novitassi</strong></span> <span class='ocrx_word' id='word_1_372' title='bbox 691 3379 751 3418; x_wconf 93' lang='lat' dir='ltr'><strong>non</strong></span> <span class='ocrx_word' id='word_1_373' title='bbox 770 3365 800 3418; x_wconf 93' lang='lat' dir='ltr'><strong>in</strong></span> <span class='ocrx_word' id='word_1_374' title='bbox 814 3381 927 3435; x_wconf 87' lang='lat' dir='ltr'><strong>rerum,</strong></span> <span class='ocrx_word' id='word_1_375' title='bbox 955 3382 1028 3440; x_wconf 88' lang='lat' dir='ltr'><strong>quae</strong></span> <span class='ocrx_word' id='word_1_376' title='bbox 1048 3362 1129 3419; x_wconf 83' lang='lat' dir='ltr'><strong>divim</strong></span> 
     </span>
     <span class='ocr_line' id='line_1_39' title="bbox 113 3443 1129 3522; baseline -0.001 -20"><span class='ocrx_word' id='word_1_377' title='bbox 113 3446 297 3520; x_wconf 88' lang='lat' dir='ltr'><strong>providentia</strong></span> <span class='ocrx_word' id='word_1_378' title='bbox 310 3445 522 3522; x_wconf 72' lang='lat' dir='ltr'><strong>gubernantur,</strong></span> <span class='ocrx_word' id='word_1_379' title='bbox 535 3445 665 3501; x_wconf 86' lang='lat' dir='ltr'><strong>ordinem</strong></span> <span class='ocrx_word' id='word_1_380' title='bbox 680 3443 809 3522; x_wconf 83' lang='lat' dir='ltr'><strong>[ordine]</strong></span> <span class='ocrx_word' id='word_1_381' title='bbox 824 3449 920 3517; x_wconf 78' lang='lat' dir='ltr'><strong>venit,</strong></span> <span class='ocrx_word' id='word_1_382' title='bbox 947 3447 999 3503; x_wconf 86' lang='lat' dir='ltr'><strong>sed</strong></span> <span class='ocrx_word' id='word_1_383' title='bbox 1013 3465 1077 3504; x_wconf 87' lang='lat' dir='ltr'><strong>casu</strong></span> <span class='ocrx_word' id='word_1_384' title='bbox 1088 3460 1129 3518; x_wconf 81' lang='lat' dir='ltr'><strong>po·</strong></span> 
     </span>
     <span class='ocr_line' id='line_1_40' title="bbox 43 3527 1129 3604; baseline -0.003 -21"><span class='ocrx_word' id='word_1_385' title='bbox 43 3545 46 3552; x_wconf 85' lang='lat'>·</span> <span class='ocrx_word' id='word_1_386' title='bbox 113 3530 172 3598; x_wconf 82' lang='lat' dir='ltr'><strong>tius</strong></span> <span class='ocrx_word' id='word_1_387' title='bbox 187 3531 295 3599; x_wconf 82' lang='lat' dir='ltr'><strong>evenit,</strong></span> <span class='ocrx_word' id='word_1_388' title='bbox 319 3528 366 3583; x_wconf 84' lang='lat' dir='ltr'><strong>ubi</strong></span> <span class='ocrx_word' id='word_1_389' title='bbox 380 3539 450 3584; x_wconf 93' lang='lat' dir='ltr'><strong>sunt</strong></span> <span class='ocrx_word' id='word_1_390' title='bbox 463 3531 507 3583; x_wconf 90' lang='lat' dir='ltr'><strong>illi</strong></span> <span class='ocrx_word' id='word_1_391' title='bbox 521 3529 705 3584; x_wconf 86' lang='lat' dir='ltr'><strong>determinati</strong></span> <span class='ocrx_word' id='word_1_392' title='bbox 720 3528 898 3604; x_wconf 79' lang='lat' dir='ltr'><strong>dimensique</strong></span> <span class='ocrx_word' id='word_1_393' title='bbox 912 3533 1088 3598; x_wconf 83' lang='lat' dir='ltr'><strong>circumitus,</strong></span> <span class='ocrx_word' id='word_1_394' title='bbox 1106 3527 1129 3580; x_wconf 85' lang='lat' dir='ltr'><strong>is</strong></span> 
     </span>
     <span class='ocr_line' id='line_1_41' title="bbox 48 3601 1180 3689; baseline 0.005 -24"><span class='ocrx_word' id='word_1_395' title='bbox 48 3604 54 3616; x_wconf 82' lang='lat'><em>&#39;</em></span> <span class='ocrx_word' id='word_1_396' title='bbox 115 3611 218 3684; x_wconf 84' lang='lat' dir='ltr'><strong>quibus</strong></span> <span class='ocrx_word' id='word_1_397' title='bbox 238 3613 317 3667; x_wconf 92' lang='lat' dir='ltr'><strong>nulla</strong></span> <span class='ocrx_word' id='word_1_398' title='bbox 330 3630 407 3668; x_wconf 85' lang='lat' dir='ltr'><strong>nova</strong></span> <span class='ocrx_word' id='word_1_399' title='bbox 423 3611 590 3682; x_wconf 60' lang='lat' dir='ltr'><strong>liunt,‘sed</strong></span> <span class='ocrx_word' id='word_1_400' title='bbox 610 3621 779 3686; x_wconf 85' lang='lat' dir='ltr'><strong>repetuntur</strong></span> <span class='ocrx_word' id='word_1_401' title='bbox 800 3613 899 3669; x_wconf 89' lang='lat' dir='ltr'><strong>eadem</strong></span> <span class='ocrx_word' id='word_1_402' title='bbox 918 3633 992 3689; x_wconf 90' lang='lat' dir='ltr'><strong>quac</strong></span> <span class='ocrx_word' id='word_1_403' title='bbox 1010 3601 1129 3669; x_wconf 66' lang='lat' dir='ltr'><strong>fuerunt?</strong></span> <span class='ocrx_word' id='word_1_404' title='bbox 1179 3668 1180 3671; x_wconf 76' lang='grc'>,</span> 
     </span>
     <span class='ocr_line' id='line_1_42' title="bbox 115 3692 1178 3771; baseline 0 -24"><span class='ocrx_word' id='word_1_405' title='bbox 115 3692 148 3748; x_wconf 79' lang='lat' dir='ltr'><strong>Si</strong></span> <span class='ocrx_word' id='word_1_406' title='bbox 174 3704 271 3750; x_wconf 89' lang='lat' dir='ltr'><strong>autem</strong></span> <span class='ocrx_word' id='word_1_407' title='bbox 295 3703 325 3748; x_wconf 91' lang='lat' dir='ltr'><strong>et</strong></span> <span class='ocrx_word' id='word_1_408' title='bbox 349 3694 420 3751; x_wconf 87' lang='lat' dir='ltr'><strong>haee</strong></span> <span class='ocrx_word' id='word_1_409' title='bbox 446 3692 561 3752; x_wconf 78' lang='lat' dir='ltr'><strong>novitas</strong></span> <span class='ocrx_word' id='word_1_410' title='bbox 588 3695 622 3749; x_wconf 92' lang='lat' dir='ltr'><strong>ab</strong></span> <span class='ocrx_word' id='word_1_411' title='bbox 652 3694 835 3752; x_wconf 90' lang='lat' dir='ltr'><strong>ordinatione</strong></span> <span class='ocrx_word' id='word_1_412' title='bbox 860 3697 1060 3771; x_wconf 79' lang='lat' dir='ltr'><strong>providentiae</strong></span> <span class='ocrx_word' id='word_1_413' title='bbox 1083 3707 1129 3749; x_wconf 86' lang='lat' dir='ltr'><strong>non</strong></span> <span class='ocrx_word' id='word_1_414' title='bbox 1177 3720 1178 3723; x_wconf 39' lang='lat'>¹</span> 
     </span>
     <span class='ocr_line' id='line_1_43' title="bbox 101 3773 1128 3857; baseline 0.002 -28"><span class='ocrx_word' id='word_1_415' title='bbox 101 3776 290 3857; x_wconf 28' lang='lat' dir='ltr'><strong>&#39;excluditua</strong></span> <span class='ocrx_word' id='word_1_416' title='bbox 318 3781 381 3834; x_wconf 72' lang='lat' dir='ltr'><strong>five</strong></span> <span class='ocrx_word' id='word_1_417' title='bbox 399 3780 467 3834; x_wconf 90' lang='lat' dir='ltr'><strong>data</strong></span> <span class='ocrx_word' id='word_1_418' title='bbox 486 3781 523 3833; x_wconf 90' lang='lat' dir='ltr'><strong>sit</strong></span> <span class='ocrx_word' id='word_1_419' title='bbox 543 3780 655 3848; x_wconf 87' lang='lat' dir='ltr'><strong>anima,</strong></span> <span class='ocrx_word' id='word_1_420' title='bbox 681 3779 742 3834; x_wconf 82' lang='lat' dir='ltr'><strong>sive</strong></span> <span class='ocrx_word' id='word_1_421' title='bbox 764 3781 844 3852; x_wconf 88' lang='lat' dir='ltr'><strong>lapsa</strong></span> <span class='ocrx_word' id='word_1_422' title='bbox 862 3783 915 3851; x_wconf 86' lang='lat' dir='ltr'><strong>sit,</strong></span> <span class='ocrx_word' id='word_1_423' title='bbox 942 3773 1128 3854; x_wconf 82' lang='lat' dir='ltr'><strong>possuntlieri</strong></span> 
     </span>
     <span class='ocr_line' id='line_1_44' title="bbox 115 3860 1128 3937; baseline -0.002 -24"><span class='ocrx_word' id='word_1_424' title='bbox 115 3876 207 3930; x_wconf 88' lang='lat' dir='ltr'><strong>nova,</strong></span> <span class='ocrx_word' id='word_1_425' title='bbox 237 3879 310 3935; x_wconf 87' lang='lat' dir='ltr'><strong>quae</strong></span> <span class='ocrx_word' id='word_1_426' title='bbox 324 3881 418 3937; x_wconf 87' lang='lat' dir='ltr'><strong>neque</strong></span> <span class='ocrx_word' id='word_1_427' title='bbox 432 3873 518 3920; x_wconf 88' lang='lat' dir='ltr'><strong>antea</strong></span> <span class='ocrx_word' id='word_1_428' title='bbox 532 3860 607 3917; x_wconf 86' lang='lat' dir='ltr'><strong>faeta</strong></span> <span class='ocrx_word' id='word_1_429' title='bbox 621 3863 699 3932; x_wconf 83' lang='lat' dir='ltr'><strong>sint,</strong></span> <span class='ocrx_word' id='word_1_430' title='bbox 728 3881 780 3918; x_wconf 92' lang='lat' dir='ltr'><strong>nee</strong></span> <span class='ocrx_word' id='word_1_431' title='bbox 793 3873 889 3920; x_wconf 89' lang='lat' dir='ltr'><strong>tamen</strong></span> <span class='ocrx_word' id='word_1_432' title='bbox 903 3882 920 3920; x_wconf 93' lang='lat' dir='ltr'><strong>a</strong></span> <span class='ocrx_word' id='word_1_433' title='bbox 933 3882 1031 3919; x_wconf 89' lang='lat' dir='ltr'><strong>rerum</strong></span> <span class='ocrx_word' id='word_1_434' title='bbox 1044 3860 1128 3918; x_wconf 79' lang='lat' dir='ltr'><strong>ordine</strong></span> 
     </span>
    </p>
   </div>
   <div class='ocr_carea' id='block_1_7' title="bbox 0 0 1186 4320">
    <p class='ocr_par' dir='ltr' id='par_1_8' title="bbox 0 0 1186 4320">
     <span class='ocr_line' id='line_1_45' title="bbox 0 0 1186 4320; baseline 0 0"><span class='ocrx_word' id='word_1_435' title='bbox 0 0 1186 4320; x_wconf 95' lang='lat' dir='ltr'><strong> </strong></span> 
     </span>
    </p>
   </div>
  </div>
 </body>
</html>
