2362 4314
126 229 188 288 eoo
328 205 333 212 “
356 217 459 308 orm
480 215 673 278 svaran
695 191 945 278 nvevsrmr

1106 339 1158 398 uui

127 371 228 456 itaque
242 375 360 454 quidam
371 375 450 432 vitae
463 370 582 444 modus,
605 387 662 427 nec
675 373 864 444 tammalae,
884 370 964 429 uthis
976 373 1083 449 quani
1096 420 1097 423 η
1112 408 1114 414 ·

126 473 220 535 vunt,
246 459 321 518 nihil
341 459 433 535 prosit
453 456 490 513 ad
508 454 870 533 capessendum'regnum
888 457 1115 534 communitum,

129 541 404 620 eimmosynnrnm,
430 541 534 616 quibus
549 539 638 594 etiam
656 539 808 595 iustorum
823 550 992 596 sustentatur
1002 534 1087 632 inam}
1106 587 1110 602 ,
1125 593 1128 605 ,
1143 551 1158 618 ,ἦ

128 632 207 689 fiunt
219 629 306 686 auraici
319 627 371 702 qui
383 627 415 681 in
427 623 618 680 tabernacula
630 630 753 694 aeterna
777 625 953 699 suscipiant3
974 621 1087 686 sesua
1106 589 1158 688 iifl*

131 733 205 785 nae,
231 720 264 768 ut
276 709 314 766 ad
327 718 438 766 tantam
451 705 661 764 beatitudinem
674 703 898 780 adipiscendam
911 710 950 763 eis
962 696 1083 783 ipsauffl'
1107 687 1157 746 ω’

131 799 192 855 nisi
207 813 309 852 corum
321 793 434 849 meritis
445 808 520 866 quos
535 791 644 846 amicos
656 789 802 862 fecerint,
830 791 1079 847 misericordium
1102 771 1158 866 Μ

132 859 271 956 quentur.
303 872 417 962 (Mirari
436 883 534 931 autem
553 875 632 930 soleo
645 875 734 929 etiam
752 874 832 949 apud
845 873 994 954 Virgilium
1004 869 1078 929 nub
1101 867 1104 918 ἕ

132 965 206 1019 mini
219 961 341 1035 reperiri
352 959 550 1029 sententiam,
562 957 613 1013 ubi
626 958 683 1013 ait:
696 954 806 1020 Facite
818 958 902 1016 vobis
915 960 1011 1015 emicet
1020 957 1081 1014 tem
1114 1003 1116 1014 .

27 1083 34 1090 -
132 1065 218 1102 mona
236 1039 421 1120 iniquitatis,
448 1051 483 1098 ut
502 1050 532 1099 et
551 1041 612 1119 epm
631 1041 785 1118 recipiant
801 1059 854 1099 eoa
874 1037 1085 1099 inteteriora
1116 1085 1118 1098 .

133 1140 229 1194 terne.
250 1125 340 1182 Cuius
354 1134 385 1181 et
399 1127 450 1182 illa
463 1126 625 1184 simillima:
642 1122 704 1193 Qut
713 1127 828 1202 recipit
834 1121 1089 1204 prophetantium
1131 1129 1135 1160 ²

125 1209 308 1294 prophetoe,
321 1210 483 1266 mercedem
488 1206 658 1286 prophetae
671 1194 817 1284 (accipiet,¹
835 1219 866 1266 et
880 1212 932 1286 qai
943 1208 1091 1286 recipitirtn
1123 1253 1126 1267 ,
1156 1262 1158 1284 3

75 1361 77 1368 Ι
133 1294 297 1350 innomine
321 1294 409 1360 iusti,
435 1293 595 1349 mercedem
616 1293 692 1366 iusti
711 1293 853 1368 decutiet.
890 1292 964 1349 Nam
977 1285 1093 1364 cumElp't
1113 1265 1158 1352 im

133 1393 249 1448 campos
262 1380 349 1450 poeta
362 1376 412 1432 ilie
426 1375 620 1446 describeret,
646 1373 697 1430 ubi
709 1383 818 1449 putant
829 1373 962 1432 habitare
977 1351 1158 1450 sumsisti*

112 1515 114 1520 ,
132 1468 245 1532 torum,
271 1477 333 1516 non
354 1460 450 1516 solum
466 1459 508 1514 ibi
522 1459 620 1534 posuit
632 1475 682 1514 eos
690 1497 700 1528 ,
726 1459 779 1532 qui
791 1461 921 1534 propriis
934 1453 1097 1516 meritisoiib
1108 1433 1158 1530 ,ω

133 1542 218 1598 sedes
232 1543 389 1618 peruenire
400 1551 576 1618 potueruut,
590 1540 641 1598 sed
653 1541 771 1613 adiecit,
786 1551 878 1618 atque
891 1546 946 1601 ait:
1120 1517 1158 1562 m

219 1629 333 1703 Quique
348 1628 394 1683 sui
407 1645 557 1683 memores·
569 1626 641 1683 alios
656 1624 753 1682 fecere
767 1626 927 1698 merendo,

118 1708 165 1772 xid
178 1719 235 1782 est,
249 1713 300 1788 qui
312 1720 535 1787 promeruerunt
544 1711 628 1781 alios,
642 1727 751 1785 eosque
765 1711 813 1766 sui
824 1729 968 1768 memores
980 1699 1105 1802 proutnrff
1148 1757 1152 1768 .

134 1794 279 1851 iecerunt.
325 1793 451 1851 Prorsus
465 1803 604 1870 tanquam
623 1793 666 1849 eis
688 1792 823 1851 dicerent
843 1789 996 1870 [diceret],
1018 1785 1107 1868 quodi}
1134 1837 1138 1848 .

134 1888 294 1953 quentutur
308 1897 359 1934 ore
373 1876 557 1949 Christiano,
587 1896 653 1934 eum
676 1895 707 1932 se
732 1878 843 1954 cuique
866 1890 1027 1936 sanctorum

135 1963 259 2037 quisque
272 1961 469 2033 commendat,
483 1971 514 2017 ct
526 1961 614 2034 dicit,
627 1959 740 2018 Memor
750 1964 811 2019 mei
825 1971 905 2020 esto:
919 1973 1002 2038 atque
1013 1971 1041 2018 ut
1049 1957 1107 2014 idest
1126 1987 1127 1990 =

133 2047 242 2119 possit,
256 2046 449 2121 promerendo
469 2041 576 2124 efficit.)
620 2043 678 2102 Sed
698 2046 764 2120 quis
785 2047 844 2102 iste
863 2049 904 2102 sit
915 2047 1024 2116 modus,
1046 2051 1109 2114 etp*
1133 2059 1138 2074 ·

135 2131 196 2184 sint
209 2131 273 2204 ipsa
286 2139 421 2203 peccata,
442 2147 516 2206 quae
528 2130 571 2186 ita
583 2127 745 2204 impediunt
756 2132 982 2204 perventionem
993 2129 1026 2186 ad
1040 2137 1110 2202 regri!

134 2211 203 2280 Dei,
217 2221 250 2268 ut
260 2222 358 2268 tamen
370 2207 540 2290 iunctorum
549 2215 709 2274 amicorum
719 2214 841 2288 meritisj
849 2214 1007 2289 impetrent
1017 2211 1110 2284 inrupi·

132 2296 220 2365 tiam,
234 2293 437 2352 difficillimum
452 2305 498 2352 est
510 2298 659 2368 invenire,
669 2298 953 2370 periculosissimum
966 2287 1110 2363 defimetp

134 2388 214 2434 certe
227 2395 320 2454 usque
334 2379 370 2435 ad
383 2377 439 2436 hoc
452 2381 565 2454 tempus
581 2400 646 2438 cum
669 2379 738 2448 inde
762 2390 933 2459 satagerem
951 2381 987 2438 ad
1006 2373 1109 2436 corruit

133 2461 445 2539 daginom'pervenire
458 2461 520 2519 non
533 2467 625 2539 potui.
646 2463 686 2521 Et
699 2463 834 2520 fortassis
847 2475 1003 2540 propterea
1013 2466 1116 2532 latent!
1147 2507 1153 2520 .

133 2545 263 2602 studium
274 2547 447 2622 proficiendi
459 2547 496 2602 ad
508 2550 607 2604 omnia
617 2556 738 2623 peccata
751 2547 885 2604 cavenda
897 2551 1044 2627 pigrescat·
1073 2531 1116 2608 0¹⁸*

132 2631 213 2685 niam
227 2632 252 2686 si
266 2633 414 2688 scirentur
427 2625 562 2706 quaeve!
575 2634 671 2708 qualia
684 2633 745 2689 tint
757 2632 881 2703 delicta'3
904 2652 958 2708 pro
972 2633 1061 2709 quibus
1088 2625 1093 2638 '

41 2768 44 2773 .
131 2715 372 2789 permanentibus
391 2733 447 2772 nce
460 2713 683 2789 profectuvitae
696 2717 828 2772 urclioris
843 2716 988 2773 absumtis
1001 2719 1054 2772 inte
1117 2719 1119 2736 ²

132 2799 173 2864 sit
185 2798 360 2872 inquirenda
374 2808 405 2854 et
418 2798 563 2874 speranda
576 2801 738 2870 iustorum,
766 2800 809 2855 eis
832 2818 939 2857 secura
957 2819 989 2856 se
1006 2761 1119 2886 obvolvat?
1138 2749 1158 2816 h

132 2879 261 2938 humana
280 2884 441 2960 segnities,
468 2901 524 2939 nec
542 2885 637 2966 evolvi
652 2884 757 2940 talibus
769 2884 997 2957 implicamentis
1009 2883 1116 2939 ullium

132 2967 206 3021 tutis
230 2966 417 3039 expeditione
441 2977 575 3038 curaret,
602 2967 654 3024 scd
667 2967 867 3024 tantummodo
883 2977 1034 3044 quaereret
1044 2964 1117 3020 alin!
1156 2989 1158 3002 ·

131 3049 245 3104 meritis
259 3051 391 3120 liberari,
408 3069 480 3125 quos
494 3052 674 3110 amicos'sibi
687 3050 722 3106 de
735 3067 902 3106 mammona
915 3050 1066 3128 iniquitatis
1075 3043 1119 3098 dt*

132 3125 322 3208 mosynarum
335 3135 495 3212 largitione
508 3134 638 3190 fecisset.
660 3133 748 3191 Nunc
761 3151 834 3191 vcro
847 3135 917 3191 dum
925 3136 1043 3192 venialia
1054 3127 1117 3198 init*
1150 3175 1153 3184 .

131 3216 213 3287 tatis,
230 3219 357 3275 etiamsi
371 3217 551 3293 perseveret,
565 3220 719 3296 ignoratur
732 3216 848 3289 modus,
864 3218 994 3293 profecto
1005 3209 1118 3272 cestui!

68 3351 73 3368 ,
131 3299 164 3354 in
178 3303 297 3356 meliora
311 3302 481 3377 proficiendi
500 3303 628 3358 orationi
650 3300 785 3358 instando
808 3304 984 3380 vigilantius
1008 3297 1132 3362 adhibebit„

24 3397 28 3404 ·
130 3391 162 3438 ct
174 3382 303 3440 faciendi
317 3385 353 3440 dc
365 3404 531 3442 mammona
554 3382 720 3461 iniquitatis
745 3393 864 3442 sanctos
887 3389 994 3443 amicos
1016 3397 1073 3440 cura
1086 3383 1133 3430 Μ’

72 3475 76 3484 ’
131 3469 292 3541 spernitur.
400 3481 412 3528 ζ
764 3495 775 3523 ι
1105 3533 1112 3550 ,

195 3549 305 3606 Verum
318 3553 376 3607 ista
388 3551 530 3610 liberatio
539 3571 612 3629 quae
623 3553 672 3625 fit,
695 3555 759 3611 sive
774 3555 835 3610 suis
850 3555 1010 3630 quibusque
1022 3545 1118 3634 oratiam

130 3631 184 3688 bus
192 3669 211 3704 ‚t
228 3635 290 3690 sive
303 3635 696 3708 intercedentibus'sanctis‚
724 3638 754 3694 id
776 3640 839 3716 agit
859 3647 893 3694 ut
915 3640 947 3694 in
969 3639 1056 3714 ignem
1072 3635 1119 3701 qd*
1149 3682 1158 3728 ι

130 3732 258 3788 quenon
271 3720 406 3774 mittatur.
428 3729 593 3778 aeternum:
618 3740 679 3778 non
700 3731 734 3777 ut
758 3741 823 3777 cum
847 3720 938 3777 fuerit
959 3722 1065 3783 missus,
1083 3705 1122 3782 Ρῦιι

131 3807 394 3875 quantumcunque
417 3813 529 3879 tempus
550 3805 619 3860 inde
642 3814 770 3860 cruatur.
802 3805 879 3862 Nam
893 3815 924 3861 ct
937 3805 977 3859 illi
990 3803 1033 3876 qui
1044 3793 1121 3871 putidi

102 3955 106 3966 χ
131 3880 174 3936 sic
194 3882 420 3962 intelligendum
439 3905 520 3962 esse,
547 3889 780 3966 quodscriptum
793 3900 854 3964 cst,
882 3886 982 3947 afferre
994 3872 1120 3944 cenauit
