2310 4306
101 184 104 188 ’
140 197 203 268 ΒΕ
223 198 448 260 cursura
469 201 549 260 usi
574 153 807 262 clauum.
933 214 991 268 ιιι

295 317 338 408 (ο
360 351 383 407 A
406 349 438 407 r.
480 347 631 411 xcix.
698 403 708 412 „

78 454 157 497 screto
173 445 304 512 [incerta]
320 447 545 512 ninltiplicctione
555 448 708 511 Ecclesiae,
728 466 781 517 qna
792 450 820 502 in
830 450 878 501 boc
889 457 993 504 sacciula

240 515 320 566 nunti
334 516 442 582 reprobi
451 516 597 569 animentur
607 518 706 586 electis.
724 581 726 584 Ι
1003 533 1005 538 ·
1069 525 1071 528 ’

78 621 120 658 roc
134 621 206 679 ergo
220 605 349 680 nialigno
363 603 497 676 saeculo,
521 603 554 662 in
565 604 617 660 'his
638 605 739 668 dicbus
753 607 852 682 malis,
879 605 992 680 ubipor

78 665 148 740 ulem
168 695 355 759 praesentem
378 687 506 742 futuram
530 697 677 762 comparet
694 688 828 757 Ecclesia
845 689 992 744 celsitudi-

78 787 81 819 r
93 769 229 824 timorum
244 769 385 838 stimulis,
409 767 544 826 dolorum
556 772 730 842 tormentis,
755 762 885 828 laborum
899 773 992 824 molo·

78 851 244 916 atationum
255 852 393 924 periculis
407 852 550 923 eruditur,
565 854 627 908 solo
641 871 691 926 spe
704 854 851 930 gaudens,
875 854 991 927 quando

78 929 197 1008 gaudet,
210 983 211 986 ,
222 935 306 988 multi
319 934 435 1006 reprobi
448 937 610 990 miscentur
622 935 723 1010 bonis3
750 947 780 994 ct
794 937 910 1010 utrique
925 945 991 990 tan-
1061 955 1069 995 ,·

78 1032 240 1092 usagenam
252 1013 463 1092 Evangelicam
477 1018 671 1093 colliguntur3
697 1028 728 1074 et
746 1021 777 1074 in
796 1017 853 1074 hoc
871 1017 991 1088 arundo,

78 1098 140 1152 nin
153 1099 245 1169 mari,
259 1101 377 1174 utrique
390 1099 498 1154 inclusi
511 1100 620 1156 retibus
635 1100 792 1156 indiscrete
806 1111 925 1170 natant,
939 1101 990 1157 do·
1066 1097 1071 1108 ⁸

78 1181 211 1236 veniatur
224 1180 260 1237 ad
272 1182 371 1251 bitus,
397 1182 447 1237 ubi
464 1184 532 1238 nroli
548 1193 742 1260 segregentur
755 1202 773 1240 a
785 1185 885 1254 bonis,
912 1194 941 1239 et
959 1186 989 1240 in
1031 1179 1033 1184 ’

78 1279 202 1337 anquam
227 1263 388 1338 intemplo
413 1282 477 1336 suo,
500 1267 540 1322 sit
563 1264 643 1320 Deus
669 1268 820 1325 carnia-in
846 1267 991 1322 omnibus.-

78 1364 198 1422 orocem
208 1364 288 1402 nunc
302 1349 488 1424 agnoscimus
508 1350 570 1403 cius
591 1349 722 1421 impleri,
748 1349 804 1424 qui·
816 1350 991 1423 loquebatur
1029 1395 1032 1398 .

78 1447 132 1498 uo,
138 1437 226 1504 atque
240 1428 367 1486 dicebat:
382 1428 576 1497 Annuntiooi,
589 1440 619 1486 et
633 1430 747 1486 locutus
759 1449 832 1499 cunc,
846 1431 989 1508 multipli·
1033 1473 1041 1478 .-

78 1521 99 1568 tt
110 1528 202 1587 super
215 1531 374 1568 numerum.
401 1511 467 1568 Hoc
480 1512 514 1568 fit
528 1531 617 1583 nunc,-
633 1530 671 1567 ex
685 1531 741 1588 quo
754 1515 880 1586 priunum
892 1531 944 1586 per
957 1532 989 1569 os

78 1595 150 1650 soris
164 1595 210 1649 sui
222 1592 358 1662 loannis,
385 1593 505 1678 deinde&¹¹
510 1613 563 1668 per
575 1613 608 1650 os
628 1597 777 1669 proprium
791 1596 988 1665 annuntiavit,

78 1685 119 1732 tus
145 1684 206 1750 est,
233 1677 349 1734 dicens:
376 1676 465 1752 Agite
485 1679 713 1755 poenitentiam,
739 1676 991 1754 appropinquavit

78 1776 171 1835 *gnum
188 1760 347 1816 nodorum.
381 1759 483 1837 Elegit
503 1760 671 1833 discipulos,
694 1779 767 1834 quos
793 1768 822 1826 et
834 1759 989 1833 Apostolus

78 1843 126 1912 rit,
154 1840 305 1898 humiliter
318 1852 414 1913 natos,
440 1843 642 1914 inhonoratos,
662 1844 832 1912 illiteratos3
858 1850 891 1912 ut
904 1843 987 1916 quic·
1074 1859 1076 1862 ·

78 1943 183 2001 sgnum
204 1934 307 1981 essent.
320 1935 350 1981 et
366 1925 521 2008 facerent,
536 1927 598 1999 ipse
616 1927 648 1981 in
659 1927 710 1981 ,eis
732 1934 810 1980 esset
822 1933 853 1979 et
865 1925 986 1984 faceret.
1044 1973 1047 1981 l

78 2009 155 2063 inter
168 2025 218 2063 eos
231 2015 337 2078 nunni,
357 2025 413 2082 quo
429 2011 504 2086 nralo
519 2018 605 2064 utens
619 2009 704 2076 bene,
720 2017 749 2063 et
762 2026 831 2066 sune
844 2008 988 2082 passionis

78 2109 124 2146 um
143 2091 293 2164 inspiciet,
319 2100 349 2146 et
361 2090 514 2162 Ecclesiae
528 2101 598 2146 suae
613 2090 831 2147 tolerandorum
844 2092 987 2156 naulorum

78 2180 103 2228 et
120 2175 294 2246 exemplum.
327 2171 493 2244 Seminato,
521 2184 663 2249 quantum
682 2191 735 2246 pcr
749 2175 812 2229 eius
833 2173 988 2245 oportebat

78 2257 147 2312 tium
160 2258 350 2329 corporalem,
365 2266 466 2312 sancto
479 2256 654 2332 Evangelio,
668 2275 769 2330 passus
786 2265 841 2327 est,
854 2265 986 2312 mortuns

78 2339 195 2396 stroxit:
216 2341 352 2411 passione
366 2337 524 2410 ostendens
538 2338 610 2412 quid
623 2341 770 2396 sustinere
783 2337 985 2412 proceritate,

78 2421 165 2475 =tione
181 2419 251 2494 quid
265 2433 381 2495 sperare
392 2423 422 2476 in
435 2423 610 2476 aeternitate
623 2419 793 2492 debeamus3
808 2415 930 2494 excepta
944 2422 986 2476 ul*

88 2501 289 2574 Sacramenti‚
309 2522 365 2577 quc
378 2504 500 2579 sanguis
515 2504 577 2558 eius
591 2504 623 2556 in
636 2503 838 2557 remissionem
850 2512 985 2577 peccato·
1003 2555 1014 2574 l

78 2603 108 2639 us
122 2595 176 2640 est.
219 2585 416 2642 Conversatus
435 2589 481 2640 est
493 2585 524 2640 in
539 2594 617 2640 terra
636 2583 831 2658 quadraginta
845 2585 906 2640 dies
921 2604 985 2640 cum
1048 2623 1052 2628 »

78 2669 99 2722 is
113 2669 191 2737 suis,
215 2670 387 2742 atqueipsis
400 2667 569 2730 ridentibus
582 2665 735 2738 adscendit
753 2666 784 2720 in
798 2668 926 2737 coelum,
955 2675 987 2721 ct
1047 2699 1050 2702 -

78 2768 88 2804 s
102 2748 202 2804 deceris
215 2752 296 2806 misit
307 2742 482 2825 promissum
492 2747 638 2824 Spiritum¹
647 2758 777 2802 sanetum
792 2746 896 2822 [patris
907 2750 983 2823 buil:

78 2833 192 2894 micatis
210 2834 241 2890 in
263 2851 312 2890 eos
331 2835 382 2907 qui
400 2831 599 2900 crediderant,
631 2840 702 2886 tunc
715 2831 832 2906 signum
846 2839 909 2884 erat
921 2849 984 2885 mc-

78 2923 103 2970 et
114 2917 242 2970 maxime
256 2917 470 2985 necessarium,
490 2925 529 2970 ¹ut
544 2915 742 2986 unusquisque
757 2907 858 2968 eorum
871 2912 983 2986 linguis

80 2998 225 3074 gentium
237 3001 420 3073 loqueretur:
448 3001 488 3053 ito
508 2995 681 3074 significans
699 2996 842 3050 unitatem
861 2991 983 3048 catholi-

78 3081 163 3135 lesice
176 3098 228 3152 per
242 3099 342 3138 carnes
358 3089 462 3158 gentes
476 3079 620 3149 futuram,
646 3096 680 3134 ac
693 3078 740 3132 sic
758 3076 868 3153 linguis
889 3077 983 3132 omni-

78 3171 185 3218 ‚turam
214 3235 216 3238 Ι
308 3201 320 3218 η.

346 3237 648 3304 -ΟΑΡ.Ἰ,..Ν

78 3342 203 3395 &ctione
212 3339 367 3410 Evangelii,
378 3355 445 3406 quoe
452 3355 503 3407 per
510 3339 649 3404 passiones
655 3335 873 3407 praedicentium
883 3336 985 3390 clarior

128 3409 138 3415 ’
303 3407 624 3479 etpotcntiorfactnest.

78 3498 128 3556 ude
141 3497 303 3556 secundum
316 3499 397 3554 illam
409 3495 606 3572 prophetiam,
633 3493 682 3550 Ec
694 3490 765 3548 Sion
779 3491 836 3546 ne
846 3491 984 3566 prodiet,

78 3601 109 3638 :m
119 3581 293 3640 Dementes
306 3577 513 3646 Hierusalem:
541 3587 571 3634 et
584 3575 742 3632 secundnm
757 3574 848 3645 ipsius
862 3571 985 3632 Domini
1072 3643 1076 3647 ,

78 3661 237 3738 praedicta,
263 3663 312 3718 ubi
326 3671 392 3736 post
404 3661 651 3716 resurrectionem
664 3655 845 3727 stupentibus
860 3673 925 3710 euni
939 3656 984 3713 di·
1051 3721 1052 3724 Ἴ

78 3748 140 3803 uuis
155 3747 276 3822 aperuit
289 3751 414 3812 sensnm,
434 3753 468 3799 nt
481 3741 681 3814 intelligerent
695 3736 885 3811 Scriptores,
894 3748 925 3794 et
940 3742 985 3796 di.

100 3827 248 3899 Quoniam
261 3829 304 3884 εἰσ
317 3825 465 3903 scr-ictum
476 3834 546 3901 est,
560 3833 589 3878 et
602 3823 646 3877 aio
663 3817 818 3896 oportebat
836 3816 984 3878 Cbrislnrn
1053 3873 1058 3878 .
