2362 4314
173 241 232 300 or
255 241 477 302 crrrrorc
499 241 575 302 om
609 243 687 307 cre.
710 209 807 303 x'xr.
946 232 1008 305 aaa
1096 251 1097 254 ¹
1126 319 1134 336 „

26 398 62 468 is
78 394 213 467 cruditi,
238 395 456 454 mundationem
479 405 507 452 et
528 399 614 474 regni
635 399 783 458 coelorum
796 397 1008 456 beatitudinem

43 482 266 556 qualiacunque
280 490 310 536 et
327 490 553 556 quantacunque
571 482 731 555 supplicia,
757 481 1006 558 qualibuscunque
1096 495 1099 508 ’

26 563 577 661 uantiscunqueangelisinviderunt:
603 563 654 620 scd
671 565 1007 656 potiusvidcruntdivi-
1052 597 1055 611 ·
1131 575 1141 642 's

26 671 35 703 ι
49 648 177 704 vacuari
190 649 237 704 vel
250 648 393 705 infirmari
407 665 466 703 non
481 665 566 722 posse
580 649 772 719 sententiam,
802 667 889 724 quam
902 667 934 704 sc
947 648 1009 707 Do·
1054 653 1055 656 ’

26 747 69 786 us
83 732 305 806 praenuntiavit
315 732 345 786 in
356 729 463 785 iudicio
474 733 653 804 prolaturum
667 740 753 806 atque
767 731 923 803 dicturum,
937 731 1050 789 Dis-

26 814 73 871 lte.
84 834 104 870 a
118 833 162 870 me
175 814 355 871 maledicti
343 833 373 870 ιιι
387 816 483 888 ignem
498 825 661 884 noter-num,
679 833 729 891 qur
725 817 870 892 paratus
885 826 931 872 est
945 817 1011 873 dia-
1041 843 1048 886 ι

45 909 79 954 et
92 896 210 972 angelis
224 898 295 955 cius.
325 895 376 953 Sic
390 897 494 971 quippe
507 897 634 958 ostendit
647 908 767 954 aeterno
780 899 851 976 igne
866 899 1011 956 diabolum

27 983 141 1058 ngelos
157 983 220 1036 eius
234 999 363 1037 arsuros
397 978 437 1035 Et
456 979 532 1078 quod
553 983 692 1078 scrip-tum
711 991 755 1038 cst
774 983 807 1038 in
821 983 1010 1081 Apocalypsi:

26 1063 122 1122 stolae
135 1083 186 1141 qur
181 1065 429 1133 seducebamur,
443 1067 548 1119 missus
563 1076 607 1121 est
621 1066 651 1118 ιἰι
664 1068 828 1140 stagnum
815 1069 895 1142 agnis
909 1076 938 1124 et
950 1067 1011 1124 sul-

26 1149 95 1218 ria,
117 1167 176 1248 pao
191 1158 221 1205 et
234 1147 311 1212 best
284 1159 329 1212 tau
347 1157 377 1204 et
393 1137 670 1230 pseudopropheta
695 1157 724 1203 ct
738 1149 950 1206 cruciabuntur·
964 1149 1026 1206 dio
1071 1165 1072 1170 ’

26 1233 123 1288 noete‘
124 1233 154 1287 in
168 1230 289 1288 soeculo
302 1209 494 1288 soeculorum.
515 1230 601 1297 Quod
613 1229 655 1286 ibi
668 1229 777 1288 dictum
790 1241 836 1287 est
848 1234 1011 1302 oeternum,
1087 1251 1089 1258 ι

36 1310 148 1370 dictum
163 1316 234 1369 est
222 1333 252 1369 ιιι
265 1313 385 1370 saeculo
399 1313 600 1370 soeculorum:
614 1313 718 1390 quibus
730 1314 827 1371 verbis
841 1315 914 1371 nihil
929 1315 1011 1372 Scri-

26 1408 64 1450 ra
76 1398 174 1454 divina
188 1396 356 1474 significare
369 1389 535 1467 consuevit,
562 1399 621 1454 nisi
642 1397 720 1474 quod
740 1398 830 1455 finem
846 1416 907 1454 non
925 1397 1026 1472 habet,

26 1482 125 1551 [poris.
149 1481 342 1548 Quamobrem
352 1497 473 1554 prorsus
488 1498 542 1536 nec
554 1482 610 1536 alia
623 1499 721 1552 causa,
736 1501 791 1537 noc
805 1483 910 1538 iustior
923 1492 1012 1558 atque
1052 1520 1056 1530 ·

26 1575 61 1618 m
26 1563 161 1620 milestior
175 1565 417 1639 inveniripotest,
431 1565 646 1620 curverissima
654 1566 762 1638 pictate
773 1575 910 1622 teneatur
921 1565 1018 1622 fixum
1054 1631 1055 1634 Ἰ

26 1641 189 1719 inarabile,
210 1649 323 1703 nullum
334 1665 503 1725 regressum
516 1647 552 1702 ad
564 1649 710 1706 iustitiam
723 1651 872 1724 vitamque
893 1657 1011 1705 sancto-

26 1742 49 1783 ι
64 1731 205 1787 diabolum
227 1740 257 1786 et
274 1733 395 1808 angelos
416 1731 478 1786 eius
495 1729 662 1804 habituros,
689 1733 747 1788 nisi
769 1735 845 1812 quia
850 1730 1012 1809 Scriptura,
1063 1783 1064 1786 ,

26 1831 214 1871 cnommcm
228 1814 318 1885 fallit
341 1814 453 1871 dicit
428 1833 470 1870 crs
483 1813 580 1871 Deum
593 1835 653 1871 non
654 1819 851 1892 pepercisse,
879 1825 908 1872 et
921 1834 963 1871 arc
977 1816 1013 1872 ab
1091 1855 1094 1874 .
1140 1855 1141 1862 ι

47 1915 106 1953 esse
125 1900 245 1954 iuterim
261 1897 501 1972 praedamnatos,
527 1907 560 1953 ut
581 1901 747 1978 cqrceribus
769 1901 904 1977 caliginis
923 1899 1014 1956 inferi

26 1973 116 2055 t'orni]
130 1983 239 2037 retrusi
252 1981 440 2046 traderentur
452 1981 600 2054 servandi,
622 1993 708 2060 atquc
721 1985 823 2039 ultimo
837 1983 946 2039 iudicio
960 2003 1013 2057 pu-

26 2064 100 2136 ndi,
105 2064 219 2142 quando
234 2083 282 2120 cos
296 2076 434 2122 aeternus
448 2067 537 2143 ignis
534 2068 679 2141 accipiet,
695 2067 745 2124 ubi
758 2067 990 2126 cruciabuntur
981 2086 1014 2124 m

26 2149 95 2204 cula
108 2151 299 2205 saeculorum.
316 2148 438 2215 Quod
415 2168 441 2204 sr
454 2151 496 2204 ita
510 2156 564 2222 est,
579 2151 724 2226 quomodo
737 2151 771 2206 ab
787 2149 871 2206 huius
886 2151 1014 2206 aeterni·
1044 2219 1046 2224 ι

26 2243 177 2303 εροοιιιιε,
194 2234 243 2288 vel
256 2233 398 2303 universi,
422 2234 471 2289 rel
482 2231 598 2307 quidam
610 2233 742 2291 homines
756 2243 823 2309 post
836 2236 1014 2311 quantumli-

47 2318 180 2390 temporis
194 2315 275 2370 subtr
276 2313 411 2386 abeatur,
426 2333 459 2370 ao
472 2333 532 2371 non
547 2319 644 2380 statim
659 2319 847 2375 enervabitur
860 2317 945 2396 fides,
959 2337 1016 2394 qua

26 2391 106 2454 litor
118 2398 327 2473 sempiternum
340 2397 514 2454 daemonum
528 2398 661 2455 futurum
676 2419 740 2456 esse
755 2393 946 2500 supplicium?
981 2400 1015 2458 si

26 2497 60 2538 m
76 2483 180 2580 quibus
194 2480 317 2553 dicetur,
338 2480 493 2550 Discedite
507 2500 526 2537 a
539 2499 584 2538 me
595 2482 772 2562 maledicti
760 2503 791 2538 m
805 2487 900 2558 ignem
915 2495 1014 2542 aeter·-

26 2581 65 2634 2,
84 2585 133 2642 qut
129 2568 276 2643 paratus
290 2576 334 2622 cat
348 2565 463 2622 diabolo
484 2575 514 2622 et
527 2564 641 2640 angelis
660 2567 738 2635 eius,
762 2569 811 2622 vel
823 2568 957 2623 universi
948 2569 1016 2624 vel

30 2651 184 2704 uicorum
197 2633 556 2724 nonsempieribierunt3
575 2647 653 2724 quid
673 2667 776 2704 causae
791 2658 835 2704 est
849 2668 901 2704 cur
915 2649 1015 2708 drabo
1084 2645 1091 2659 ¹

26 2742 68 2788 et
81 2734 180 2810 angeli
194 2732 257 2788 eius
277 2749 392 2804 semper
409 2732 451 2788 ibi
469 2729 561 2788 futuri
580 2749 645 2787 esse
665 2729 839 2789 credantur?
874 2733 921 2790 An
939 2733 1015 2790 forte

52 2817 210 2887 sententie,
234 2814 354 2891 quaein
367 2817 457 2871 malos
472 2824 503 2870 et
516 2816 637 2892 angelos
652 2823 681 2871 et
693 2813 825 2878 homines
839 2817 1016 2915 proferetur,

26 2902 154 2978 angelos
173 2917 244 2956 vera
258 2900 330 2972 erit,
353 2896 530 2955 inhomines
544 2895 635 2954 falsal
670 2896 715 2954 lta
715 2901 813 2978 plane
826 2900 881 2957 hoc
895 2902 968 2971 erit,
990 2902 1017 2956 si

26 2984 131 3058 quod
145 2982 228 3039 Deus
244 2983 334 3055 dixit,
358 2981 410 3038 sed
423 2980 500 3058 quod
518 2983 705 3056 suspicantur
715 2957 848 3040 immines
861 2985 925 3058 plus
936 2984 1017 3040 vale-

67 3067 150 3135 Quod
173 3067 239 3144 ficri
263 3069 333 3142 quia
354 3085 417 3124 non
439 3075 551 3140 potest,
578 3083 640 3122 non
658 3069 860 3144 argumentari
878 3067 1018 3125 adversus

26 3162 87 3222 uu,
102 3151 153 3207 sed
166 3150 268 3207 divino
281 3152 389 3225 potius,
403 3149 471 3205 dum
484 3158 595 3224 tempus
610 3147 675 3226 est,
695 3150 802 3208 debent
815 3170 922 3226 parere
932 3169 1017 3225 prae·
1050 3161 1051 3164 ’

26 3235 80 3306 bo,
108 3235 158 3310 qui
171 3235 349 3308 sempiterno
364 3235 485 3308 cupiunt
498 3251 598 3288 carere
613 3235 763 3308 supplicio.
799 3233 916 3290 Deinde
931 3237 1018 3309 quale

28 3328 194 3377 aeternum
212 3317 383 3392 supplicium
402 3336 455 3391 pro
467 3318 538 3395 igne
552 3316 684 3374 diuturni
699 3319 838 3392 temporis
853 3317 938 3394 [non]
954 3319 1018 3373 exi-

26 3413 116 3472 lare,
131 3411 171 3457 ¹et
187 3402 278 3458 vitam
300 3408 450 3458 aeternam
472 3399 591 3456 credere
612 3401 676 3455 sine
698 3401 772 3472 fine,
797 3409 861 3457 cum
885 3400 1019 3458 Christus
1108 3403 1109 3412 ’

26 3499 83 3541 em
97 3487 160 3559 ipso
173 3487 256 3555 loco,
283 3485 315 3546 in
327 3501 387 3541 una
399 3483 558 3558 eademque
576 3485 723 3539 sententia
737 3484 847 3541 dixerit
860 3494 1017 3560 utrumque

26 3571 166 3642 apteras,
192 3565 244 3624 Sia
257 3567 340 3624 ibant
353 3568 409 3622 isti
424 3568 454 3622 ia
468 3567 644 3644 supplicium
657 3574 820 3638 oeternum,
835 3571 908 3625 iusti
921 3579 1020 3625 autem
1114 3625 1117 3632 ,

26 3654 120 3708 ’itu-m
134 3648 307 3709 aeternam?
321 3649 354 3706 si
366 3659 518 3736 utrumque
529 3659 690 3720 aeternum,
702 3650 834 3724 profecto
844 3661 894 3707 aut
906 3660 1021 3707 utrum-

53 3754 119 3792 eum
134 3734 193 3790 fine
206 3732 392 3803 diuturnum,
420 3743 470 3790 aut
488 3725 642 3808 utrumque
660 3733 726 3789 sine
745 3745 918 3811 perpetuum
937 3733 1022 3790 debet
1067 3761 1069 3766 v

26 3818 122 3895 fingi.
136 3817 205 3874 Pari
219 3818 297 3872 enim
310 3817 403 3872 relata
416 3825 495 3915 sunt,
509 3815 578 3871 hinc
592 3818 764 3891 supplicium
778 3828 939 3891 aeternum,
952 3818 1022 3874 inde

26 3914 36 3948 t
56 3911 189 3959 aeterua.
224 3897 331 3958 Dicere
344 3909 442 3958 autem
454 3901 487 3958 in
504 3898 561 3957 hoc
573 3918 633 3958 auo
651 3900 808 3981 eodemque
823 3921 928 4002 sensu,
953 3901 1023 3966 lita

26 3975 70 4044 ld.
236 4051 237 4054 Ἴ
358 4047 361 4064 ἡ
704 3987 730 4045 Ζ

397 4095 403 4120 l
