2340 4312
546 65 549 69 ,
644 40 652 66 l
697 59 701 66 .

87 259 92 290 t
132 228 172 281 m
343 197 459 280 'orvr
479 212 666 308 nunuuu
685 211 945 274 svovsrnu

112 319 121 332 ²
303 333 306 340 ’
508 338 786 428 θυμω.

181 487 183 492 ·
225 465 266 520 Dc
276 465 476 537 significatione
486 481 553 534 qrtae
563 465 593 517 ia
603 464 697 518 Enoch
707 463 889 516 translatione
899 467 1062 516 monstratur.
1125 492 1126 495 =

192 557 268 613 Nam
283 565 312 611 ct
325 559 380 612 ista
394 573 533 632 propago,
550 556 631 609 cuius
647 563 690 607 cst
702 542 784 626 poter
798 551 889 624 Seth,
904 554 936 608 in
951 571 984 607 ea
996 550 1125 626 generatim
1138 542 1144 557 ”

131 659 169 697 ne
181 639 269 694 habet
280 639 470 694 dedicationis
486 655 606 706 nomen,
626 651 699 709 quae
713 635 837 706 septima
851 645 895 689 est
909 635 944 689 ab
958 634 1050 701 Adam,
1062 625 1126 685 aursi
1141 621 1166 638 μ

130 733 242 780 merato
255 721 354 776 Adam.
378 719 523 793 Septimus
538 721 615 773 euim
630 717 665 771 ab
680 719 728 770 illo
743 726 829 784 natus
846 726 891 772 est
903 716 1014 786 Enoch,
1027 711 1124 788 quodi
1139 712 1150 723 ’

44 831 47 836 ·
131 811 308 879 terpretatur
322 803 472 874 dedicatio.
500 800 558 856 Sed
573 803 634 874 ipse
648 806 693 852 est
706 799 755 876 illc
769 801 943 868 translatus,
957 799 1097 872 quoniamp
1117 800 1120 803 ’

133 891 193 944 cuit
206 887 285 954 Deo,
308 895 337 938 et
350 885 463 959 insigni
476 901 597 938 numero
613 884 644 936 in
659 879 760 935 ordine
775 885 1011 958 generationum,
1030 897 1075 954 quo
1086 878 1109 925 ,1
1122 876 1124 879 ’
1141 882 1154 893 “

132 971 228 1026 hatum
243 976 445 1021 consecratum
459 973 514 1034 est,
529 966 651 1037 septimo
666 964 779 1018 scilicet
792 963 826 1018 ab
842 965 945 1019 Adam.
981 962 1022 1018 hb
1036 964 1124 1035 ipsos
1139 962 1141 971 ”

45 1109 49 1118 ,
132 1062 190 1107 tem
203 1059 285 1121 patre
299 1050 419 1104 istarum
432 1049 667 1124 generationum,
683 1064 755 1119 quae
765 1045 974 1122 discernuntur
984 1064 1000 1100 a
1009 1041 1121 1118 propagl,
1145 1050 1152 1051 ’

132 1133 221 1203 Cain,
239 1131 348 1200 idest,
368 1128 470 1186 aScth
485 1140 587 1184 sextus
602 1138 661 1183 est:
684 1138 771 1204 quoto
786 1126 833 1182 die
848 1129 943 1184 factus
958 1139 1002 1182 est
1015 1125 1094 1193 houm,
1112 1154 1123 1167 ν

134 1214 346 1271 consummavit
358 1211 438 1268 Dcus
452 1214 550 1267 onmia
564 1229 652 1285 opera
666 1229 726 1265 sua.
755 1209 815 1265 Sed
827 1209 914 1265 huius
929 1207 1029 1266 Enoch
1041 1205 1125 1282 mansi
1146 1200 1153 1202 ’

121 1300 174 1353 'tio
190 1305 308 1352 nostrae
322 1295 512 1350 dedicationis
533 1303 577 1348 est
594 1293 790 1368 praefigurata
810 1293 923 1348 dilatio.
952 1295 1031 1359 Quae
1050 1287 1099 1364 quid

132 1382 191 1436 iarn
204 1379 281 1434 facto
295 1388 341 1432 cst
353 1380 384 1432 in
397 1377 513 1443 Christo
527 1379 619 1449 capitc
633 1386 744 1445 nostro,
759 1377 808 1450 qui
822 1375 1048 1444 sic‘resurrexit,
1060 1381 1109 1428 utu

123 1464 273 1518 moriatur
291 1459 438 1532 ulterius,
456 1458 507 1514 sed
525 1461 612 1513 etiarn
630 1460 692 1532 ipse
710 1461 869 1513 translatus
884 1469 945 1516 est:
971 1459 1114 1513 restatau'
1152 1445 1166 1478 ²

133 1548 225 1600 altera
243 1542 386 1598 dedicatio
407 1543 561 1597 universae
575 1540 690 1608 domuc,
717 1543 799 1595 cuius
815 1543 877 1613 ipsc
892 1540 1027 1597 Christus
1041 1547 1078 1593 est
1088 1536 1128 1590 fu
1144 1591 1146 1600 ,

34 1617 36 1624 ’
89 1663 95 1670 ,
133 1627 315 1695 dementum,
332 1644 407 1698 quac
419 1621 552 1679 differtur
566 1625 597 1678 in
610 1623 709 1692 finem,
730 1624 843 1696 quando
859 1626 915 1678 erit
930 1626 1056 1679 omnium
1066 1633 1129 1696 rosor
1144 1611 1166 1644 ²

63 1717 73 1738 ⁸
132 1711 237 1778 rectio,
251 1726 311 1763 uon
325 1709 535 1762 moriturorum
548 1707 679 1778 amplius.
708 1703 778 1760 Sive
793 1703 890 1760 autem
904 1706 1007 1762 domus
1022 1705 1072 1760 Dei
1081 1699 1130 1754 ἀμ»

68 1857 69 1860 ¹
133 1801 193 1862 tur,
216 1793 279 1846 sive
300 1787 523 1863 templumsDch
550 1788 612 1842 sive
624 1785 736 1842 'Civitas
750 1787 817 1857 Dei,
837 1787 966 1863 idipsum
980 1798 1033 1858 est,
1050 1799 1131 1845 ueta

61 1939 63 1944 y
132 1872 264 1929 horret‘a
278 1872 375 1928 Latini
390 1872 498 1945 eloquii
513 1869 732 1948 consuetudine.
748 1869 822 1924 Nam
837 1880 867 1925 ct
879 1869 1022 1948 Virgilius
1035 1865 1121 1942 imperi

58 2003 61 2012 ,
134 1959 279 2014 sissimam
294 1955 440 2009 civitatem
453 1954 573 2024 domum
586 1953 711 2025 appellat
723 1953 885 2024 Assaraci,
904 1953 1054 2009 Romanos
1066 1951 1117 2005 sole
1149 1945 1166 1961 ”

80 2051 87 2070 ⁸
126 2035 272 2118 intelligi,
288 2037 337 2110 qui
352 2035 386 2091 dc
399 2037 541 2091 Assaraco
554 2053 606 2110 per
617 2033 924 2112 Troianosorigincm
938 2035 1060 2104 ducunt,
1073 2028 1132 2091 eth
1151 2044 1152 2049 ’

1158 455 1166 488 l

133 2141 211 2176 mum
225 2121 340 2175 Aeneae
361 2119 476 2173 cosdem
494 2120 591 2192 ipsos,
618 2119 690 2203 quip·
705 2135 739 2171 eo
754 2117 826 2172 duce
841 2117 968 2175 Troiani
982 2137 1046 2173 cum
1058 2103 1124 2172 lul
1154 2101 1166 2144 Ε

134 2204 303 2270 uenissent,
318 2199 352 2253 ab
367 2201 409 2254 eis
424 2201 541 2256 condita
556 2197 715 2255 est'Roma.
743 2195 877 2256 Imitatus
891 2219 1018 2275 namque
1032 2210 1071 2255 est
1081 2199 1132 2271 po'r
1151 2206 1152 2209 ’

40 2317 50 2322 -
120 2286 183 2338 ‘ille
198 2301 295 2338 sacras
308 2283 418 2350 literas,
433 2284 464 2338 in
479 2284 583 2358 quihus
597 2281 706 2338 dicitur
720 2278 1132 2360 bonosiacos-tamiagcns15.
1154 2280 1160 2291 ”

133 2366 220 2441 pulus
233 2363 444 2420 Hebraeorum.
1153 2355 1166 2393 Ἠ

528 2513 648 2573 CAP.
691 2510 779 2571 XX.

133 2607 178 2661 De
188 2626 218 2660 eo
228 2608 299 2677 quod
311 2607 379 2662 Ouia
385 2609 519 2671 'successio
528 2611 558 2663 in
569 2620 627 2662 ecto
638 2611 671 2662 ab
684 2611 769 2662 Adam
778 2608 971 2678 generationes
982 2608 1112 2665 clauditur,
1132 2600 1137 2647 Ϊ
1157 2605 1166 2639 ²

106 2733 112 2738 ,
203 2679 266 2750 ¹ias
273 2679 391 2745 poneris
402 2679 534 2752 abeodem
541 2689 623 2746 putre
633 2678 719 2730 Ardeam
731 2678 792 2730 Noe
802 2680 919 2731 meimet
929 2681 1071 2733 invenitur.
1136 2694 1142 2757 3

197 2764 286 2822 Dicet
302 2769 422 2841 aliquio,
445 2767 479 2823 Si
492 2766 548 2823 hoc
562 2768 733 2823 intendebat
745 2770 873 2840 scriptor
886 2767 977 2825 huius
990 2765 1109 2822 historiae
1132 2794 1136 2801 ι
1155 2782 1159 2791 ⁴

55 2866 57 2870 ’
136 2851 394 2904 commemorandis
412 2851 653 2926 generationibus
673 2869 711 2904 ex
723 2851 815 2906 Adam
832 2869 885 2923 per
902 2851 995 2906 filium
1013 2851 1069 2903 eius
1115 2868 1138 2881 ’κ

133 2937 168 2985 ut
180 2949 233 3004 per
246 2933 310 2985 illas
322 2935 490 3004 perveniret
503 2933 539 2988 ad
553 2933 632 3003 Noe,
655 2934 709 2988 sub
724 2951 782 3008 quo
792 2933 907 2988 laetum
921 2944 968 2988 est
981 2931 1135 2991 dilucium!

135 3030 193 3085 quo
213 3030 315 3078 rursus
334 3015 541 3070 contexeretur
558 3016 629 3070 ordo
641 3017 850 3086 nascentium,
879 3035 937 3089 quo
959 2997 1136 3090 pervenitad
1164 3035 1166 3038 ·

133 3093 293 3164 Abraham,
321 3114 336 3149 a
359 3115 415 3170 quo
434 3096 597 3154 Matthaeus
618 3097 810 3172 Evangelista
828 3100 944 3170 incipit·
958 3094 1133 3174 generationes

134 3177 239 3250 quibus
264 3175 299 3231 ad
317 3176 466 3234 Christum
489 3183 623 3252 pervenit
649 3189 800 3235 aeteruum
819 3179 934 3257 Regem
953 3179 1077 3236 Civitatis
1093 3165 1132 3234 lid

134 3259 203 3332 quid
216 3257 386 3315 intendebat
400 3263 685 3337 ingenerationibus
701 3280 739 3316 ex
753 3260 855 3334 Cain,
869 3252 909 3317 err
928 3282 985 3338 quo
1004 3279 1048 3316 cas
1064 3251 1133 3331 perh

134 3358 202 3394 cere
215 3339 350 3404 volebat?
366 3341 581 3416 Respondetur,
595 3344 692 3421 Vsque
707 3341 743 3398 ad
750 3344 911 3415 diluvium,
926 3364 983 3420 qno
997 3352 1079 3400 totum
1090 3325 1132 3390 illld

134 3439 227 3496 genus
241 3432 376 3495 terrenae
391 3424 527 3480 Civitatis
541 3426 707 3482 absumtum
720 3435 781 3497 est,
808 3427 860 3482 scd
872 3437 1039 3500 reparatum
1052 3440 1081 3476 er
1091 3413 1131 3472 filii!

128 3501 221 3558 'Noun
243 3504 344 3577 Neque
360 3509 438 3562 enim
451 3506 552 3562 deesse
565 3510 674 3582 poterit
687 3507 759 3564 haec
773 3517 893 3566 terrena
906 3509 1015 3567 Civitas
1031 3505 1132 3560 sociem

135 3600 190 3655 quc
216 3583 368 3641 hominum
387 3588 717 3646 secundumhominem
735 3594 900 3648 viventium
926 3611 1018 3666 usquc
1034 3581 1132 3644 ,dhrim

135 3667 245 3718 saeculi
258 3667 346 3722 linem
354 3665 365 3724 ε’
376 3669 410 3724 de
421 3687 477 3742 quo
488 3668 633 3728 Dominus
646 3676 701 3730 ait:
715 3673 790 3730 Filii
800 3674 890 3731 buius
905 3675 1018 3731 soeculi
1027 3663 1133 3744 generati

135 3752 165 3796 et
177 3758 369 3814 generantur.
398 3751 554 3806 Civitatem
567 3773 639 3811 vero
657 3755 714 3811 Dei
731 3760 972 3834 peregrinantem
991 3759 1021 3811 in
1038 3751 1133 3806 hocne

58 3871 62 3876 -
92 3852 98 3856 ·
127 3823 200 3876 1⁰⁰¹⁰
213 3832 397 3900 regsslssratio
411 3833 545 3906 perducit
557 3837 593 3891 ad
612 3840 736 3895 alterum
753 3830 920 3913 soeculum,
945 3841 1026 3896 cuius
1043 3833 1087 3890 filii
1099 3835 1133 3880 ¹1⁶⁶
