2340 4320
159 239 217 292 ιιι
383 226 483 288 οιιι
511 225 698 296 svaran
723 187 980 284 nuovsrnn
1031 263 1033 270 a

157 381 250 441 aliosi
277 382 315 438 Vt
329 381 398 457 quid
412 379 498 437 Titus
513 378 617 436 Tutius
630 377 741 435 addidit
755 376 932 447 Saturnum,
948 375 1060 451 Opem,
1075 375 1157 434 Solen

157 469 285 536 Lunam,
312 465 490 535 Vulcanum,
517 462 640 533 Lucem,
668 472 697 518 et
710 480 902 537 quoscunque
916 463 989 516 aluos
1003 459 1146 532 addrdrt
1138 482 1157 517 ιι

158 562 204 607 ter
218 569 291 625 quos
306 551 394 605 etium
408 549 490 603 deam
503 545 687 643 Cloacinam,
716 546 869 602 Felicitate
884 539 1039 621 neglectui
1066 544 1105 599 Vt
1119 563 1157 619 qu

158 635 253 692 Numa
279 641 322 687 tot
348 631 435 702 deos,
462 640 491 686 et
503 639 548 686 tot
562 628 668 684 deas
644 648 709 685 suno
722 622 798 682 rsta
832 629 879 684 An
893 646 956 682 eam
969 617 1069 683 forte
1061 647 1093 683 ιιι
1106 636 1157 684 tan

158 719 244 774 turba
268 715 367 771 videre
386 732 445 770 non
463 709 578 787 potuiti
605 711 750 768 Hostilius
765 720 845 766 certe
859 729 913 766 rex
927 709 997 766 deos
1011 704 1066 766 et
1057 729 1121 785 rpse
1134 731 1157 776 ιιι

157 819 210 857 vos
224 799 366 855 Pavorem
380 806 481 871 atque
477 795 622 852 Pallorem
635 794 835 871 propitiandos
849 811 910 850 non
923 792 1145 864 introduceret,

158 885 241 938 dcam
267 884 353 937 istam
378 889 478 936 nosset
492 887 544 935 aut
558 880 676 934 coleret.
719 876 879 933 Praesente
901 878 1008 952 quippe
1023 877 1157 933 Felicitat

159 967 254 1023 omnis
267 981 359 1038 pavor
372 973 401 1019 et
412 965 523 1036 pallor,
549 980 607 1019 nou
620 962 796 1036 propitiatus
809 961 995 1032 abscederet,
1022 960 1077 1016 sed
1089 963 1157 1036 puls

13 1043 14 1048 ¹
73 1095 74 1098 ,
157 1049 322 1152 aufugeret.

222 1129 335 1188 Deinde
349 1129 419 1206 quid
434 1137 479 1185 est
490 1126 560 1199 hoe,
588 1125 736 1203 quodiam
750 1127 942 1184 Romanum
933 1129 1093 1201 imperium
1106 1130 1157 1184 lon

156 1220 275 1289 lateque
290 1215 450 1284 crescebat,
466 1222 495 1268 et
509 1210 603 1267 adhuc
617 1210 890 1268 nemoFelicitutcm
903 1199 1039 1268 colebati
1067 1212 1115 1270 An
1129 1212 1157 1268 id

159 1297 335 1376 grandius
327 1298 496 1372 imperium,
522 1313 609 1370 quam
629 1295 765 1352 felicius·
769 1287 853 1350 fuist
879 1293 955 1350 Nam
978 1295 1157 1369 quomodo
1153 1317 1157 1350 ι

160 1391 247 1437 esset
250 1399 320 1436 vera
334 1380 476 1450 felicitas,
501 1379 550 1435 ubi
575 1396 643 1435 veru
670 1383 731 1434 non
758 1388 822 1434 erat
846 1374 958 1452 pietus?
983 1377 1093 1434 Pietas
1117 1381 1157 1436 eui

160 1474 205 1520 est
218 1481 308 1520 verax
322 1466 386 1520 veri
400 1463 456 1520 Dei
472 1464 583 1533 cultus,
614 1480 673 1517 non
700 1463 795 1518 cultus
824 1461 967 1518 falsorum
988 1471 1036 1518 tot
1047 1460 1157 1519 deoru}

40 1529 43 1542 ¹
108 1563 113 1580 s
159 1557 230 1623 quot
255 1548 482 1604 daemoniorum.
527 1543 636 1602 Sedet
658 1547 831 1619 postcomm
852 1544 1020 1601 iudeorum
1034 1565 1157 1610 numero

157 1630 316 1688 Felicitate
324 1635 474 1705 suscopta,
493 1647 599 1707 magna
613 1630 755 1688 bellorum
768 1629 898 1684 civilium
910 1629 1074 1684 infelicitas
1090 1631 1157 1687 nubs

74 1735 75 1742 ¹
115 1791 116 1795 Ἰ
150 1725 227 1771 -cuta
241 1725 294 1770 est.
337 1714 389 1770 Αιι
405 1711 965 1790 forteinsteestindignata'Fclicitar,
994 1713 1157 1788 quodetta

61 1799 67 1814 ”
123 1867 124 1876 ¹
150 1817 241 1869 soro,
255 1808 371 1868 ⁸ctnon
385 1795 590 1866 adhouorem,
618 1795 669 1851 sed
681 1795 719 1852 ud
732 1798 938 1851 contumelium
950 1798 1052 1870 potius
1067 1799 1156 1854 invita

159 1892 218 1953 est,
247 1875 723 1953 ut'cumea'colereturPriapub,
750 1878 949 1951 etCloacina,
976 1890 1007 1936 et
1020 1879 1157 1951 Pavor„

157 1965 271 2034 Pallor,
300 1974 329 2018 ct
341 1962 460 2032 Febris,
486 1972 643 2030 etcuotera
670 1981 744 2019 non
756 1955 877 2019 numina
903 1963 1114 2036 colendorum,
1140 1983 1157 2020 a

107 2063 109 2072 ’
158 2050 280 2104 crimina
295 2043 486 2102 colentium?

224 2129 269 2185 Ad
283 2139 461 2199 extremum,
486 2131 511 2183 si
525 2147 592 2185 cum
604 2130 690 2186 turba
702 2129 909 2208 indignissima
922 2139 1004 2187 tanto
1018 2083 1077 2186 dea
1091 2133 1157 2188 colo

158 2214 270 2269 duvira
286 2221 345 2282 est,
372 2231 424 2268 eur
438 2231 497 2269 non
522 2215 568 2268 vel
592 2214 734 2269 illustrius
759 2215 881 2270 caeteris
906 2213 1078 2271 colebaturl
1118 2217 1157 2282 Qu

158 2299 236 2352 enim
263 2295 354 2366 ferat,
382 2295 459 2370 quod
473 2315 567 2380 neque
581 2298 658 2352 inter
672 2296 741 2352 deos
756 2287 919 2354 Consentes
945 2315 1021 2372 quos
1037 2297 1157 2356 dieunt
1155 2318 1157 2352 ι

107 2448 109 2453 Ι
147 2380 313 2435 ¹consilium
324 2376 402 2434 lovis
416 2377 560 2450 adhiberi,
587 2397 641 2435 nec
655 2382 734 2436 inter
747 2380 816 2436 deos
831 2399 904 2456 quos
919 2379 1054 2457 Selectos
1068 2401 1157 2439 socan

157 2462 293 2519 Felicitas
321 2463 481 2519 constituta
506 2459 570 2519 esti
596 2457 748 2538 Templum
761 2465 917 2539 aliquod
892 2484 920 2519 er
936 2465 1046 2537 fieret,
1067 2467 1155 2564 quod

157 2547 214 2602 loci
228 2546 403 2601 sublimitate
417 2555 447 2602 et
460 2548 555 2621 operis
568 2545 713 2624 dignitate
725 2551 950 2622 praeemineret.
960 2547 1021 2606 Cur
1033 2552 1115 2606 enim
1128 2567 1157 2604 ιιι

57 2629 62 2646 ”
158 2627 400 2726 aliquidmelius,
426 2647 513 2704 quam
531 2627 682 2702 ipsilovii
708 2629 1050 2706 Numquaeetiamlori
1054 2653 1157 2710 ,regnu

158 2711 365 2769 nisiFelieitas
380 2709 478 2768 dediti
505 2715 531 2768 si
557 2722 654 2768 tanuen
681 2733 747 2769 oum
771 2721 926 2791 regnaret,
898 2714 1026 2778 tfelix
1041 2717 1108 2772 suit.
1148 2716 1157 2771 l

83 2803 85 2812 ’
114 2849 115 2856 ,
157 2796 253 2871 potior
266 2804 311 2852 ost
324 2796 449 2851 felicitas
462 2815 564 2874 regno
609 2795 701 2852 Nemo
716 2798 793 2853 enim
807 2797 936 2868 dubitat,
956 2798 1068 2854 secilc'
1060 2801 1157 2857 inveni

156 2876 318 2949 hominem,
346 2880 396 2954 qui
408 2881 509 2935 tiureat
523 2897 554 2935 se
567 2879 632 2936 lieri
646 2899 762 2957 regem:
787 2883 886 2937 nullus
909 2889 1009 2937 autem
1023 2884 1156 2939 invenito

63 2985 65 2992 ,
157 2963 207 3038 qui
221 2981 251 3016 se
266 2963 341 3017 nolit
354 2980 418 3018 esse
431 2963 554 3019 felicem.
579 2962 638 3038 lpsi
651 2982 721 3041 ergo
736 2962 793 3034 dii,
809 2967 835 3020 si
847 2983 899 3038 per
912 2966 1040 3041 auguria
1053 2969 1102 3023 vel
1116 2985 1157 3040 qut

157 3046 228 3101 libet
240 3045 324 3103 modo
338 3063 388 3100 eos
402 3053 487 3120 posse
502 3047 616 3104 consuli
628 3055 748 3122 putant,
776 3003 811 3102 de
824 3045 878 3103 hac
891 3066 923 3102 re
947 3051 1155 3105 consulerentur

155 3140 256 3186 utrum
267 3130 378 3185 vellent
393 3129 528 3186 felicitati
541 3131 605 3187 loeo
620 3129 736 3208 cedere.
764 3131 789 3184 si
813 3131 889 3187 forte
914 3132 1040 3188 aliorum
1068 3132 1157 3189 aedibs

155 3201 204 3269 rel
219 3213 380 3269 altaribus
372 3231 429 3268 ram
442 3212 548 3268 luisset
565 3216 647 3270 locus
674 3223 843 3287 occupatus,
869 3214 919 3270 ubi
932 3214 1019 3269 aedes
1032 3218 1157 3273 maiore

156 3315 213 3371 quc
226 3297 376 3352 sublimior
388 3295 534 3352 Felicitati
548 3306 784 3367 construeretur,
799 3298 886 3352 etiarn
899 3299 961 3371 ipse
974 3294 1088 3372 Iupiter
1101 3296 1157 3354 ced«

156 3389 218 3450 ret,
232 3390 265 3438 ut
278 3382 371 3454 ipsum
383 3381 525 3436 verticem
539 3382 620 3436 collis
635 3379 792 3452 Capitolini
805 3379 943 3436 Felicitas
956 3382 1055 3454 potius
1070 3383 1157 3438 obtin«

155 3472 210 3518 ret.
252 3463 320 3520 Non
334 3464 412 3518 enim
426 3464 566 3538 quipiam
574 3465 732 3519 resisteret
743 3462 906 3533 Felicitati,
932 3464 1008 3534 nisi,
1025 3465 1109 3538 quod
1122 3464 1157 3519 lie

155 3564 216 3602 non
230 3555 340 3621 potest,
355 3548 405 3621 qui
419 3564 483 3601 osso
496 3548 584 3602 vellet
596 3546 709 3602 infelix.
733 3543 823 3602 'Nullo
835 3545 921 3602 modo
935 3548 1059 3602 omniuo
1073 3550 1098 3604 si
1113 3564 1157 3603 eor

101 3683 104 3698 ,
156 3631 315 3700 suleretur,
343 3630 454 3685 faceret
475 3628 601 3701 Iupiter,
631 3628 707 3703 quod
734 3631 761 3684 ei
785 3629 921 3685 fecerunt
933 3639 995 3684 tres
1010 3629 1068 3701 dii,
1094 3629 1157 3688 Men

155 3710 328 3782 Terminus,
355 3721 385 3768 et
397 3710 552 3781 luventas,
567 3713 617 3786 qui
630 3713 734 3766 maiori
749 3722 778 3766 et
791 3714 855 3788 rogi
870 3731 923 3768 suo
937 3714 1020 3768 nullo
1034 3714 1122 3771 ruodo
1135 3732 1157 3770 ιι

154 3794 222 3848 dere
236 3795 301 3849 loco
314 3796 481 3850 voluerunt.
505 3793 580 3849 Nam
591 3795 668 3850 sicut
681 3792 788 3850 habeut
803 3813 904 3851 eorum
917 3797 1038 3868 literae,
1053 3817 1119 3854 cum
1131 3815 1157 3852 re

154 3875 179 3932 T
182 3877 331 3953 atquinius
347 3875 520 3950 Capitolium
545 3877 687 3934 fabricare
713 3879 815 3949 vellet,
847 3895 969 3956 cumque
982 3880 1083 3939 locum
1095 3882 1157 3956 qui*
