2362 4314
169 187 228 247 os
251 167 472 252 etruriae
494 191 576 251 our
597 193 678 252 era.
701 193 819 252 xxn
914 227 915 232 κ
945 202 1008 288 ιιι
1036 227 1038 230 -

52 342 220 399 rtilitotem
230 341 384 419 quandam,
398 362 456 420 qua
467 341 600 402 homines
613 345 686 402 alios
700 357 884 424 propagaret,
899 367 1020 432 conge

48 443 89 482 aa
103 427 145 480 eis
159 426 252 500 ipsam
266 430 354 484 etiam
367 429 547 506 propagandi
559 429 791 508 possibilitatem,
806 449 865 490 non
878 435 1018 488 necessi
1028 453 1029 456 ¹

48 531 53 562 l
70 549 84 580 ,
110 511 216 585 quibus
230 520 328 568 tamen
346 513 440 569 voluit
456 505 621 568 hominibus
642 512 764 568 abstulit
782 532 845 590 eam
858 512 955 585 Deus,
980 526 1011 572 et'

48 595 240 652 assuerunt:
260 604 433 651 nontamen
454 598 559 672 generi
578 593 703 651 humano
723 595 841 669 abstulit
855 599 944 656 senrel
957 597 1007 670 da·
1026 645 1027 648 ,

48 678 152 732 »rimis
166 673 277 732 duobus
291 679 465 754 coniugibus
478 677 712 734 benedictionem
725 679 886 756 generandi
906 665 1008 756 [hene-

48 779 107 816 sne
121 758 278 836 generaliJ.
314 759 396 818 Haec
411 779 482 837 crgo
495 763 665 838 propagatio
680 763 811 837 quamvis
824 772 943 836 peccato
958 765 1008 820 ab·

48 861 111 898 ron
124 844 225 914 luerit,
238 861 298 900 non
312 852 409 900 tamen
423 845 511 899 ctiam
523 846 587 918 ipsa
599 847 665 901 talis
679 854 733 914 es't,
749 846 841 921 qualis
856 847 971 917 luisset,
984 849 1011 903 si
1033 843 1035 849 ’

48 955 50 968 >
68 935 236 1000 peccasset.
268 925 384 1002 Exque
399 928 478 984 onhu
490 925 575 982 homo
588 930 622 984 in
633 927 745 984 honore
757 930 886 1002 positae,
909 939 1010 1004 postea

48 1043 57 1064 ,ν
77 1008 211 1083 deliquit,
224 1020 406 1084 comparatus
421 1018 467 1066 est
478 1010 640 1084 pecoribus,
655 1012 788 1070 similiter
799 1022 935 1088 generat:
950 1032 1010 1070 non

67 1103 171 1148 tamen
184 1094 301 1168 penitus
316 1095 462 1156 exstincta
475 1101 520 1148 cst
532 1094 670 1168 quaedam
686 1097 767 1151 velut
779 1097 907 1160 scintilla
919 1097 1010 1152 ratio-

51 1194 83 1232 n
97 1193 155 1250 qua
170 1176 265 1232 iactus
279 1186 324 1232 est
336 1176 372 1234 ad
384 1178 543 1252 imaginem
556 1176 623 1233 Dei.
663 1176 740 1249 Huic
749 1189 855 1235 autem
866 1197 1009 1257 propaga-

69 1260 99 1314 ai
122 1259 314 1316 conformatio
335 1278 393 1316 non
413 1259 615 1331 adhiberetur,
639 1279 694 1317 neo
711 1262 776 1335 ipsa
789 1263 821 1318 in
835 1265 880 1318 sui
893 1255 1010 1340 generis
1050 1258 1054 1264 ’

48 1358 87 1398 aa
101 1341 262 1418 modosque
275 1343 455 1417 procederet.
487 1341 520 1399 si
538 1345 616 1400 enim
636 1362 698 1400 non
718 1345 946 1402 concubuissent
958 1345 1011 1404 ho·

48 1441 87 1496 sa,
111 1434 142 1480 et
154 1423 246 1481 nihilo
265 1427 361 1481 minus
374 1426 456 1483 Deus
478 1428 568 1498 vellet
585 1427 705 1501 inlplere
724 1425 818 1484 terras
831 1423 1028 1500 hominibus,

48 1508 124 1565 rodo
138 1511 249 1566 creavit
262 1527 352 1565 unum
365 1511 429 1565 sine
442 1511 648 1566 commixtione
660 1513 793 1588 marisca
805 1511 947 1583 feminae,
970 1514 1012 1568 sie

48 1601 78 1647 et
97 1609 213 1648 omnes:
237 1593 465 1649 concumbentes
482 1611 552 1650 vero
566 1595 625 1648 nisi
639 1596 689 1662 illo
704 1595 824 1650 creante
836 1604 1011 1671 generantes

49 1691 121 1731 non
133 1683 265 1750 possunt.
298 1673 468 1754 Sicut-ergo
479 1678 522 1732 ait
533 1677 689 1750 Apostolus
704 1676 739 1732 de
752 1679 938 1734 institutione
952 1679 1012 1751 spi-

48 1759 68 1829 i,
93 1773 150 1833 qua
162 1757 248 1815 homo
262 1759 298 1816 ad
309 1761 446 1833 pietatem
459 1755 655 1834 iustitiamque
669 1759 826 1831 formatur,
852 1757 950 1837 Nepae
963 1763 1014 1836 qai

48 1850 113 1911 tat,
126 1852 172 1900 eat
185 1842 309 1920 aliquid,
333 1861 423 1918 neque
436 1843 487 1918 pei
498 1845 597 1918 rigat,·
609 1844 663 1900 aed
674 1846 725 1920 pai
737 1846 945 1900 incrementum
959 1845 1013 1900 dat

48 1940 81 1981 a:
96 1926 139 1980 ita
153 1926 241 1980 etiam
253 1923 300 1981 hic
314 1925 371 1984 dici
383 1935 490 2000 potest,
503 1925 565 1982 Nec
579 1927 629 2001 qui
643 1927 820 1996 concumbit,
836 1946 890 1982 nec
904 1928 953 2001 qui
965 1945 1011 1982 se-

48 2017 87 2080 at,
101 2017 147 2066 est
158 2007 284 2084 aliquid3
297 2009 416 2083 sedqui.
425 2009 537 2066 forruat
548 2008 640 2066 Deus.
675 2009 737 2066 Nec
750 2019 842 2066 mater
856 2028 930 2085 quac
942 2029 1018 2086 con-¹

48 2107 96 2148 um
107 2101 216 2166 portat,
233 2102 263 2148 et
273 2103 390 2167 partum
403 2094 507 2164 nutrit,
521 2102 566 2148 est
580 2093 702 2167 aliquid,
723 2093 774 2149 sed
788 2095 837 2168 qui
849 2087 1017 2148 inorenrcnss

57 2173 107 2232 dot
119 2173 210 2232 Deus.
239 2173 305 2250 lpse
317 2194 441 2252 namque
454 2178 634 2252 operatione,
649 2195 705 2252 qua
718 2195 898 2252 nuncusque
911 2194 1013 2249 opera-

48 2259 146 2316 facit
163 2268 197 2315 ut
215 2277 353 2316 numeros
373 2278 444 2315 suos
462 2261 609 2332 explicent
622 2261 749 2332 semina,
773 2269 803 2316 ct
815 2279 832 2316 a
846 2260 1015 2340 quibusdam

48 2343 141 2406 atibus
160 2353 247 2417 atque
266 2341 461 2398 invisibilibus
475 2343 657 2398 involucris
648 2363 679 2399 ιιι
692 2345 800 2400 formas
814 2344 944 2401 visibiles
958 2319 1013 2400 hu-

49 2425 122 2499 quod
134 2425 307 2500 adspicimus
323 2413 436 2481 decoris
449 2415 594 2482 evolvant
618 2421 705 2499 lpse
695 2445 898 2522 incorpoream
912 2445 1013 2524 corpo-

48 2525 120 2583 nque
133 2517 315 2589 naturam,1
305 2510 385 2564 illam
397 2509 606 2582 praepositam,
630 2495 715 2563 istarh
729 2509 906 2580 subiectam,
932 2511 1015 2565 miris

48 2589 77 2648 lis
91 2593 228 2666 copulans
243 2601 273 2648 et
285 2601 471 2662 connectam,
485 2592 663 2664 animantem
675 2591 755 2647 facit
771 2591 855 2657 Quod
865 2610 936 2666 opus
951 2595 1014 2648 eius

54 2692 195 2754 magnum
208 2684 238 2730 et
249 2675 382 2732 mirabile
396 2683 452 2744 est,
467 2683 499 2729 ut
513 2692 574 2730 non
587 2675 703 2730 solum
695 2693 727 2730 ιιι
740 2673 867 2744 homine,
882 2675 957 2747 quod
971 2685 1016 2732 est

48 2761 94 2814 real
106 2758 261 2830 rationale,
280 2767 311 2818 et
325 2776 363 2812 ex
375 2757 430 2814 hoe
444 2759 557 2813 cunetis
571 2759 695 2813 terrenis
708 2757 904 2814 aninmntibus
917 2761 1014 2816 excel-

48 2843 94 2900 ius
107 2850 192 2916 atquc
205 2843 412 2915 praestantius,
427 2838 500 2896 sed
491 2860 523 2897 m
538 2841 667 2914 qualibet
679 2841 873 2898 minutissima
880 2842 1017 2897 muscula
1037 2885 1039 2892 t
1055 2861 1056 2864 ¹

48 2945 60 2982 e
73 2923 274 2984 consideranti
291 2933 439 2999 stuporem
460 2927 566 2980 mentis
579 2925 714 3002 ingerat,
737 2923 908 2999 laudemque
921 2925 1017 2998 pariat

48 3010 141 3067 rtoris.

48 3092 135 3169 lpse
126 3103 225 3168 itaque
238 3094 352 3150 anhnae
364 3091 507 3148 humanae
519 3100 648 3148 mentem
661 3089 763 3160 dedit„
778 3090 828 3146 ubi
841 3089 977 3146 ratioet
968 3109 1015 3148 rn-

47 3177 150 3254 gentia
162 3178 194 3233 in
207 3177 321 3232 infante
334 3177 428 3250 sopita
442 3184 486 3231 est
503 3174 628 3250 quodam
648 3174 750 3244 modo,
765 3175 857 3249 ¹quasi
870 3174 952 3229 nulla
965 3173 1015 3246 sit,

48 3258 143 3318 itanda
156 3261 269 3315 scilicet
286 3268 373 3334 atque
387 3257 549 3316 exserenda
562 3255 750 3335 [exercenda]
765 3258 870 3312 aetatis
883 3273 1015 3328 accessu,

61 3347 101 3400 sit
118 3342 270 3408 scientiae.
280 3359 373 3415 capax
390 3351 477 3418 atque
491 3341 658 3411 doetrinae,
680 3349 709 3420 et
720 3338 824 3396 habilis
837 3341 1019 3414 pereeptmni

49 3428 120 3484 tatis
132 3433 161 3482 et
171 3426 277 3482 amoris
296 3425 378 3482 boni:
405 3443 462 3499 qua
474 3427 634 3501 capacitate
645 3421 761 3480 hauriat
773 3424 942 3496 sapientiam
955 3424 1016 3479 vir-

48 3513 154 3585 tusque
167 3510 206 3564 sit
218 3506 360 3583 praedita,
374 3508 475 3582 quibus
489 3507 658 3581 prudenter,
672 3505 797 3577 fortiter,
811 3514 1017 3578 temperanter,

48 3604 124 3666 rste,
146 3591 286 3666 adversus
309 3608 422 3646 errores
436 3600 465 3645 et
480 3599 595 3646 caetera
614 3590 787 3666 ingenerata
803 3591 876 3648 vitia
890 3588 1017 3662 dimicet,

48 3697 79 3734 re
92 3678 204 3734 nullius
218 3675 262 3730 rei
276 3671 420 3729 desiderio
433 3674 493 3730 nisi
510 3673 579 3728 boni
595 3673 674 3728 illius
687 3675 792 3728 summi
810 3682 897 3746 atque
916 3673 1021 3731 immu-

49 3763 88 3818 lis
103 3761 210 3818 vincat.
247 3755 330 3823 Quod
347 3757 403 3811 etsi
419 3775 479 3812 non
498 3756 603 3826 faciat,
628 3755 691 3830 ipsa
703 3758 803 3812 talium
816 3755 960 3812 bonorum
971 3777 1021 3814 ca·

48 3848 102 3902 itas
117 3845 147 3900 in
162 3849 268 3897 natura
281 3839 417 3897 rationali
431 3838 571 3896 divinitus
585 3840 719 3896 instituta
739 3847 877 3918 quantum
890 3841 928 3896 sit
941 3840 1022 3912 boni,
