2400 4312
83 263 87 268 ·
177 251 237 306 coc
333 233 349 259 ³
381 229 989 303 'ur-v1svnnu11nvcvsr1m

179 409 209 455 et
222 398 287 456 ideo
301 396 472 476 purgandae
484 395 570 452 bonis
584 384 715 453 moribus
729 396 808 453 vitae
822 396 961 452 censebat
979 397 1163 471 instandum,

174 479 406 557 deprimentibus
421 471 590 535 libidinibus
603 472 783 537 'eueneratus
797 481 911 534 animus
925 482 1054 536 naturali
1068 485 1169 559 rigore

133 632 135 637 s
152 617 156 620 .
178 578 298 622 aeterna
311 581 343 620 sc
357 564 517 632 attolleret,
538 572 730 638 naturamque
743 564 911 637 incorporei
925 572 955 618 et
968 565 1170 622 incommutabi

178 649 313 718 luminis,
338 645 389 701 ubi
409 651 513 702 causae
528 647 657 701 omnium
669 645 815 702 factarum
827 654 1000 702 naturarum
1014 647 1170 703 stabiliter*

80 723 82 734 ’
178 741 269 802 runt,
294 729 510 806 intelligentiae
529 729 655 802 puritate
677 730 872 802 conspiceret*
898 727 1023 785 Constat
1036 749 1105 786 cum
1120 740 1170 786 tam

178 815 381 892 imperitorum
400 812 554 866 stultitiam
573 813 651 866 scire
669 828 700 866 ιι
716 810 829 886 aliquid
854 811 1056 885 opinantium,
1081 815 1164 870 etiam

178 899 250 970 ipsis
264 887 422 950 moralibus
438 892 670 972 quaestionibus,
685 913 743 968 quo
755 903 848 950 totum
858 896 987 950 animum
997 897 1170 965 intendisset

89 993 101 1008 ⁸
141 1005 145 1030 ι
179 979 316 1049 debatur,
342 978 391 1034 vel
404 976 538 1032 confessa
550 977 719 1053 ignorantia
733 995 801 1048 sua,
827 978 874 1032 vel
887 977 1071 1034 dissimulata
1085 981 1170 1036 scient

77 1075 87 1132 J
110 1059 111 1064 ’
179 1065 279 1138 lepore
292 1060 420 1116 mirabili
439 1057 603 1114 disserendi
620 1069 651 1114 et
663 1061 833 1115 acutissima
846 1059 1014 1116 urbanitate
1029 1062 1170 1138 agitasset

181 1162 236 1218 que
251 1160 395 1200 versasse.
418 1140 502 1199 Vnde
521 1151 552 1198 et
570 1144 727 1199 concitatis
745 1143 908 1199 inimicitiis
923 1145 1107 1200 calumniosa
1119 1147 1170 1200 ‘criu

180 1229 303 1284 natione
316 1227 478 1296 damnatus,
492 1233 586 1282 morte
598 1228 736 1282 multatus
748 1234 800 1280 est.
821 1225 880 1282 Sed
892 1244 958 1281 eum
968 1237 1072 1301 postea
1082 1230 1131 1284 illa
1140 1231 1170 1303 ips

180 1329 254 1386 quae
267 1310 383 1384 publice
389 1309 595 1381 damnaverat,
608 1308 832 1368 Atheniensium
844 1310 948 1365 civitas
959 1310 1075 1384 publice
1085 1313 1165 1383 luxit,

30 1409 35 1422 ⁴
92 1451 94 1464 ,
181 1395 252 1451 duos
266 1401 453 1450 accusatores
466 1394 530 1449 eius
543 1411 636 1468 usque
649 1393 720 1449 adeo
733 1393 832 1467 populi
845 1388 1058 1470 indignatione
1065 1399 1170 1452 con'vcn

180 1483 214 1532 ut
226 1496 303 1533 unus
318 1482 421 1534 eorum
434 1494 592 1551 oppressus
605 1478 637 1531 vi
650 1475 846 1532 multitudiuis
860 1476 1015 1547 interiret,
1040 1479 1170 1534 exsilio'r

79 1599 80 1602 =
139 1547 148 1570 λ’
179 1570 239 1616 tem
252 1561 419 1616 voluntario
433 1569 521 1634 atque
534 1565 672 1634 perpetuo
691 1575 816 1635 poenam
835 1559 961 1614 similem
979 1561 1055 1616 alter
1073 1561 1170 1618 evader

83 2766 88 2774 .
131 2763 136 2780 ι
176 2720 410 2796 relangumest.
436 2793 460 2800 ,.

180 1643 256 1700 Tam
273 1645 424 1718 praeclara
443 1644 537 1720 igitur
555 1644 634 1700 vitae
658 1645 819 1716 mortisque
838 1641 914 1697 fama
933 1641 1073 1700 Socrates
1099 1647 1170 1718 reliqu

98 1797 99 1800 Ἰ
178 1729 320 1802 plurimos
333 1744 404 1782 suae
414 1723 613 1800 philosophiae
623 1735 795 1797 sectatores,
809 1743 932 1801 quorum
943 1729 1079 1783 certatim
1090 1728 1170 1784 studit

82 1818 92 1882 J
172 1812 237 1866 fuit
253 1813 285 1866 in
305 1811 509 1884 quaestionum
527 1810 681 1865 moralium
701 1808 911 1884 disceptatione
928 1811 1059 1886 versari,
1086 1812 1134 1867 ubi
1149 1829 1170 1886 ap

179 1905 228 1950 tur
250 1894 286 1949 de
305 1887 524 1963 summobono,
550 1910 609 1967 quo
631 1891 701 1947 ‘fieri
718 1890 804 1948 homo
830 1891 930 1948 beatus
953 1901 1060 1965 potest.
1091 1893 1164 1962 Quod

166 1965 311 2034 “'Soeratis
326 1974 586 2048 disputationibus,
610 1971 682 2030 'dum
695 1977 792 2031 omnia
805 1981 912 2047 movet,
938 1973 1057 2046 asserit,
1083 1977 1170 2032 destru

180 2061 319 2134 quoniam
331 2075 391 2113 nou
403 2055 555 2112 evidenter
566 2059 715 2131 apparuit3
729 2057 806 2133 quod
817 2058 920 2132 cuique
929 2058 1052 2132 placuit,
1063 2061 1170 2117 indecor

179 2150 292 2211 serunt,
307 2149 337 2195 et
349 2140 399 2194 ubi
413 2141 517 2213 cuique
529 2141 625 2197 visum
638 2149 695 2211 est,
711 2141 1031 2198 constituerunt'finem
1044 2143 1121 2220 boni.
1133 2143 1170 2199 Fir

166 2223 277 2279 'atatem
289 2223 360 2278 boni
373 2223 551 2295 appellatur,
566 2240 622 2297 quo
637 2224 760 2298 quisque
775 2243 843 2296 cum
853 2227 1033 2298 pervenerit,
1047 2226 1170 2283 beatuse

179 2305 230 2362 Sic
244 2304 341 2361 autem
354 2303 484 2358 diversas
499 2295 579 2361 inter
591 2325 624 2361 se
637 2306 782 2363 Socratici
795 2306 831 2362 dc
845 2308 902 2363 isto
916 2305 976 2364 linc
989 2305 1170 2366 sententiaeb

179 2388 322 2458 buerunt,
336 2395 371 2441 ut
383 2381 473 2462 (quod
486 2389 539 2444 rix
553 2389 692 2445 credibile
701 2399 762 2461 est,
775 2392 868 2447 unius
878 2393 1016 2468 magistri
1028 2391 1170 2466 potuisset

133 2531 137 2553 Ι
180 2475 246 2526 eeie
260 2463 434 2545 sectatores)
453 2467 570 2544 quidam
584 2481 727 2528 summum
738 2473 848 2530 bonum
860 2493 923 2530 esse
938 2474 1073 2532 dicerent
1084 2479 1170 2550 volupt

178 2563 249 2623 tem,
274 2555 352 2608 sicut
366 2552 545 2626 Aristippus,
559 2553 675 2629 quidam
689 2557 840 2626 virtutem,
854 2559 930 2613 sicut
943 2556 1139 2617 Antisthenes.
1158 2555 1170 2612 S

80 2640 85 2654 ‘
179 2635 230 2690 alii
243 2644 329 2711 atque
342 2637 393 2690 alii
406 2635 486 2691 aliud
500 2645 587 2713 atque
600 2635 679 2692 aliud
693 2638 806 2714 opinati
820 2647 901 2695 sunt:
920 2639 1170 2715 quos-commemor

176 2895 220 2950 De
231 2895 380 2966 praecipuo
394 2898 468 2953 inter
484 2897 607 2951 Socratis
622 2900 763 2968 discipulos
774 2899 906 2963 Platone,
925 2899 973 2968 qui
987 2907 1089 2956 omnem
1099 2900 1170 2972 philo

174 2985 182 2994 “
431 2969 526 3038 phium
537 2969 642 3037 triplici
648 2970 802 3038 partitione
818 2969 952 3021 distinxit.

242 3055 302 3114 Sed
315 3058 393 3114 inter
401 3056 568 3133 discipulus
583 3058 724 3131 Socratis,
739 3061 800 3115 nou
811 3058 929 3134 quidem
939 3061 1101 3134 immerito,
1115 3079 1170 3117 exet

175 3143 339 3197 lentissima
352 3143 447 3218 gloria
462 3143 577 3213 claruit,
593 3143 642 3218 qui
653 3144 776 3212 ,omn-ino
791 3151 922 3198 caeteros
936 3144 1109 3202 obscuraret
1120 3145 1170 3201 Plat

175 3225 233 3289 Qui
247 3243 312 3278 cum
325 3233 404 3279 esset
416 3222 614 3296 Atheniensis,
628 3223 753 3298 honesto
764 3225 839 3299 apud
852 3245 921 3281 suos
934 3226 1000 3283 loco
1011 3238 1111 3302 natus,
1125 3227 1169 3284 eti

176 3308 265 3382 genio
279 3308 406 3362 mirabili
417 3309 506 3384 longe
522 3313 591 3364 suos
607 3309 821 3383 condiscipulos
836 3311 977 3382 anteiret;
997 3325 1102 3385 parum
1116 3321 1170 3368 tam

174 3399 281 3461 putans
295 3389 488 3463 perficiendae
501 3389 701 3465 philosophiae
715 3392 849 3449 sufficere
869 3411 901 3448 se
919 3395 1015 3466 ipsum
1033 3414 1069 3450 ac
1083 3395 1170 3452 socru

175 3489 237 3525 cam
252 3471 452 3544 disciplinam,
480 3492 567 3548 quam
583 3475 673 3552 longe
693 3478 807 3552 lateque
826 3477 923 3550 potuit
936 3480 1141 3554 peregrinatus
1153 3495 1170 3529 er

176 3571 409 3628 quaquaversum
433 3575 498 3612 eum
524 3559 646 3613 alicuius
671 3561 825 3614 nobilitate
846 3561 988 3614 scientiae
1007 3557 1169 3635 percipicud

67 3685 93 3692 ,.
175 3635 252 3690 furna
275 3637 414 3709 rapiebat.
442 3637 542 3714 ltaque
562 3651 591 3694 et
612 3643 643 3696 in
665 3642 798 3719 Aegypto
821 3642 922 3697 didicit
940 3661 1133 3720 quaecunque
1149 3642 1170 3698 ill

78 3791 86 3798 ,
123 3720 125 3724 '
174 3727 281 3794 taragna
295 3717 476 3777 habebantur
489 3731 575 3796 atque
590 3723 779 3794 docebantur,
799 3736 829 3779 ct
840 3725 908 3780 inde
922 3727 952 3780 in
967 3745 1016 3781 eas
1031 3725 1132 3783 Italiae
1143 3743 1170 3800 pa

174 3806 218 3853 tes
231 3802 354 3855 veniens
381 3805 431 3858 ubi
445 3803 715 3882 Pythagoraeorum
739 3807 815 3862 fama
838 3809 1049 3879 celebrabatur,
1078 3813 1170 3886 quicqu

168 3877 291 3936 Italicae
301 3881 503 3962 philosophiae
515 3896 587 3944 tunc
601 3887 739 3962 florebat,
753 3890 860 3946 auditis
875 3893 1117 3951 eminentioribus
1131 3895 1158 3948 in
