2340 4312
162 214 252 292 ’aa
279 228 499 291 crvrrsrn
522 230 601 292 om
627 229 711 294 ιιι.
731 227 804 292 xv.
977 189 1016 294 aa

10 367 59 438 bus
67 380 227 455 hominibus,
243 383 375 456 exceptis
386 383 479 458 quiin
491 401 559 440 area
570 383 701 454 fuerunt,
715 401 804 458 quem,
811 382 957 459 perderet,
970 386 1017 443 in·
1106 407 1108 412 ‘

10 468 113 524 restet.
125 467 494 542 Nequeenimmirandum,
503 469 617 522 rivaria
628 467 789 541 quantitate
800 470 1018 524 numerositatis

10 554 131 608 tusorum
143 550 329 622 interposita,
342 557 462 621 pettam
473 551 591 625 longam
602 559 727 604 aetatem
740 549 872 605 abhdam
882 551 1018 624 usquead

10 617 130 690 titurium
141 652 203 689 non
216 631 346 704 aequalis
361 632 476 686 numeri
490 634 698 708 generationes
707 629 941 707 habuitutra'que
950 651 1018 707 pro·

9 715 108 784 feries,
121 714 171 771 sed
183 731 236 788 per
249 711 323 769 Cain
335 722 462 786 septem,
476 732 527 786 per
542 712 614 770 Seth
628 724 725 772 autem
739 714 853 772 decem:
879 717 1019 790 septimus

9 801 129 867 Mamm,
137 807 171 853 ut
177 799 236 852 iam
243 796 317 865 dixi,
330 795 462 851 abhdnm
469 794 604 867 Lamech,
618 795 833 870 decimnsNoie:¹
843 808 873 855 et
882 799 947 854 ideo
958 817 1020 855 non

9 890 70 936 ιιιι
81 881 154 937 filius
167 877 311 949 Lamech,
324 878 401 933 sicut
413 879 445 933 in
459 881 582 934 caeteris
596 881 747 953 superius,
765 881 815 936 sed
828 885 924 956 plures
939 877 1019 937 com'·

9 961 138 1020 fenorati
148 972 235 1033 sunt;
248 963 315 1036 quia
326 961 472 1022 incertum
484 964 618 1035 eratquis
626 963 654 1017 ei
664 962 891 1021 fuiamtmortuo
901 979 1019 1021 succes-

9 1056 86 1116 ums,
96 1047 122 1104 si
133 1042 280 1123 regnandi
291 1054 404 1120 tempus
418 1045 497 1100 inter
510 1044 604 1118 ipsum
617 1053 646 1100 et
663 1045 804 1102 diluvium
821 1049 1019 1110 remansisset.

57 1126 108 1186 Sed
123 1145 238 1204 quoquo
251 1125 336 1187 modo
351 1145 383 1182 se
395 1125 501 1182 habeat
513 1128 575 1182 sive
587 1146 639 1200 per
651 1129 879 1206 primogenitos,
892 1132 956 1186 sive
968 1148 1021 1204 per

9 1225 91 1288 egea,
108 1229 147 1266 ex
161 1209 235 1266 Cain
248 1211 474 1286 generationum
486 1208 558 1265 ordo
571 1208 745 1281 decurrens,
767 1211 840 1267 illud
853 1212 924 1268 mihi
938 1215 1019 1268 nulla

9 1304 75 1350 neto
90 1291 334 1368 praetereundum
353 1293 471 1348 silentio
490 1290 621 1362 videtur,
647 1291 823 1368 quodquam
837 1294 1020 1362 Lamechse·

8 1379 95 1434 timus
109 1375 145 1432 ab
157 1374 250 1432 Adam
263 1374 367 1430 luisset
378 1375 530 1444 inventus,
544 1383 589 1429 tot
600 1375 664 1432 eius
678 1379 863 1431 annurnerati
876 1388 945 1432 sunt
956 1377 1021 1448 filii,

8 1476 82 1516 nnec
94 1458 276 1532 undenarius
290 1473 426 1512 numerus
439 1458 624 1531 impleretur,
651 1475 709 1532 qua
722 1458 904 1532 significatur
916 1478 1021 1532 pccca-

8 1556 62 1596 ιιι
80 1540 234 1598 Adduntur
247 1541 326 1594 enim
339 1547 399 1600 tres
411 1538 483 1610 filii,
495 1549 525 1595 et
537 1557 597 1594 una
610 1539 679 1594 hlia.
708 1537 820 1593 onres
834 1550 930 1596 autem
943 1543 1022 1597 aliud

8 1634 112 1681 ιιιιιιιιι
130 1621 316 1700 significare,
340 1629 401 1678 non
413 1618 469 1676 hoc
484 1617 562 1694 quod
573 1636 652 1674 nunc
665 1619 926 1678 commendandum
937 1622 1022 1678 vide-

8 1721 48 1763 ιι.
88 1705 175 1763 Nunc
189 1706 268 1778 enirn
287 1702 323 1758 de
341 1699 578 1780 generationibus
591 1701 753 1776 loquimur:
778 1705 847 1758 illae
859 1723 931 1760 vero
945 1704 1022 1761 unde
1104 1765 1107 1780 ,

8 1787 53 1845 int
64 1790 198 1866 genitae,
214 1787 335 1844 tacitmu
348 1791 403 1840 est.
445 1777 591 1849 Quoniam
604 1801 675 1860 ergo
689 1784 752 1840 Lex
766 1784 887 1842 denario
901 1807 1021 1844 numera

8 1872 192 1942 reclinatur,
205 1869 284 1925 undc
297 1876 343 1922 est
353 1865 549 1922 memorabilis
562 1867 614 1922 ille
626 1866 809 1946 Decalegus3
822 1867 952 1942 profecto
967 1889 1022 1928 ιιιι-

8 1971 85 2010 rerus
95 1952 289 2020 undenarius,
303 1950 442 2024 quoniam
453 1949 668 2025 transgreditur
681 1949 842 2025 denarium,
856 1961 1022 2032 transgres-

8 2055 103 2093 .oncm
121 2036 215 2113 legis,
240 2051 277 2088 ac
289 2051 342 2106 per
354 2030 411 2088 hoc
423 2041 573 2107 peccatum
585 2032 743 2110 significat.
784 2033 864 2092 Hinc
882 2046 928 2092 eat
947 2035 1023 2112 quod

7 2135 25 2173 ι
40 2118 241 2176 Tabernaculo
255 2116 431 2186 testimonii,
457 2112 534 2189 quod
547 2124 610 2171 erat
623 2118 655 2172 in
672 2117 778 2174 itinere
791 2120 889 2193 populi
901 2119 960 2176 Dei
972 2138 1023 2176 re·

7 2213 38 2258 rt
50 2203 186 2275 'templum
199 2197 439 2269 ambulatorium,
464 2196 600 2254 undecim
614 2201 678 2256 vela
695 2201 813 2258 cilicina
824 2201 890 2258 lieri
903 2221 1024 2277 praece-

7 2291 130 2340 tasum.
173 2281 316 2338 incilicia
330 2281 435 2355 quippe
448 2280 612 2336 recordatio
627 2291 673 2338 est
683 2294 885 2357 peccatorum,
906 2295 1025 2360 propter

7 2365 100 2423 uedos
112 2366 149 2422 ad
162 2366 314 2421 sinistram
326 2364 456 2422 futuros:
470 2362 547 2436 quod
556 2363 729 2421 confitentes
741 2369 772 2424 in
787 2369 883 2424 cilicia
894 2379 1025 2443 proster—
1095 2419 1098 2423 .
1114 2429 1128 2448 „

7 2448 100 2520 imur,
113 2458 254 2524 tanquam
267 2446 397 2502 dicentes
410 2444 488 2520 quod
503 2447 535 2502 in
547 2446 663 2503 Psalmo
678 2451 817 2524 scriptum
830 2460 889 2506 est:
903 2451 945 2508 Et
951 2471 1026 2529 pec.
1071 2447 1074 2458 ’

7 2541 90 2588 amn
102 2539 278 2588 areamante
291 2549 335 2586 me
349 2539 395 2586 eat
407 2545 531 2605 semper.
557 2527 718 2606 Progenies
733 2549 805 2608 ergo
819 2549 857 2586 ex
869 2533 960 2590 Adam
972 2539 1027 2609 pei·

7 2607 68 2670 lain
80 2616 252 2670 sceleratum
263 2612 425 2668 undenario
436 2615 557 2667 numero
570 2611 683 2683 finitur,
697 2630 753 2687 quo
766 2624 916 2687 peccatum
929 2619 1025 2694 signi-

7 2705 109 2754 catur:
136 2706 166 2752 et
178 2698 241 2770 ipse
254 2685 521 2752 numerus'lcmina
536 2693 697 2767 clauditur,
720 2714 739 2750 a
752 2713 808 2771 quo
822 2713 896 2752 sexu
909 2699 1026 2760 initium

7 2787 102 2836 sctum
115 2790 160 2835 est
174 2779 303 2853 peccati,
317 2795 369 2851 per
382 2777 460 2852 quod
472 2794 573 2832 omnes
585 2769 732 2834 morimur.
776 2777 967 2835 Commissum
981 2793 1026 2840 est

7 2871 106 2933 utem,
119 2874 153 2919 ut
166 2872 196 2917 et
209 2862 341 2935 voluptas
356 2861 470 2931 carnis,
485 2877 559 2933 quae
572 2861 690 2932 spiritui
703 2863 870 2932 resisteret,
887 2880 1025 2936 sequere«

7 2951 56 3000 tar.
89 2945 164 3002 Nam
186 2955 216 2999 et
235 2946 298 3016 ipsa
315 2943 375 2998 filia
387 2941 512 3004 Lamech
530 2940 641 2998 Notiora
657 2946 790 3019 voluptas
807 2946 1025 3021 interpretatur.

7 3014 57 3080 'er
68 3026 136 3085 Seth
149 3036 246 3083 autem
259 3025 293 3082 ab
307 3025 399 3081 Adam
412 3042 505 3099 usquc
523 3023 560 3079 ad
572 3024 787 3083 Nori‘denarius
801 3029 969 3090 insinuatur
983 3028 1026 3082 le-

7 3103 113 3167 ῖὶιίιιιιι
128 3127 280 3168 numerus.
315 3105 445 3164 erinae
459 3116 518 3162 tres
532 3107 790 3166 adiiciunturlilii:
818 3112 1025 3168 undeunola-
1114 3127 1116 3132 ’

7 3201 52 3245 *so
70 3192 124 3250 duo
143 3192 358 3250 benedicuntur
376 3199 506 3263 epatre,
532 3199 566 3245 ut
582 3200 694 3247 remoto
713 3193 834 3267 reprobo
853 3204 883 3249 et
896 3192 1026 3267 probatis
1071 3203 1073 3210 ’

7 3263 65 3328 iliis
78 3275 277 3346 adnumerum
290 3272 395 3328 additia
408 3273 494 3328 etiam
505 3270 702 3332 duodenarius
714 3293 849 3331 numerus
863 3278 1026 3345 intimetur,

7 3356 51 3430 lui
64 3368 90 3412 et
101 3360 132 3414 in
145 3355 380 3416 Patriarcharum
393 3363 423 3409 ct
434 3356 467 3411 in
479 3356 684 3438 Apostolorum
697 3367 818 3412 numero
829 3359 956 3435 insignis
969 3367 1025 3427 est,

7 3433 110 3514 *raptet
132 3440 293 3512 septenarii
313 3446 427 3512 partes,
452 3439 573 3496 alteram
592 3457 644 3511 per
666 3441 787 3494 alteram
811 3441 1025 3514 multiplicatas.

7 3507 70 3578 dam
88 3533 134 3579 ter
154 3523 303 3597 quaterni,
329 3522 377 3576 vel
390 3529 491 3595 quater
505 3521 583 3576 terni
596 3522 690 3593 ipsum
702 3521 827 3577 faciunt.
869 3522 925 3578 His
939 3523 980 3577 ita
994 3541 1025 3578 se

7 3603 183 3675 labentibus,
208 3603 295 3660 rideo
323 3602 563 3659 considerandum
589 3611 618 3657 et
644 3605 941 3677 commemorandum,
968 3607 1024 3662 ista
1055 3653 1057 3658 ι

7 3689 118 3762 ¹traque
131 3687 302 3764 progenies,
317 3703 390 3759 quae
404 3684 550 3740 distinctis
562 3684 800 3762 generationibus
813 3686 883 3743 duas
896 3689 1027 3745 insinuat

7 3751 154 3840 :ivitatem
179 3787 269 3824 unam
283 3770 512 3844 terrigenarum,
537 3770 658 3822 alteram
675 3778 927 3846 regeneratcrmn,
954 3789 1025 3844 quo-

7 3851 82 3910 sato
94 3862 196 3930 postca
208 3853 251 3908 sic
265 3852 420 3908 commixta
432 3850 523 3908 fuerit
536 3859 622 3928 atque
642 3849 779 3924 confusa,
806 3862 839 3908 ut
856 3855 1027 3918 universum

677 3931 738 3996 El
