2340 4312
188 239 230 324 ee
417 225 518 288 orm
546 227 734 302 svaran
759 223 1023 286 nvovsmm

193 397 287 458 stros,
315 383 370 439 duo
388 381 481 438 millia
499 379 617 437 ducenti
631 381 787 458 sexaginta
804 379 875 437 duo:
903 378 1052 436 seeundum
1061 377 1125 434 Heba

194 479 304 540 autem,
316 468 406 536 mille,
420 465 554 520 sexcenti
567 466 780 542 quinquaginta
793 469 856 518 sex.
879 462 920 518 Vt
937 481 1007 539 ergo
1021 464 1125 517 uturum

192 571 258 610 rum
269 553 411 608 minorem
424 546 573 602 credamus
588 565 652 602 esso
663 549 819 617 aeriorem,
834 546 870 601 de
883 546 965 601 mille
977 546 1125 616 sexcentisq

194 637 336 712 quaginta
350 649 402 688 sex
415 632 501 686 annis
515 629 634 686 ducenti
647 628 843 706 quadraginta
856 627 1057 686 detrahantur:
1076 646 1125 683 num

193 718 331 773 credibile
345 724 390 770 est
401 731 453 788 per
465 714 546 768 mille
558 712 807 788 quadringentos,
827 719 857 767 et
870 693 948 787 quod
962 711 1125 781 excurrit,ar

195 802 246 875 qui
263 807 376 854 restant
389 812 480 869 usquc
493 794 529 850 ad
543 794 699 866 diluvium,
724 797 897 872 progeniem
910 795 984 853 Cain
997 813 1014 850 a
1026 800 1125 872 generat

158 935 162 944 ‚
194 873 523 952 busvaoarepotuissei

205 993 206 996 =
257 961 317 1019 Sed
330 963 380 1035 qui
394 977 431 1014 ex
443 959 499 1015 boc
512 969 657 1032 movetur,
669 960 846 1031 meminerit,
860 977 950 1034 quum
963 977 1123 1035 quaererem,

194 1044 279 1102 modo
295 1042 469 1100 credendum
483 1045 537 1112 sit,
551 1045 687 1118 antiquos
697 1041 909 1102 illosbomincs
921 1062 974 1118 per
983 1054 1042 1100 tam
1052 1043 1125 1096 multo

169 1119 174 1128 ’
196 1145 251 1184 nos
265 1145 282 1183 a
296 1124 452 1202 gignendis
466 1125 534 1180 filiis
547 1143 662 1180 cessare
674 1119 820 1200 potuisse,
847 1125 959 1181 duobus
973 1125 1062 1182 modis
1077 1124 1125 1177 istu

195 1211 288 1265 lutam
300 1225 364 1262 esse
378 1208 589 1281 quaestionem3
604 1217 655 1262 aut
667 1208 703 1260 de
716 1199 781 1273 sera
794 1208 958 1280 pubertate,
971 1207 1124 1280 proportior

197 1295 304 1369 longae
328 1292 425 1360 vitae;
451 1298 501 1344 aut
518 1288 554 1343 de
573 1289 642 1346 filiis
662 1289 713 1362 qui
732 1299 997 1360 commemorantur
1015 1290 1046 1344 in
1058 1305 1125 1363 genu

197 1375 302 1444 nibus,
319 1371 477 1448 quodmon
491 1369 602 1428 fuerint
617 1372 819 1448 primogeniti3
845 1371 897 1425 sed
908 1370 940 1426 hi
952 1389 1005 1445 per
1018 1389 1086 1445 quos
1098 1367 1125 1423 ad

197 1475 285 1531 quem
298 1454 470 1512 intendebat
482 1461 584 1508 auctor
596 1453 683 1523 libris,
698 1461 823 1526 poterat
833 1454 1007 1526 pervenire,
1026 1456 1098 1508 sicut
1108 1470 1125 1506 ar

196 1543 228 1596 in
242 1537 481 1616 generationibus
495 1535 576 1592 Seth.
619 1531 747 1590 Proinde
771 1537 803 1591 in
827 1537 1068 1612 generationibus
1086 1533 1125 1590 cai

197 1641 259 1678 non
272 1621 403 1677 decurrit
415 1621 465 1694 qui
477 1619 595 1674 deberet
607 1618 731 1688 intendi,
745 1617 781 1674 ad
795 1636 880 1693 quem
893 1619 1125 1693 praetermissisp

197 1703 330 1784 genitis,¹
346 1721 399 1777 per
422 1721 471 1757 eos
491 1703 540 1775 qui
559 1702 879 1772 commemoratisunt,
907 1703 1056 1774 perveniri
1068 1717 1125 1774 opor

197 1807 264 1844 sera
281 1787 417 1862 pubertas
435 1784 628 1860 intelligenda
646 1785 783 1855 restabit3
809 1791 842 1838 ut
861 1786 1011 1858 aliquanto
1029 1793 1092 1857 post
1108 1802 1125 1837 er

189 1889 309 1941 annos,
328 1869 451 1943 puberes
464 1867 632 1942 habilesque
645 1866 681 1923 ad
695 1865 876 1944 gignendum
888 1867 961 1922 faeti
974 1868 1097 1936 fuerint,
1107 1881 1125 1919 u

198 1955 488 2030 generationumper
499 1951 711 2027 primogenitos
725 1959 871 2020 curreret,
895 1959 926 2005 et
936 1968 1029 2026 usquc
1041 1949 1077 2005 ad
1089 1947 1125 2002 dib

136 2050 138 2054 ·
198 2036 401 2092 adnumerum
414 2051 557 2090 annorum
575 2041 675 2088 tantae
689 2034 859 2106 quantitatis
873 2041 1050 2088 occurreret.
1090 2032 1125 2096 Qu

179 2119 265 2179 ,ficri
277 2119 387 2190 possit,
413 2125 447 2171 ut
462 2127 581 2189 propter
599 2117 725 2190 aliquam
738 2117 924 2170 secretiorem
941 2134 1072 2188 causam,
1095 2130 1125 2187 qu

145 2265 147 2268 ¹
197 2204 287 2269 latet,
302 2217 395 2273 usque
408 2197 445 2252 ad
457 2198 581 2254 inaniecb
595 2200 700 2254 eteius
714 2198 789 2254 filios
804 2200 1029 2276 generationum
1042 2213 1125 2273 perrel

115 2341 116 2346 ,
201 2290 356 2350 contextu,
371 2280 622 2338 commendaretur
634 2280 705 2337 baec
719 2280 841 2351 Civitas,
856 2298 944 2355 quam
957 2282 1077 2336 dicimus
1090 2295 1125 2334 css

198 2377 316 2434 renam3
342 2381 377 2419 ac
397 2362 501 2418 deinde
519 2373 649 2420 cessaret
667 2365 793 2438 scriptor
809 2365 876 2419 libri
896 2381 1121 2432 commemorare,

144 2473 153 2481 -
198 2465 263 2517 ras,
282 2463 357 2520 quae
370 2445 461 2521 usque¹
475 2446 511 2502 ad
524 2447 665 2504 diluvium
678 2443 923 2522 essc‘potuerunt.
947 2446 1050 2502 Potest
1062 2445 1125 2502 etill

200 2548 304 2600 causa,
319 2548 370 2586 eur
383 2548 444 2586 non
459 2529 530 2585 ordo
540 2533 764 2608 generationum
773 2548 825 2604 per
838 2532 1051 2608 primogenitos
1064 2529 1125 2584 duee

198 2623 231 2667 ut
245 2630 365 2670 necesse
378 2631 438 2670 non
452 2615 491 2668 sit
503 2613 535 2669 in
549 2616 607 2669 illis
621 2611 784 2669 hominibus
799 2621 859 2668 tam
878 2632 974 2669 seram
994 2613 1125 2683 crederep

198 2705 299 2768 tatem,
314 2696 390 2771 quod
404 2698 517 2752 scilicet
530 2695 629 2751 cadem
643 2696 757 2767 civitas,
770 2713 857 2770 quani
868 2695 942 2754 Cain
955 2697 989 2752 in
1002 2691 1125 2753 nomine}

66 2815 78 2840 s
142 2830 150 2836 .
193 2779 251 2835 mii
265 2781 312 2835 sui
326 2779 470 2851 condidit,
496 2780 585 2857 longe
598 2781 713 2853 lateque
726 2797 851 2856 regnare
869 2781 1014 2854 potuerit,
1039 2790 1068 2835 et
1077 2795 1125 2853 reg

197 2863 266 2919 bere
279 2881 340 2919 non
353 2864 438 2916 simul
450 2865 559 2936 plures,
573 2862 624 2917 scd
633 2863 693 2917 ssui
707 2861 851 2918 aetatibus
866 2863 1011 2940 singulos,
1026 2880 1093 2937 quos
1104 2879 1125 2937 g<

156 3005 158 3016 ,
197 2955 264 3002 cent
286 2947 342 3001 sibi
365 2963 555 3018 successuros·
574 2946 741 3020 quicunque
762 2954 948 3022 regnassent.
991 2944 1125 3002 Horumr

141 3039 146 3046 '
194 3030 305 3106 primus
324 3045 388 3082 esse
404 3029 502 3100 potuit
521 3029 582 3101 ipse
600 3026 688 3100 Cain,
700 3027 859 3084 secundus
877 3028 955 3084 filius
976 3030 1037 3084 cius
1053 3027 1125 3084 Enoc

195 3113 279 3168 euius
293 3111 429 3182 nomine,
443 3112 492 3166 ubi
505 3109 697 3188 regnaretur,
712 3111 831 3167 condita
845 3120 892 3167 est
906 3113 1028 3168 civitas:
1042 3111 1125 3166 sertin

194 3193 267 3266 dod,
291 3211 376 3268 quem
390 3195 493 3270 genuit
506 3192 620 3250 Enoch:
647 3203 767 3269 quartus
781 3192 926 3266 Manihel,
938 3191 1028 3269 quem
1040 3193 1125 3272 gcnnb

196 3276 265 3332 dad:
279 3278 400 3350 quintus
415 3271 590 3347 Mathusael,
604 3294 691 3350 quem
705 3277 809 3354 genuit
822 3276 964 3334 Manihel:
980 3288 1078 3333 sextus
1091 3275 1125 3331 La

197 3371 284 3432 quem
295 3361 399 3437 genuit
405 3357 579 3430 Mathusail,
589 3361 640 3433 qui
653 3361 790 3433 septimus
803 3369 848 3414 est
856 3360 988 3418 abAdam
1001 3359 1123 3436 perCoin

196 3451 294 3497 autem
305 3451 369 3496 erat
382 3453 584 3516 consequens,
602 3453 636 3497 ut
648 3444 837 3518 primogeniti
854 3444 887 3498 in
900 3462 1026 3521 regnum
1037 3457 1123 3518 regna

197 3524 389 3580 succederent
401 3524 606 3597 patribus,-sed
616 3543 689 3599 quos
700 3525 846 3602 regnandi
858 3529 997 3584 meritum
1011 3535 1119 3600 propter

196 3615 256 3660 tem
269 3614 404 3664 terrenae
414 3610 516 3664 utilem
523 3608 646 3677 civitati,
660 3609 708 3663 vel
718 3626 782 3663 sors
793 3609 890 3682 aliqua
900 3612 1053 3684 reperiret,
1065 3605 1125 3662 veli]

197 3688 343 3742 tissimum
360 3690 531 3745 succederet
546 3691 623 3762 patri
640 3689 835 3746 haereditario
856 3692 982 3766 quodam
1000 3694 1125 3764 iuteregr

198 3782 284 3839 quem
296 3787 365 3842 prae
380 3773 503 3828 caetcrIs
517 3773 585 3828 filiis
602 3772 761 3830 dilexisset.
785 3773 887 3833 Potuit
896 3786 995 3832 autem
1006 3776 1117 3832 vivente

199 3845 324 3938 bamecb
335 3860 572 3933 etqueregnante
580 3855 809 3940 fieridiluvium,
822 3865 857 3914 ut
870 3859 968 3936 ipsum
981 3876 1046 3916 cum
1057 3856 1115 3912 aliis
