2340 4320
108 165 113 300 ¹.
164 219 223 282 ιιι
324 299 338 318 „
389 192 1006 286 nrvrrvnsan'nvevsrmr

77 411 78 418 ι
144 383 238 429 'trem
251 373 396 437 cestrum,
423 365 475 443 qui
491 366 629 425 incaelis
648 376 707 436 eat,
731 365 767 426 ad
786 368 1021 440 qucm'conrersi
1034 365 1110 426 liant
1122 387 1147 444 qr

151 456 243 510 estis.
272 451 335 508 Hos
350 453 442 506 secuti
455 460 524 508 sunt
535 450 692 526 Martyres,
717 452 768 525 qui
780 448 953 519 scaevolas,
977 459 1007 506 et
1018 449 1144 522 Curtios,

161 535 281 607 Decios,
306 554 366 590 non
379 534 435 608 silai
449 533 601 590 inferendo
615 552 735 607 poenas,
761 533 812 588 sed
825 534 921 589 illatas
935 532 1071 606 ferendo,
1095 544 1147 592 etr

161 631 223 680 tute
234 637 316 696 ocra,
327 617 467 692 ‘qnoniam
475 635 546 673 vera
557 601 676 691 pietate,
690 627 719 672 et
728 601 936 672 innumerabili
946 618 1147 674 multitudine!

162 691 311 780 p'erarunt.
347 699 407 757 Sed
423 701 545 776 camilli
561 709 659 755 essent
671 702 703 756 in
717 701 836 757 civitate
849 709 986 772 terrena,
1011 701 1114 775 quibus
1125 721 1147 777 pr

161 786 272 862 pesitus
288 793 351 840 crat
364 784 557 864 omniumqpro
571 785 622 838 ille
636 783 794 840 officiorum
807 784 893 855 finis,
921 787 1110 842 incolumitas
1117 787 1147 846 ¹cir

68 909 71 924 ι
163 882 193 926 et
205 883 330 946 regnum
344 886 403 922 non
418 867 450 921 in
464 868 556 937 coelo,
576 867 672 942 sedin
685 876 781 938 terra3
804 881 865 924 non
878 870 910 924 in
924 871 989 924 vita
999 879 1147 940 aeternat

162 957 194 1010 in
220 952 393 1018 decessione·
410 951 597 1013 morientium
621 958 651 1004 et
674 951 857 1006 successione
878 953 1103 1024 moriturorum3
1125 971 1147 1028 qr

66 1093 73 1106 „
164 1036 242 1093 aliud
255 1043 387 1092 amarent
400 1049 485 1107 quam
498 1035 637 1109 gloriam,
663 1031 874 1108 qua'rolebant
892 1039 981 1091 etiam
994 1039 1147 1111 postulem

157 1130 300 1199 tanquam
313 1119 412 1173 vivere
425 1117 457 1172 in
472 1133 522 1171 ore
536 1113 732 1172 laudantium?

558 1267 580 1325 C
600 1268 625 1324 A
645 1265 677 1322 Ρ.
719 1266 753 1326 Χ
766 1267 799 1324 V.

55 1405 73 1439 Ι.
162 1366 205 1419 De
215 1367 333 1418 mercede
344 1364 493 1432 temporali,
504 1379 583 1432 qaam
588 1361 664 1416 Deus
675 1365 793 1418 reddidit
803 1364 877 1418 benis
882 1325 1001 1422 maridas
1006 1365 1147 1418 Romanam

227 1454 337 1522 Quibus
359 1474 429 1532 ergo
448 1473 508 1510 non
529 1463 593 1512 erat
605 1453 686 1510 Deus
705 1454 825 1511 daturus
844 1457 936 1512 vitam
959 1465 1108 1512 aeternam
1126 1472 1147 1509 cr

163 1540 273 1595 sanctis
284 1538 405 1616 Angelis
425 1541 484 1594 suis
504 1536 676 1601 incivitate
696 1557 749 1594 sua
766 1541 898 1608 coelesti,
924 1539 961 1594 ad
973 1541 1060 1596 cuius
1072 1539 1147 1594 societ

138 1615 140 1620 ’
162 1632 222 1678 tem
234 1623 326 1696 pietas
340 1641 411 1678 vcra
423 1620 573 1696 perducit,
596 1639 669 1696 quae
684 1641 742 1677 non
756 1620 874 1678 exhibet
886 1624 1063 1679 servitutem
1074 1621 1147 1698 religi

162 1708 219 1777 uie,
234 1723 319 1780 quam
332 1699 467 1784 latorium
482 1703 588 1760 Gracci
601 1714 718 1775 vocant,
732 1707 790 1761 nisi
804 1708 940 1762 univero
954 1705 1037 1777 Dao;
1064 1708 1089 1761 si
1100 1721 1147 1778 neq

160 1785 236 1846 hanc
250 1791 311 1844 cius
325 1799 473 1844 terrenam
485 1790 608 1865 gloriam
622 1790 860 1845 excellentissimi
877 1791 994 1862 imperii
1010 1787 1147 1845 concedere

162 1892 222 1929 non
235 1871 406 1928 redderetur
419 1889 530 1940 merces
543 1872 627 1927 bonis
636 1867 752 1928 ‘a'rtibus
766 1890 884 1942 eorum,
910 1872 940 1927 id
962 1882 1009 1928 est
1025 1871 1147 1928 virtutiiu

162 1956 266 2031 quibua
278 1955 313 2011 ad
325 1964 437 2011 tantem
445 1956 569 2032 gloriam
579 1957 735 2027 pervenire
746 1956 924 2011 nitebantur.
936 1955 983 2012 De
992 1956 1098 2011 talibus
1105 1953 1147 2010 eris

41 2019 43 2024 ι
72 2101 73 2104 Ἰ
161 2041 212 2114 qui
225 2047 344 2112 propter
355 2037 409 2095 hoc
423 2037 492 2092 beni
507 2039 617 2112 aliquid
630 2035 726 2093 faccr'c
740 2037 936 2111 videntur‚‘ut
944 2039 1147 2116 glorificentur

161 2119 338 2192 hominibus,
366 2122 453 2177 etiam
466 2120 611 2176 Dominus
625 2124 680 2178 ait:
694 2121 784 2178 Amen
798 2123 862 2180 dico
872 2112 971 2192 cobis,
991 2137 1147 2199 percepero

161 2205 320 2262 mercedem
334 2221 426 2260 suam.
452 2201 502 2260 Sic
522 2214 552 2259 et
570 2207 621 2258 isti
639 2207 767 2278 privatas
780 2222 827 2260 res
842 2223 910 2270 anas
923 2223 977 2278 pro
991 2223 1024 2260 re
1039 2219 1147 2262 commun

60 2317 62 2334 ι
156 2285 215 2343 ¹hoc
224 2296 276 2342 ‘est
287 2287 433 2362 republica
438 2301 448 2355 ‘,
477 2295 571 2360 etpro
585 2289 647 2342 cius
661 2289 775 2344 aerario
790 2296 1024 2359 contemserunt,
1054 2275 1147 2343 ararici

160 2372 344 2440 restiterunt,
359 2372 571 2426 consuluerunt
583 2372 694 2444 patriae
709 2372 831 2428 consilio
844 2372 950 2442 liber03
977 2389 1076 2448 neque
1089 2370 1147 2425 delia

66 2471 67 2477 ¹
160 2452 320 2510 secundum
334 2471 402 2508 suas
416 2455 509 2531 leges,
520 2472 617 2528 neque
633 2454 747 2510 libidini
761 2455 894 2520 abnoxii:
912 2452 958 2509 his
972 2455 1106 2511 omnibns
1118 2465 1147 2507 an

115 2583 117 2588 .
160 2536 214 2592 bus
228 2547 367 2611 tanquam
379 2555 450 2594 vera
462 2539 511 2593 vin
525 2538 582 2592 nisi
596 2536 709 2592 suntad
721 2535 859 2609 honores,
873 2539 1041 2612 imperinm,
1056 2537 1147 2615 gloriar

105 2681 106 2684 Ἴ
160 2617 296 2694 honorati
310 2622 423 2676 suntin
436 2622 570 2676 omnibus
584 2621 645 2675 fere
659 2621 810 2700 gentilium
835 2622 950 2696 imperii
971 2624 1017 2676 sui
1040 2624 1118 2698 leges
1133 2618 1147 2672 ir

162 2714 322 2778 posuerunt
334 2706 432 2759 multis
446 2705 599 2801 gentibus3
627 2703 771 2779 hodieque
785 2706 878 2760 literis
893 2715 922 2760 et
935 2703 1060 2761 historia
1073 2703 1147 2782 glori«

160 2795 317 2862 sunt'pene
329 2788 359 2842 in
376 2789 507 2842 omnibus
521 2789 667 2865 gentibue
691 2788 757 2843 Nan
771 2797 816 2844 cst
831 2787 908 2864 quod
922 2788 958 2844 de
972 2791 1080 2844 summi
1093 2781 1147 2842 et‘u

129 2881 131 2884 '
160 2871 217 2928 Dei
231 2873 344 2926 iustitia
357 2881 591 2945 conqueranturr
600 2882 801 2950 perceperunt
816 2873 977 2929 mercedem
990 2869 1084 2928 suam.

437 3015 441 3022 ⁴
531 3019 661 3079 'CAR
703 3019 809 3080 XVl.

155 3115 200 3171 die
211 3119 329 3171 mercede
338 3129 492 3170 sanctorum
506 3116 603 3171 ciuium
617 3117 745 3170 Civitatis
759 3128 901 3181 aeternae,
920 3120 1018 3186 quibus
1034 3119 1114 3172 utilia
1128 3133 1147 3168 ιι

441 3188 622 3265 Rornanorum
633 3192 753 3256 exernpla
763 3189 905 3240 virtutum.

222 3277 335 3334 Merces
349 3285 446 3333 autem
460 3277 629 3340 sanctorum
641 3281 729 3356 longe
742 3278 799 3333 alia
813 3287 858 3333 est
873 3279 964 3336 etiam
975 3278 1025 3336 hic
1040 3277 1147 3354 opprolu

56 3407 60 3418 ,
121 3375 123 3380 ’
157 3364 368 3418 sustinentium
381 3379 433 3434 pro
448 3341 573 3417 diritate
587 3360 660 3432 Dei,
686 3379 761 3436 quac
778 3361 881 3416 mun-di
899 3360 986 3417 huius
1005 3360 1147 3419 dilectoril

157 3446 258 3501 odiosa
272 3454 325 3500 cst.
352 3444 404 3500 llla
418 3444 528 3500 Civitas
543 3447 719 3519 sempiterna
733 3454 791 3500 cst:
816 3445 970 3502 ibi-nullus
985 3449 1100 3516 oritur3
1124 3461 1147 3518 ql

157 3530 255 3584 nullus
268 3529 400 3584 moritur.
428 3527 472 3583 lbi
487 3538 531 3582 est
543 3547 614 3583 vera
628 3537 658 3583 et
668 3530 756 3602 plena
768 3528 905 3598 felicitas,
919 3545 981 3584 non
996 3529 1063 3601 dea,
1078 3528 1124 3584 sed
1137 3525 1147 3580 1

157 3628 227 3666 num
241 3611 306 3668 Dei.
334 3611 487 3667 lndclidei
499 3613 606 3688 pignus
620 3614 795 3685 acecpimus,
814 3611 951 3686 quamdiu
966 3616 1147 3692 peregrinant

157 3695 220 3748 eiua
241 3695 451 3768 pulchritudini
472 3697 657 3767 suspiramus.
685 3694 728 3750 lbi
746 3713 805 3750 non
827 3696 922 3752 oritur
938 3699 985 3758 ιοΙ
999 3715 1090 3771 super
1103 3697 1147 3754 bon

159 3780 313 3847 etruriae,
337 3777 388 3832 sed
408 3780 452 3833 sol
469 3780 597 3833 iustitiae
617 3780 694 3833 solos
713 3775 843 3854 protegit
855 3779 956 3836 bones.
985 3779 1030 3835 lbi
1053 3799 1113 3836 nen
1135 3796 1147 3830 e

157 3876 263 3936 magne
273 3861 429 3929 industria,
445 3860 537 3916 ditare
551 3862 694 3916 aerarium
704 3861 852 3935 publicum
862 3863 983 3936 privatis
996 3865 1084 3920 rebus
1098 3879 1147 3937 ang

192 3961 198 3988 ο
553 3949 557 3958 ,
713 3951 717 3957 .
