2362 4320
263 211 318 272 aa
341 177 554 276 crvrrauu
577 209 654 266 aar
675 206 754 266 rra.
773 204 813 265 x.
949 247 956 257 a
994 215 1058 288 ιιι,

23 358 152 426 carenda
167 369 199 417 et
213 357 380 436 detestanda
402 361 531 431 fallacia,
550 367 579 416 et
596 359 732 415 salutaris
754 354 898 414 audienda
913 354 1053 415 doctrina.

24 445 103 511 Quod
117 437 263 516 enimqui
275 441 328 499 has
343 442 474 500 sordidas
487 443 674 516 purgationes
694 441 846 515 sacrilegis
867 438 972 496 ritibus
985 459 1056 529 ope-

22 538 143 595 rantur,
163 524 300 598 quasdam
313 524 488 580 mrralnlrter
500 521 651 596 pulchras
670 524 746 579 sicut
763 525 819 576 iste
837 517 1056 595 commemoratJ

23 608 66 663 rel
84 607 285 680 angelorum
276 609 420 683 imagines
438 605 633 674 caldeorum,
655 614 792 679 tanquam
805 613 927 680 purgato
950 605 1053 678 spiritu

23 687 137 756 rident,
156 685 306 762 (sitamen
320 686 708 762 veltalealiquidrident,)
731 679 804 742 illud
823 697 868 740 est
887 685 1053 758 quodrlpo-
1074 699 1087 710 “

25 771 111 824 stolus
126 729 216 824 llicit:
244 768 389 837 Quoniam
407 779 532 825 tatanus
552 769 752 845 transfigurat
770 786 802 824 se
819 761 900 824 velut
918 767 1053 842 angelum

26 851 104 906 lucie.
148 849 223 906 Eius
242 854 320 906 enim
338 852 476 906 suntilla
492 847 708 923 phantasmata,
731 852 781 924 qui
801 852 921 905 nriseras
942 851 1052 904 animm
1097 905 1104 918 Ι

28 935 179 988 multorum
193 932 391 1004 falsorumque
404 931 522 988 deorum
536 930 687 988 fallacibus
694 935 784 988 sacris
796 933 913 1008 cupiens
924 933 1052 1001 irretire,
1150 957 1151 960 ¹

32 1023 82 1068 eta
93 1031 164 1070 vero
179 1011 236 1067 Dei
250 1015 347 1082 cultu,
360 1030 416 1086 quo
430 1013 492 1067 solo
505 1011 680 1066 mundantur
693 1022 722 1070 et
736 1021 894 1081 sanantur,
908 1023 1052 1083 avertere,

34 1097 100 1150 sicut
115 1095 150 1150 dc
168 1092 274 1150 Proteo
293 1094 404 1150 dictum
423 1102 481 1164 est,
494 1091 635 1163 „Formas
653 1112 684 1148 se
705 1097 796 1150 vertit
813 1095 845 1148 in
865 1113 979 1154 omnes:
1000 1094 1053 1151 ho·

33 1178 129 1233 rtiliter
140 1179 311 1252 insequens,
326 1175 469 1258 fallaciter
480 1173 667 1246 subveniens,
684 1176 835 1251 utrobique
848 1179 987 1234 noceas.“

431 1319 534 1379 CAP
577 1319 644 1379 Xl.

31 1417 68 1470 De
80 1418 190 1486 epistola
205 1414 353 1490 Porphyrii
366 1416 402 1468 ad
414 1417 578 1469 Anedoatem
593 1417 669 1484 Aegy
688 1416 765 1481 ἰίιιιιι,
781 1416 810 1470 ia
824 1433 877 1486 qua
884 1418 957 1536 petit
970 1419 1000 1470 de
1013 1419 1051 1470 dr·-

321 1484 445 1546 versitate
455 1484 646 1535 daeraonumse
674 1484 752 1536 oceri.
893 1515 894 1520 =

84 1589 193 1646 Melius
206 1589 303 1663 sapuit
319 1591 375 1654 iste
389 1585 583 1664 Porphyrius,
603 1608 667 1646 cum
684 1588 720 1644 ad
734 1587 912 1644 Anelrontom
935 1591 1053 1662 scripsit

32 1671 214 1748 Aegyptium,
231 1668 283 1727 ubi
295 1671 459 1726 consulenti
473 1665 620 1728 similir‘et
633 1673 799 1745 quaerenti,
821 1680 850 1725 et
860 1668 955 1743 prodit
973 1682 1056 1726 artes
1117 1725 1120 1727 .

35 1757 184 1829 recrilegas
198 1763 227 1808 et
241 1755 355 1808 evertit.
389 1752 428 1808 Et
440 1752 481 1808 ibi
494 1753 607 1828 quidem
623 1771 723 1810 ornnes
738 1751 892 1807 daemones
906 1752 1051 1825 reprobat,
1103 1755 1111 1759 ’

34 1853 97 1908 quor
111 1835 183 1891 dicit
196 1836 231 1891 ob
246 1833 471 1909 imprudentiam
484 1829 599 1892 trahere
611 1834 762 1892 humidum
775 1849 928 1907 vaporem,
942 1843 972 1889 et
984 1835 1049 1889 ideo
1129 1897 1131 1900 ¹

33 1934 83 1972 non
96 1921 128 1973 in
142 1916 274 1989 aethera,
294 1917 386 1973 sedin
397 1925 464 1972 ae‘re
477 1936 539 1974 esse
555 1914 606 1972 sub
621 1919 707 1988 luna,
727 1927 814 1990 atque
836 1919 867 1973 iu
885 1919 949 1989 ipso
965 1918 1050 1970 lunae
1100 1935 1104 1939 ¹·
1165 1979 1168 1990 Ι

32 1999 124 2073 globo:
142 1999 342 2070 r'erumtamen
357 2017 416 2055 non
430 1999 628 2068 audetomnes
643 1999 771 2056 fallacias
785 2012 815 2055 et
827 2000 952 2056 arralitiar
963 2007 991 2053 et
1004 1999 1050 2053 iu-

32 2085 129 2154 epure,
156 2081 259 2157 quibus
285 2083 390 2137 merito
414 2091 564 2154 moretur,
596 2083 730 2144 carnibus
751 2078 943 2154 ¹daenronilrur
970 2080 1049 2136 dare.

33 2164 166 2236 Quosdam
185 2182 311 2238 namque
338 2161 649 2240 benignordaemones
676 2166 895 2239 moreappellat
913 2166 1048 2234 aliorum,

34 2263 89 2300 cum
110 2264 209 2302 omues
234 2247 414 2322 generaliter
438 2247 635 2321 imprudentes
663 2259 724 2304 esre
748 2249 882 2304 fateatur.
924 2245 1049 2302 Miratur
1132 2315 1135 2324 ι

34 2337 118 2384 sutem
132 2327 208 2402 quod
223 2347 282 2384 non
303 2331 395 2385 solum
414 2328 454 2384 dii
468 2331 634 2386 alliciantur
645 2332 787 2396 victimis,
808 2328 858 2385 red
871 2330 957 2383 etiam
970 2347 1048 2384 com-

33 2410 164 2481 pellantur
177 2421 265 2484 atque
279 2421 420 2485 cogantur
432 2412 527 2468 facere
541 2409 617 2486 quod
630 2411 760 2469 homines
772 2413 888 2467 volunt:
907 2412 971 2466 etsi
984 2429 1049 2466 cor·
1076 2473 1080 2480 „

33 2508 91 2562 pore
107 2503 137 2548 et
153 2495 392 2566 incorporalitate
410 2493 450 2548 dii
468 2513 485 2550 a
504 2493 690 2551 daemonibus
717 2491 949 2568 distinguuntur,
977 2511 1049 2567 quo-

34 2573 104 2630 modo
124 2574 193 2631 deos
208 2593 272 2630 csse
290 2575 517 2632 existimandum
533 2577 571 2630 sit
590 2577 682 2632 solem
700 2584 729 2629 et
742 2577 854 2645 lunam,
867 2585 905 2652 ¹ot
922 2576 1049 2631 risibilia

34 2667 137 2713 caetera
152 2659 183 2714 iu
199 2660 299 2728 coelo,
314 2676 387 2731 quae
401 2674 520 2729 corpora
534 2675 596 2711 esse
610 2676 668 2712 non
684 2656 810 2720 ‹lubitat3
838 2658 900 2711 etsi
915 2656 1047 2728 diluunt,

34 2738 162 2808 quomodo
183 2742 235 2796 alii
248 2739 388 2807 benefici,
404 2737 456 2792 alii
467 2738 589 2794 malefici
605 2757 667 2794 esse
681 2738 830 2810 dicantur3
857 2748 886 2794 ct
906 2741 1047 2814 quomodo

33 2818 267 2895 incorporalibus,
296 2839 360 2875 cunr
388 2821 450 2874 sint
478 2823 621 2894 corporei,
659 2823 882 2898 coniungantur.
927 2824 1049 2888 Quaerit
1134 2866 1151 2882 ,-

33 2904 107 2957 etiam
119 2905 212 2966 veluti
229 2900 380 2973 dubitans,
399 2911 495 2958 utrum
507 2904 538 2960 in
553 2902 750 2958 divinantibus
770 2915 798 2958 et
817 2904 957 2978 quaedam
975 2906 1049 2960 mira

32 2981 194 3058 facientibus
207 2986 322 3040 animae
335 2985 396 3039 sint
407 2982 818 3060 potentiores[passiones]‚nn
830 2987 920 3060 aliqui
929 2987 1047 3058 spiritus

33 3069 206 3123 extrinsecus
219 3070 353 3137 veniant,
365 3065 700 3140 porquoshaecvaleant.
718 3067 757 3122 Et
771 3070 866 3140 potius
879 3070 983 3124 venire
996 3084 1049 3120 ex-

31 3149 167 3220 trinsecus
177 3151 312 3219 coniicit,
336 3167 369 3204 eo
383 3149 456 3223 quod
470 3149 656 3222 lapidibus‘et
667 3149 762 3206 herbis
777 3149 928 3219 conicitis,
943 3158 971 3204 et
985 3149 1049 3203 alli·

30 3241 92 3304 gent
104 3229 291 3306 quosdam,et
304 3234 437 3304 aperiant
449 3233 546 3304 clausa
560 3234 645 3302 ostia,
658 3235 705 3288 rel
716 3232 827 3306 aliquid
840 3231 981 3287 eiusmodi
995 3231 1049 3284 mi·

29 3312 151 3388 rabiliter
164 3323 330 3386 operentur.
372 3311 455 3370 Unde
470 3312 539 3369 dicit
550 3315 621 3374 alios
636 3316 748 3389 opinari
762 3333 826 3370 esse
840 3310 988 3388 quoddam.
997 3329 1049 3385 ge·
1101 3389 1103 3393 v

28 3410 86 3465 ιιιιι,
101 3398 150 3451 cui
164 3396 307 3452 exaudire
321 3398 360 3452 sit
371 3400 529 3469 proprium,
543 3406 649 3453 natura
661 3399 763 3467 fallax,
778 3396 959 3463 omniforme,
973 3394 1048 3448 mul-

27 3477 176 3547 timodum,
195 3480 335 3534 simulans
350 3478 460 3535 deeset
477 3478 630 3554 daemones
649 3489 678 3536 ct
697 3481 808 3535 animas
828 3476 1047 3545 defunctorum3

26 3568 51 3613 et
65 3559 121 3617 hoc
142 3579 208 3616 csse
228 3560 306 3634 quod
325 3549 428 3618 efficiat
445 3559 517 3616 haec
535 3563 630 3617 omnia
648 3581 721 3636 quae
737 3560 874 3617 videntur
891 3556 965 3611 bona
983 3574 1048 3610 esse
1085 3559 1087 3562 ’

26 3643 63 3696 rel
80 3657 191 3716 prara3
219 3651 367 3698 caeterum
383 3645 461 3699 cirea
480 3663 513 3700 ea
533 3661 605 3718 quae
627 3644 704 3700 bona
721 3638 879 3698 suntnihil
898 3638 1048 3712 opitulari,
1075 3647 1077 3649 ’

24 3721 76 3780 iuro
91 3742 164 3782 vero
180 3726 238 3780 ista
251 3743 306 3779 nec
319 3743 418 3795 nosse,
436 3726 487 3781 sed
500 3737 529 3782 et
541 3729 622 3783 ursle
640 3727 812 3793 conciliare,
833 3732 862 3778 ct
881 3721 1049 3776 insimulare

23 3815 106 3880 atque
121 3805 269 3880 impedire
282 3825 488 3884 nonnunquam
500 3810 618 3866 virtutis
630 3809 743 3864 sedulos
757 3814 929 3871 sectatores,
948 3811 977 3856 ct
988 3802 1051 3874 ple

699 3889 763 3950 Tr
