2340 4320
38 195 39 200 ‘
129 157 186 256 rm
353 189 939 290 mmnmmmmwmmmm

27 337 29 341 ¹
125 348 267 424 quaedam
279 347 369 405 verba
384 348 535 416 clanrasse,
555 346 672 403 volasse
691 329 862 422 serpentes,
888 344 1014 400 feminas
1030 353 1061 400 et
1074 347 1169 422 galli'

50 457 52 460 ·
103 450 177 488 1nus
192 441 221 486 et
233 430 621 486 hommesrnmasculmum
633 445 736 484 sexum
753 429 846 484 fuisse
858 445 1032 495 conversas
1048 438 1078 483 et
1093 447 1151 483 eac·
1164 457 1169 465 -=

124 524 188 570 tera
200 512 377 586 huiusmodi,
391 527 465 585 quae
479 513 510 566 in
525 529 627 566 eorum
638 511 733 581 libris,
752 529 814 568 non
828 511 981 580 sabulosis,
997 495 1052 564 sed
1066 509 1150 566 histo·
1166 520 1167 524 ’

43 665 45 668 ¹
98 615 100 620 ‘
123 598 206 666 sicis,
220 614 272 652 seu
284 611 353 650 vera
363 611 415 648 seu
426 593 500 648 falsa
514 595 648 662 sint,non
658 591 970 649 inferunthomiuibus
982 611 1070 666 pern
1063 596 1148 665 ciem,
1162 603 1166 632 ἑ

125 679 176 734 sed
190 688 348 752 stuperem.
363 674 433 733 Sed
448 693 513 731 eum
525 677 600 748 pluit
610 685 702 746 terra,
727 693 794 731 eum
806 677 883 748 pluit
896 683 989 747 creta,
1004 695 1072 732 cum
1083 678 1150 750 pluit
1166 701 1167 708 ¹

123 761 278 836 lapidibus,
293 778 354 814 ιιοιι
365 767 400 814 ut
408 757 520 835 gru-ndo
535 759 675 832 appellari
689 759 765 813 solet
776 757 833 813 hee
847 760 979 828 nomine,
994 758 1049 813 se'd
1062 761 1148 815 omni·

124 863 162 899 no
177 842 336 915 lapidibus3
362 839 435 896 haec
448 840 580 914 profecto
595 833 696 895 etian'r
701 841 833 917 graviter
850 840 968 898 laedere
985 851 1146 914 potuerunt.

123 925 260 1003 Legimus
272 924 347 998 apud
355 941 405 980 eos
414 923 552 979 Aetnaeis
567 923 685 1002 ignibus
695 923 750 978 ab
741 942 805 997 rpso
816 925 927 979 montis
938 925 1054 981 vertice
1065 941 1148 998 usque

122 1007 159 1064 ed
171 1009 255 1063 littus
269 1009 435 1080 proximum
449 1005 696 1061 decurrentibus'
687 1016 730 1061 ιιι
743 1007 898 1064 ferbuisse
901 1023 998 1078 mere,
1020 1017 1056 1062 ut
1068 1023 1146 1082 rupea

123 1099 330 1159 exurerentur,
344 1091 374 1144 et
385 1091 465 1172 pices
479 1089 599 1144 navium
613 1089 806 1144 solverentur.
841 1087 907 1145 Hoc
920 1091 1026 1163 utiquc
1039 1109 1099 1145 nun
1111 1093 1146 1145 le·
1161 1113 1162 1116 ¹

70 1205 71 1208 ι
122 1175 199 1230 viter
216 1168 418 1242 noxiumfuit,
438 1170 926 1245 quamvis1ncred1brlrterm1rum.
962 1171 1078 1230 Eodem
1089 1190 1169 1228 rur-·

123 1274 174 1310 sus
188 1264 272 1310 aestu
287 1255 400 1330 ignium
412 1261 495 1309 tanta
507 1254 539 1308 vi
551 1253 669 1310 favillae
680 1255 862 1330 seripserunt
873 1255 1021 1326 oppletam
1033 1268 1096 1310 esse
1106 1253 1145 1310 Si·
1161 1273 1164 1302 ι

123 1339 234 1407 ciliane,
260 1346 293 1392 ut
306 1335 473 1393 Catinensis
492 1333 572 1390 urbis
581 1359 585 1374 ν
592 1343 671 1390 tecta
689 1335 793 1391 obruta
807 1345 838 1391 et
850 1351 990 1409 oppressa
1009 1336 1145 1392 dirueret:

73 1453 75 1456 .
122 1438 179 1495 qua
194 1421 357 1476 calamitate
370 1418 511 1494 permoti,
532 1417 763 1476 misericorditer
783 1418 913 1474 eiusdem
926 1421 998 1474 anni
1012 1420 1146 1476 tributum
1161 1438 1162 1444 ¹

61 1547 75 1574 ἐ,
122 1505 150 1558 ei
164 1503 336 1566 relaxavere
349 1501 485 1558 Romania
519 1498 712 1556 Locustarum
726 1495 858 1556 ctiamiu
873 1501 1144 1558 Africamultitudi-

121 1605 188 1640 nem
199 1585 465 1663 prodigiisimilem
479 1583 581 1653 fuisse,
596 1601 663 1638 eum
676 1585 734 1639 iarn
746 1592 825 1638 essct
836 1585 937 1656 populi
947 1583 1075 1640 Ronlani
1085 1604 1145 1658 pro·

120 1670 235 1739 vincia,
252 1669 348 1724 literis
367 1665 594 1730 nrandauerunt:
622 1667 781 1722 consumtis
801 1668 879 1722 enim
892 1666 1042 1723 fructibus
1057 1668 1143 1723 soliis·

121 1771 176 1826 que
189 1753 347 1828 lignorum,
367 1751 484 1829 ingenti
497 1757 584 1822 atque
598 1749 806 1808 inaestimabili
819 1749 896 1804 nube
910 1750 943 1808 in
955 1746 1039 1808 niara
1052 1751 1145 1806 dicunt

121 1853 185 1890 esse
205 1834 361 1890 deiectam:
388 1850 445 1908 qua
464 1839 580 1888 mortua
596 1830 766 1905 redditaque
785 1831 950 1903 littoribus,
978 1841 1069 1907 atque
1084 1830 1143 1888 hine

119 1923 188 1973 acre
204 1925 353 1990 corrupto,
379 1922 492 1971 tantam
511 1922 606 1968 ortam
624 1915 842 2012 pestilentiam,
865 1915 927 1970 ut
917 1933 950 1970 ιιι
971 1917 1035 1986 solo
1059 1933 1143 1994 regno

120 1999 294 2056 Masinissae
316 1999 488 2074 octingenta
507 1993 658 2052 hominum
675 1995 796 2052 millia
780 1998 893 2072 perisse
910 1980 1095 2068 referantur,
1120 2005 1144 2052 et

118 2084 209 2136 mirlto
230 2081 379 2156 amplius
370 2099 402 2134 ιιι
421 2079 509 2134 terris
526 2078 674 2162 littoribus
693 2081 846 2152 proximis.
886 2078 979 2139 Tunc
991 2078 1094 2136 Vticae
1113 2097 1144 2134 cx

119 2165 243 2240 triginta
256 2162 407 2217 millibus'
398 2162 558 2230 rumorum,
576 2177 652 2234 quae
666 2161 706 2218 ibi
726 2166 834 2232 crant,
854 2161 956 2218 decern
973 2165 1143 2220 remansisse

36 2239 40 2246 “
119 2245 301 2301 corrfirmant.
341 2242 445 2306 Talis-⁸
431 2252 536 2318 ltaque
552 2245 695 2314 vanitas,
709 2245 824 2318 qualem
838 2235 984 2324 ierimus,
1003 2248 1142 2320 eiquese-

118 2325 261 2400 sponder'e
278 2326 495 2422 compellimur,
523 2325 592 2400 quid
610 2325 716 2382 horum
733 2345 794 2383 non
808 2325 994 2384 Christianae
1011 2329 1143 2424 religioni

117 2409 270 2479 tribueret,
285 2427 311 2464 ιιι
302 2408 503 2481 temporibus
519 2407 695 2466 Christianis
708 2406 840 2466 videreti
853 2409 893 2466 Et
906 2419 1005 2466 tamen
1019 2410 1076 2466 diis
1089 2412 1142 2465 suis

118 2510 178 2548 uon
191 2493 249 2546 ista
261 2491 407 2560 tribuunt:
436 2509 562 2566 quorum
574 2491 640 2547 ideo
655 2493 767 2550 cultum
779 2495 953 2567 requirunt,
982 2513 1020 2548 nc
1034 2495 1091 2550 ista
1101 2493 1143 2548 vel

117 2575 233 2629 minora
257 2575 422 2652 patiantur,
449 2593 514 2632 cum
529 2593 563 2630 ea
575 2576 686 2632 nreiere
709 2577 885 2662 pertulerint
905 2577 1043 2650 aquibus
1064 2585 1142 2632 antea

119 2657 300 2738 colebantur.

193 2771 200 2784 ,

128 2797 1132 2850 mmmwmwwmmwwmwwm

337 2918 548 3046 ,urana
596 2900 914 3032 evherus

470 3057 767 3182 'errari

304 3217 348 3278 lle
360 3225 402 3280 hia
413 3241 481 3294 puae
491 3225 579 3293 primo
588 3223 720 3277 coturnice
731 3223 871 3292 disputato
882 3233 952 3280 reat.

54 3343 62 3348 “
117 3311 175 3391 De
189 3325 316 3387 Ciuitate
330 3330 388 3388 Dei
411 3329 508 3388 dicere
528 3349 669 3401 exorsus,
697 3333 778 3404 prius
797 3324 1034 3404 respondendum
1047 3330 1143 3404 putari

115 3416 178 3470 eius
192 3413 331 3485 inimicis,
347 3416 397 3488 qui
410 3423 528 3470 terrene
541 3413 650 3491 gaudia
665 3422 880 3483 consectantes,
898 3412 1047 3488 rebusque
1061 3415 1142 3491 fuga·

112 3497 196 3553 ‘cibus
212 3494 376 3568 inhiantes,
404 3496 544 3571 quiequid
557 3498 588 3552 in
602 3496 643 3553 cis
657 3497 753 3566 triste,
766 3494 970 3552 misericordia
981 3497 1082 3570 potius
1095 3495 1142 3552 ad-

47 3580 58 3598 '
113 3579 261 3634 urencntis
276 3577 363 3650 Dei,
375 3597 462 3654 quam
473 3579 622 3653 punientis
636 3579 793 3634 severitate
807 3579 979 3652 potiuntur,
1006 3578 1143 3656 religioni

112 3661 293 3732 increpitant
306 3661 507 3731 Christianae,
534 3679 608 3736 quae
625 3678 685 3716 una
703 3670 749 3715 est
762 3660 887 3716 salubris
902 3669 932 3716 et
944 3679 1014 3716 veru
1028 3664 1141 3739 religio.

94 3740 152 3796 'Et
165 3744 303 3814 queniam
317 3763 382 3800 curn
396 3746 435 3800 sit
448 3746 480 3799 in
494 3745 536 3802 eis
551 3743 639 3796 ctiam
652 3744 758 3819 vulgus
772 3743 933 3813 indoctum,
947 3745 1030 3800 velut
1041 3739 1141 3802 dueto-

112 3840 177 3878 ιιιιιι
190 3827 411 3882 auetoritatein
427 3826 525 3886 odium
545 3833 679 3882 nostrum
698 3826 817 3903 gravius
837 3825 1011 3898 irrit'antur,
1039 3828 1140 3883 existi-

140 4014 158 4032 ς
204 4001 210 4028 l
