2324 4312
182 167 692 295 circumlucentem.
719 219 798 295 ιιι.
851 211 852 216 ‘
905 251 907 256 -
947 209 1058 296 maj

43 375 118 430 culis
140 372 314 449 baptismum
338 341 473 443 currere,
499 391 536 430 nc
555 375 619 430 sine
629 373 688 432 ἰΙΙο
704 363 829 432 finiatur
842 373 914 438 hacc
929 379 1007 449 vita3
1061 445 1064 456 Ι

53 458 96 514 ad
115 455 406 525 reconciliationem,
424 457 451 512 si
473 448 566 514 fcrte‘
567 475 619 531 per
636 446 846 530 poenitentiam
860 462 1015 518 malamve

43 542 185 600 cientium
198 539 320 614 quisque
333 539 369 594 ab
383 539 483 595 eodem
493 557 614 612 corpore
624 548 773 612 separatus
784 549 836 596 est.
856 540 914 597 Cur
928 545 1006 599 enim
1092 572 1098 576 ·

43 625 151 695 aista,
158 623 219 682 nisi
232 620 430 696 quiafitlelcs,
444 624 531 678 etiam
544 621 688 693 defuncti,
702 623 868 679 membra
842 642 904 680 cius
918 619 1006 683 cunti
1057 633 1064 646 ⁸

43 708 117 764 niuis
131 726 202 784 ergo
216 722 283 761 cum
296 705 357 760 suis
369 695 537 778 corporibus
553 705 732 776 nondum,
723 717 891 782 1amtamen
907 725 1007 764 eorum

43 807 94 845 tae
105 797 232 868 regnant
246 787 631 866 cumillp,rlum-'1stintillc
647 808 717 844 anm
708 788 898 846 'decurrunt
923 789 1008 847 Vnde

43 888 80 938 oc
93 874 194 930 codem
205 872 280 928 libro
294 849 411 932 etalibi
428 871 551 968 legitur:
576 868 669 928 Beati
687 872 810 941 mortui,
836 874 930 948 quiin
943 872 1021 930 Do-'
1067 923 1076 932 .
1109 869 1113 874 ’

43 958 252 1024 emoriuntur,
272 954 386 1011 amodo
398 963 429 1012 et
443 955 502 1010 iam
514 954 588 1009 dieat
601 952 749 1030 Speretno,
774 958 1008 1036 utreqrrieceent
1074 977 1079 992 ι
1117 995 1119 1010 .

43 1035 163 1096 boribus
176 1040 253 1110 euin·
278 1054 347 1100 nem
369 1054 490 1116 opero
483 1054 580 1096 eorum
599 1047 773 1133 aequentur·
775 1037 849 1094 illos
892 1033 1009 1118 Regnat

43 1136 79 1176 ae
97 1140 163 1178 cum
175 1119 291 1178 Christo
311 1137 392 1176 nunc
410 1120 534 1194 primum
548 1116 709 1174 Ecclesia¹
700 1137 731 1174 ιιι
741 1120 821 1175 vivis
835 1128 864 1176 et
876 1124 1008 1178 mortuis.

43 1214 143 1268 nterea
163 1205 257 1274 enim,
282 1203 360 1258 sicut
377 1200 450 1258 dicit
460 1201 631 1274 Apostolus,
657 1211 788 1258 mortuae
802 1213 848 1259 est
861 1203 1008 1276 Clerietue,

43 1293 58 1340 t
71 1307 202 1344 eteorum
216 1296 246 1343 et
257 1295 437 1342 mortuorum
455 1286 627 1348 dominetur.
661 1281 719 1340 Sed
732 1283 796 1340 ideo
811 1288 1009 1343 tantummodo

43 1375 143 1444 tyrum
155 1371 267 1426 animos
287 1369 539 1437 commemoravit,
566 1368 634 1440 quia
648 1367 703 1440 ipsi
715 1369 869 1441 praecipue
882 1381 1010 1447 regnant

43 1453 105 1525 tui,
131 1454 182 1528 qui
193 1470 286 1527 usque
298 1450 335 1508 au
346 1460 469 1507 mortem
480 1468 541 1523 pro
546 1451 670 1507 veritate
683 1459 879 1508 certaverunt.
919 1451 976 1510 sed
992 1471 1010 1509 a

43 1545 170 1594 :ctutum
183 1537 270 1592 etiam
289 1543 418 1591 caeteros
430 1544 561 1590 mortuos
566 1533 764 1610 intelligimus
773 1535 958 1608 pertinentes
972 1535 1009 1592 od

43 1617 158 1693 lesiem,
172 1618 249 1693 quod
262 1627 307 1674 cst
318 1635 443 1694 regnum
456 1616 574 1673 Christi.
980 1634 987 1649 ·

48 1701 127 1768 Quod
151 1721 220 1772 vcro
223 1703 389 1790 sequitur,
414 1697 457 1755 Et
473 1702 503 1756 ei
517 1701 568 1774 qui
585 1715 641 1756 non
660 1699 861 1756 adoraverunt
874 1699 1009 1773 beotiam,

50 1786 203 1860 imaginem
217 1774 297 1853 eico,
324 1801 376 1840 nec
398 1791 586 1879 acceperunt
598 1783 820 1858 inscriptionem
842 1784 873 1842 in
888 1782 1010 1854 fronte,
1077 1779 1082 1800 “

51 1869 264 1924 inmannouu:
290 1867 378 1922 simul
396 1864 473 1920 dc
446 1865 520 1922 vivis
535 1866 704 1921 acmortuis
719 1863 883 1921 debemus
866 1867 1017 1948 occipere
1046 1860 1052 1884 l
1086 1909 1119 1960 ,Ι

43 1967 62 2028 ιι
75 1951 114 2006 sit
125 1968 212 2025 porro
226 1951 284 2004 ista
295 1949 398 2020 bestia,
414 1949 597 2024 quamvissit
609 1947 780 2044 diligcptius
793 1937 1009 2024 inquirentium,

43 2042 154 2092 ttamen
168 2030 305 2100 abhorret
316 2051 333 2087 a
346 2029 402 2087 fide
414 2040 506 2101 recto,
519 2040 551 2086 ut
563 2032 626 2105 ipsa
640 2032 727 2104 impia
741 2029 849 2087 Civitas
862 2033 1008 2108 intelliga-

43 2157 46 2182 ,
73 2126 103 2172 et
121 2116 244 2190 populus
261 2112 421 2186 infidelium
440 2115 602 2170 contrarius
620 2115 723 2188 populo
744 2113 822 2169 fideli
847 2123 876 2169 et
890 2113 1010 2172 Civitati

43 2239 51 2256 .
84 2198 185 2276 Imago
199 2216 269 2254 vero
285 2198 346 2252 eius
360 2198 507 2252 simulatio
522 2199 583 2252 cius
598 2195 669 2253 mihi
681 2195 814 2268 ridetur,
826 2198 858 2254 in
872 2199 913 2252 eis
927 2198 1010 2254 vidc-

43 2281 242 2349 thominibus,
267 2282 316 2356 qui
334 2282 415 2336 velut
431 2279 518 2334 iidem
535 2279 724 2354 profitentur,
751 2290 780 2336 et
793 2279 953 2348 infideliter
965 2284 1010 2338 ui-
1040 2272 1043 2274 ’

43 2376 61 2424 t.
95 2365 119 2422 F
121 2367 229 2441 ingunt
242 2365 334 2433 onim,
354 2381 463 2418 secssc
477 2361 552 2436 quod
566 2380 627 2420 ιιοιι
639 2373 724 2434 sunt,
738 2369 936 2438 vocanturque
949 2383 1009 2422 non

43 2469 78 2506 ιιι
70 2447 207 2524 'effigie,
221 2446 272 2502 scd
285 2447 405 2504 fallaci'
396 2447 523 2521 imagine
536 2442 722 2500 Christiani.
735 2444 780 2522 Aul
793 2447 913 2503 eandem
927 2466 1009 2504 nam-

49 2533 174 2588 bestiam
188 2531 340 2604 pertinent
353 2533 412 2585 non
425 2531 521 2588 solum
532 2536 631 2600 aperte
643 2528 756 2584 inimici
769 2513 1011 2588 nominiiChristi

43 2618 89 2672 ius
103 2615 332 2692 gloriosissimae
343 2611 493 2680 Civitatis,
513 2609 564 2665 sed
578 2611 666 2666 etiam
679 2605 814 2680 zizania,
829 2629 901 2685 quae
914 2612 949 2668 de
962 2632 1010 2670 re-

59 2700 142 2768 eius,
167 2697 244 2771 quod
263 2705 307 2752 est
319 2695 471 2764 Ecclesia,
496 2695 528 2756 in
541 2692 601 2762 line
618 2695 726 2748 saeculi
746 2694 908 2770 colligenda
930 2707 1009 2754 sunt.
1029 2697 1035 2704 “

43 2784 83 2857 [ui
97 2789 167 2837 sunt
178 2781 227 2854 qui
241 2798 306 2835 non
318 2777 441 2834 adorant
459 2735 581 2838 lectiam
598 2795 654 2832 noc
672 2778 830 2854 imaginem
847 2778 927 2849 cius,
947 2781 1010 2842 nisi
1031 2823 1032 2826 η
1068 2795 1083 2852 j

43 2866 158 2924 faciunt
171 2862 246 2938 quod
260 2855 301 2918 ait
313 2862 483 2935 Apostolus:
509 2857 554 2916 Ne
575 2861 644 2916 titio
668 2861 768 2935 iugum
788 2859 926 2918 docenter
945 2881 1009 2919 cum

43 2944 168 3006 letibus?
194 2945 261 3002 Non
274 2945 510 3014 odorantenim,
521 2943 552 2998 id
565 2953 623 3013 est,
645 2961 706 2998 ιιοιι
720 2944 922 3014 consentiunt,
948 2963 1008 3002 non
1037 2975 1040 2982 0
1117 2943 1119 2952 ⁴

45 3032 191 3088 iniuntur:
217 3046 311 3103 neque
336 3029 482 3101 accipiunt
507 3027 746 3098 inscriptionem,
772 3035 870 3084 notam
896 3027 1021 3084 scilicet.

43 3115 131 3182 uinis,
157 3111 317 3182 infrontc,
340 3119 457 3186 propter
470 3108 694 3183 professionem
719 3111 752 3166 in
764 3128 866 3178 manu,
890 3119 1009 3184 propter
1082 3162 1083 3165 ,
1109 3131 1110 3138 “

43 3197 190 3252 rationem.
213 3195 255 3250 Ab
268 3192 312 3248 his
331 3211 401 3270 crgo
415 3193 619 3264 malis‘alicni,
633 3195 696 3249 sive
709 3191 802 3249 adhuc
816 3194 847 3247 in
861 3193 917 3247 isto
930 3211 1008 3264 ruor-

46 3296 149 3334 carne
170 3277 322 3346 virentes,
348 3278 410 3332 sivo
432 3275 576 3347 defuncti,
602 3272 731 3353 regnant
739 3295 807 3354 cum
821 3273 938 3331 Christo
952 3277 1009 3331 iam

43 3381 80 3431 c,
108 3360 233 3436 quodam
246 3358 330 3417 modo
342 3357 409 3414 huic
423 3357 546 3432 tempori
560 3377 708 3436 congruo,
724 3376 776 3432 per
789 3366 882 3414 totum
894 3356 949 3414 hoc
962 3359 1008 3414 in-

44 3447 150 3514 allum,
176 3441 255 3518 quod
268 3461 388 3500 numero
405 3442 483 3496 mille
497 3442 680 3518 significatur
693 3458 844 3496 annorum.

43 3525 166 3603 Reliqui
178 3545 289 3594 eorum,
303 3525 413 3599 inquit,
432 3543 488 3580 non
500 3527 649 3582 vixerunt.
676 3522 757 3580 Hora
771 3525 851 3582 enim
862 3542 940 3580 nunc
954 3533 1009 3598 est,

43 3611 172 3670 imortui
185 3608 304 3666 audient
321 3625 422 3664 vocem
436 3607 505 3663 Filii
517 3607 589 3680 Dci3
616 3615 646 3662 et
660 3605 1009 3682 quiaudiorint,vivcnt:
1052 3619 1054 3622 ’
1083 3649 1087 3660 ι

43 3695 89 3768 pui
111 3697 189 3749 vero'
204 3710 303 3748 corum
325 3709 386 3746 ιιοιι
408 3691 520 3758 uiuent.
563 3688 646 3756 Quod
664 3708 735 3746 vcro
753 3689 895 3758 subdidit,
921 3691 1033 3748 donec'

43 3786 131 3834 antur
144 3775 223 3831 mille
237 3775 325 3830 enni:
350 3773 573 3850 intelligendum
585 3782 646 3844 est,
673 3771 747 3847 quod
761 3791 794 3827 eo
807 3765 937 3846 tcmp'orc
950 3793 1010 3830 non
1024 3769 1028 3775 ’

43 3868 142 3928 erunt,
168 3876 225 3932 quo
248 3857 347 3914 vivere
369 3855 547 3926 debuerunt,
573 3855 715 3913 advitam
734 3857 847 3910 scilicet
865 3855 899 3910 tle
917 3867 1010 3914 nrorte
1070 3871 1073 3878 ’
