2340 4312
144 229 205 284 roo
373 220 476 282 o‘1v1
504 177 690 280 ι’νιιιιιιι
710 201 972 292 aversamur

142 379 186 454 pit
197 395 261 434 esse
274 393 435 452 possessor.
455 371 540 440 Quod
554 380 651 428 autem
663 372 723 428 iam
735 374 767 429 in
782 371 995 447 Mesopotamia
1007 378 1112 431 constitu
1127 397 1141 423 ι

142 461 199 518 hoc
213 470 269 530 est,
281 463 340 516 iarn
354 457 524 535 egressode
538 466 615 510 terra
630 453 853 527 Chaldaeorum,
868 457 941 511 dicit
953 456 1046 530 Deus,
1060 453 1112 514 'Eri
1124 490 1126 495 ,

145 555 232 602 terra
247 554 315 610 tua,
330 552 359 598 et
373 543 408 598 de
422 541 597 614 cognatione
609 547 677 605 tna,
697 549 727 594 et
741 540 776 595 de
791 539 874 594 dama
882 542 989 614 patris
1003 543 1054 609 tui,
1066 541 1147 596 nond

142 645 249 699 corpus
263 624 332 680 inde
346 626 482 692 eiicerct,
506 620 583 694 quod
599 622 658 675 iam
671 621 795 691 fecerat,
819 621 917 676 sedat
930 624 1053 678 sobnam
1066 625 1139 678 areiie

142 720 200 780 ret,
214 709 328 764 dicitur.
364 707 431 766 Non
445 705 523 760 enim
537 705 651 758 exierat
664 704 733 760 inde
747 706 864 774 animo,
886 705 913 758 si
931 721 983 776 spe
996 706 1140 761 redeunda

144 791 289 848 desiderio
304 787 476 856 tenebatur,
500 805 575 860 quae
594 803 661 858 spes
674 797 704 842 et
716 787 910 856 desiderium,
934 786 999 842 Deo
1013 789 1139 844 iubentem

143 877 274 941 iuvante,
288 880 317 926 et
330 873 379 926 iiio
393 868 558 938 obediente,
574 867 670 924 fuerat
682 868 901 942 amputandum.
916 868 984 924 Non
999 890 1064 927 sane
1075 874 1138 925 incre·

144 958 272 1022 diisiliter
286 955 486 1022 existimatur,
512 970 576 1006 cum
595 961 702 1026 postea
715 960 832 1014 secutus
846 961 927 1006 essct
940 952 1055 1008 Nacbor
1065 963 1138 1026 pensa

110 1061 112 1066 ¹
145 1057 247 1108 suum,
268 1045 339 1092 tuno
357 1033 502 1090 Abrabam
521 1045 707 1106 praeceptum
721 1031 843 1089 Domini
862 1035 1044 1108 implevisse,
1062 1046 1138 1102 utum

144 1119 218 1176 Sara
232 1121 359 1196 coniuge
372 1135 424 1174 suo
439 1125 469 1173 et
481 1114 556 1173 Loth
568 1116 629 1172 filio
642 1116 741 1174 fratris
756 1118 803 1172 sui
816 1116 914 1172 exiret
926 1117 964 1172 de
978 1118 1086 1174 Charra.

521 1283 591 1342 CA
615 1282 648 1339 Ρ.
689 1277 795 1338 xv1.

161 1380 204 1432 ae
217 1381 310 1434 ordine
320 1388 347 1432 et
356 1375 491 1456 pnaiitaie
496 1379 702 1500 pransissianaps
712 1376 778 1441 Dei,
793 1393 862 1445 qaae
873 1380 913 1431 ad
920 1379 1129 1452 Adraicmssau

624 1463 674 1500 sun
689 1484 696 1500 .

208 1539 267 1595 iam
286 1539 515 1597 considerandae
533 1537 830 1611 sunt-promissiones
845 1537 905 1593 Dei
922 1538 1019 1595 factae
1037 1538 1069 1593 ad
1080 1537 1138 1593 ibn·

144 1621 219 1678 Ιιιιιιι.
263 1623 297 1678 Iu
316 1622 361 1678 his
380 1625 457 1678 enim
476 1624 623 1696 apertiora
642 1620 700 1675 Dei
719 1621 826 1690 nostri,
850 1619 990 1694 [Domini
1009 1623 1090 1677 nostri
1099 1619 1138 1674 iar

144 1703 266 1778 Christi]
283 1705 338 1762 boc
353 1715 407 1777 est,
432 1705 489 1761 Dei
501 1706 565 1761 veri
579 1703 698 1758 oracula
713 1720 852 1776 apparere
868 1715 1029 1778 coeperunt
1041 1705 1071 1759 de
1082 1719 1138 1776 popr-

48 1821 50 1824 ·
113 1785 119 1800 ’
143 1791 314 1862 topiorum,
335 1807 420 1862 quem
438 1787 604 1862 prophetica
617 1787 838 1858 praenuntiavit
857 1791 1028 1844 auctoritas.
1065 1785 1139 1841 Herus

144 1873 237 1945 primo
249 1873 290 1926 ita
303 1874 427 1948 iegitur:
455 1870 497 1926 Et
506 1865 593 1926 'aisa
608 1868 807 1924 Dominas'ad
818 1868 947 1939 Abram,
975 1870 1035 1925 aa
1046 1871 1075 1925 de
1086 1880 1139 1923 aaa

145 1957 209 2023 tna,
224 1964 254 2009 ct
266 1954 301 2009 de
313 1956 488 2027 cognatione
500 1965 563 2020 tna,
578 1962 607 2007 et
619 1952 654 2007 de
666 1952 747 2007 dama
756 1955 861 2026 patris
874 1955 931 2021 tai,
945 1965 975 2009 st
988 1954 1057 2008 uada
1068 1954 1091 2005 in
1102 1959 1144 2003 ta·v

144 2055 220 2104 ram,
234 2055 319 2110 paam
329 2036 385 2090 tibi
395 2045 632 2096 demonstravero
639 2053 650 2104 ,·
660 2031 817 2102 etfaciam
828 2044 858 2091 te
869 2037 900 2089 in
910 2043 1027 2109 gentem
1034 2045 1139 2106 magnas,

145 2127 174 2174 et
184 2117 403 2182 benedicente,
417 2127 447 2171 et
458 2117 654 2191 magnificabo
665 2132 765 2171 nomen
772 2137 773 2140 ¹
780 2126 872 2185 totam,
888 2128 920 2172 et
931 2121 993 2173 eris
1003 2117 1144 2178 benedicta,-

93 2229 95 2232 ·
144 2208 178 2255 et
187 2199 354 2254 benedicam
368 2199 570 2254 benedicentes
584 2206 623 2265 te,
638 2208 667 2254 et
680 2197 854 2252 maledicam
867 2200 1071 2255 maledicentes
1082 2199 1139 2260 tat

144 2280 352 2336 benedicentur
365 2283 395 2336 in
409 2291 439 2336 te
454 2299 551 2336 omnes
566 2280 661 2336 tribas
675 2287 786 2334 terrae.
830 2279 1047 2337 Advertenduns
1060 2275 1138 2350 est-igi·

143 2365 207 2430 tur,
228 2361 299 2416 duas
311 2379 360 2417 res
373 2364 532 2436 promissas
547 2361 694 2418 Abrahae:
718 2377 806 2416 unam
824 2364 956 2432 seilicet,
980 2363 1052 2436 quod
1066 2371 1147 2414 terras*
1169 2416 1170 2427 ,

145 2443 283 2500 Chanaau
295 2463 498 2518 possessurum
508 2446 608 2501 iuerat
619 2461 719 2500 semen
734 2445 812 2514 eius,
827 2446 905 2518 quod
919 2446 1098 2521 significatur,
1107 2435 1140 2492 at

51 2553 52 2556 ¹
144 2526 253 2581 dictum
268 2541 323 2598 cst,
345 2529 424 2586 Vade
438 2531 469 2584 in
484 2531 614 2598 terram,
630 2545 715 2602 qaam
729 2526 786 2581 tibi
797 2529 1053 2598 deanonstraaera,
1071 2521 1145 2592 etfs‘
1164 2542 1170 2559 ³

143 2611 220 2664 ciam
233 2620 263 2666 te
276 2613 307 2667 in
320 2623 435 2688 gentem
448 2629 585 2686 magnam
593 2628 604 2665 .·
630 2612 801 2665 aliam-uero
819 2611 909 2686 longo
928 2609 1133 2685 praestantiores,
1160 2628 1170 2647 τ

143 2691 205 2747 non
219 2692 255 2748 de
270 2697 391 2765 carnali,
406 2694 456 2749 sed
470 2694 505 2751 de
520 2695 644 2767 spiritaii
657 2693 779 2760 semine,
794 2709 848 2765 per
861 2694 941 2766 quod
954 2704 1034 2766 pater
1047 2701 1088 2758 est,
1098 2697 1141 2741 a!

144 2777 232 2830 unius
247 2779 343 2852 gentis
357 2777 553 2846 lsrailitioae,
574 2775 624 2829 sed
643 2773 771 2829 oninium
791 2778 927 2850 gentium
946 2794 1019 2850 quae
1031 2770 1129 2830 iidcieia
1154 2790 1161 2797 ·

145 2859 273 2936 vestigia
287 2869 520 2932 consequuntur,
539 2859 614 2932 quod
628 2857 758 2931 promitti
772 2861 869 2930 coepit
880 2857 926 2913 bis
940 2859 1045 2914 vorbis:
1065 2849 1126 2908 aaa
1167 2882 1170 2895 ·

103 2953 104 2964 ¹
144 2942 320 2996 nedicentar
334 2944 364 2996 in
379 2952 518 2997 teomnes
532 2941 628 2996 tribas
642 2950 753 2996 terrae.
787 2939 874 2995 Hanc
892 2929 1124 3013 promissioncnft
1163 2956 1167 2957 ’

146 3033 222 3077 ctam
245 3024 404 3078 arbitratur
427 3023 569 3078 Eusebius
596 3017 811 3098 septuagesimo
839 3026 946 3095 quinto
970 3041 1044 3078 anno
1063 3009 1123 3072 asad

57 3099 62 3122 ‘'
120 3104 286 3173 ‘Abrabae
300 3115 440 3180 tanquam
453 3123 523 3160 mox
535 3113 569 3159 ut
579 3103 654 3159 sacta
666 3103 770 3173 enada
782 3104 893 3160 Charra
904 3107 1011 3160 exierit
1018 3097 1122 3160 Abrabwi

9 3223 12 3242 ι
92 3195 97 3198 “
145 3189 283 3260 quoniam
297 3187 467 3262 scripturae
480 3186 643 3266 contradici
657 3205 717 3246 nou
730 3195 842 3259 potest,
863 3188 912 3242 ubi
925 3190 1044 3264 legitur,
1058 3180 1121 3237 diri¹¹
1148 3194 1169 3213 'f

146 3279 215 3325 enat
230 3273 354 3346 painpae
368 3280 397 3326 et
417 3272 613 3346 septuaginta
632 3271 791 3337 annornm,
815 3289 879 3324 cam
897 3273 973 3326 exiit
994 3287 1028 3325 ca
1045 3263 1121 3320 casas
1163 3282 1170 3293 ·

147 3348 208 3406 Sed
219 3355 244 3407 si
258 3353 292 3408 eo
306 3371 383 3408 anno
393 3351 474 3408 iacta
487 3363 532 3406 est
550 3353 607 3406 iste
624 3353 797 3424 promissio,
821 3354 881 3406 iam
899 3354 1000 3426 utique
1016 3353 1044 3405 in
1060 3341 1121 3400 chrm
1148 3354 1156 3375 ’-

146 3451 211 3488 oum
224 3445 307 3508 patre
320 3453 373 3490 suo
387 3434 589 3490 demorabatur
604 3433 755 3490 Abrabam.
789 3434 893 3508 Neque
914 3437 991 3490 enim
1009 3432 1065 3487 inde
1076 3419 1121 3508 cdi

144 3525 259 3588 posset,
274 3520 333 3572 nisi
345 3520 427 3591 prius
439 3519 481 3572 ibi
494 3515 663 3590 habitasset.
700 3515 918 3590 Numquidnam
932 3535 1001 3593 ergo
1015 3497 1122 3586 conatii·
1149 3522 1170 3539 ‘¹

146 3593 222 3652 citur
234 3598 521 3671 Stephanodieenti:
548 3598 631 3654 Deus
649 3599 766 3673 gloriae
784 3603 931 3676 apparuit
944 3589 1121 3672 aaronem?
1148 3612 1154 3613 ⁷

144 3687 262 3749 nostro,
289 3701 353 3737 cnm
371 3693 450 3738 esset
468 3685 499 3737 in
517 3679 747 3758 Mesopotamia,
766 3685 858 3758 prins
878 3673 1121 3758 quamanimae
1150 3696 1153 3697 ⁷

147 3756 286 3816 Charra?
311 3762 614 3840 Sed-'intelligendum
631 3770 692 3833 est,
725 3763 801 3837 quod
817 3765 920 3820 eodem
937 3781 1011 3819 anno
1023 3747 1122 3815 iamt⁸¹
1169 3778 1170 3783 ¹

147 3841 261 3912 omnio,
286 3854 317 3899 et
329 3843 387 3901 Dei
405 3847 557 3926 promissio
568 3856 645 3902 ante
665 3863 748 3921 quam
763 3847 795 3902 iu
809 3845 921 3904 Charra
934 3832 1119 3901 hauinntib*
1164 3854 1169 3861 '

444 3935 445 3940 κ
503 3961 505 3968 ,
926 3935 944 3962 κ
