2362 4314
134 157 195 218 ua
220 144 442 224 crvrrsra
464 133 544 222 nur
565 161 646 222 ura.
668 163 786 228 xxn.
919 176 980 234 aar.

86 330 94 368 ι
107 311 267 385 merificat,
280 314 414 388 quamvis
427 315 460 372 in
472 311 617 380 Memoria
626 317 774 377 sacrificet
783 339 897 382 eorum:
911 329 980 402 quia

86 394 155 452 rdos
168 406 238 464 est‚·
250 415 311 453 nou
323 397 449 456 illoram.
490 395 590 474 ipsum
601 417 672 458 vero
686 402 863 462 sacrificium
875 426 980 483 eorpus

86 483 132 550 ui,
145 481 223 555 qnod
236 499 297 536 uon
310 477 432 538 offertur
444 482 527 557 ipsis,
541 483 611 560 quia
626 501 684 540 non
696 494 767 542 suut
778 497 809 544 et
819 490 886 563 ipsi.
908 492 980 558 Qui-

86 583 108 620 u
124 564 420 639 potius‚eredeudnrn
438 573 485 622 bat
502 566 643 624 musena
660 567 857 627 facientibus?
890 571 983 632 Eisns
1043 633 1045 638 ,

86 645 130 702 ros
143 648 248 714 volunt
259 645 361 704 haberi
373 649 444 706 deos
457 649 494 706 ab
506 648 552 706 bis
566 653 671 726 quibus
684 670 720 708 ea
732 654 861 727 faaiuut;
886 674 925 713 au
939 660 981 714 eis

86 730 197 788 {Deum
211 730 363 803 credatur,
373 733 450 809 quod
461 732 632 794 athristus
645 745 706 809 est,
716 736 831 795 iaciunt
843 741 981 815 quiequid

95 811 228 872 fatiunt?
252 813 345 874 Eisne
364 818 416 892 qui
434 836 517 875 saera
535 836 590 874 sua
607 821 696 876 etiam
712 821 837 880 erimina
848 841 903 879 sua
915 842 979 881 esse

86 908 117 970 t;
131 917 170 954 an
181 899 226 954 eis
236 901 290 975 qui
299 919 355 957 neo
367 900 469 976 laudes
478 919 548 959 suas
559 905 664 962 volunt
677 921 743 968 esse
755 923 839 962 saara
851 925 914 978 sna,
927 908 980 966 sed

86 983 131 1039 iad
142 985 290 1040 veraciter
302 983 476 1056 laudantur,
501 987 538 1044 ad
557 986 620 1044 aius
638 989 766 1066 gloriam
783 989 926 1064 proficere
945 993 978 1048 in

86 1063 202 1122 lentari
230 1066 265 1124 ln
278 1066 407 1127 Domino
431 1070 535 1145 quippe
558 1070 717 1128 laudantur
734 1075 849 1130 animae
869 1069 978 1132 eorum.

86 1169 102 1206 s
116 1167 189 1228 ergo
202 1151 244 1207 eis
259 1161 290 1208 ot
300 1171 375 1210 vora
386 1151 567 1224 ditantibus,
585 1163 616 1210 ot
626 1156 704 1212 ¹mira
716 1154 900 1213 iacientibus.
923 1157 977 1214 Di-

86 1235 128 1289 im
139 1251 227 1305 vera,
239 1237 319 1309 passi
331 1246 416 1307 snut,
429 1245 463 1292 ut
473 1245 595 1311 possent
606 1235 702 1292 faeere
714 1240 799 1294 mira.
821 1239 855 1296 ln
869 1243 912 1302 eis
927 1261 976 1298 va-

86 1313 262 1392 raeeipnum,
281 1317 358 1393 quod
369 1318 503 1376 Christus
515 1321 681 1378 resurrexit
693 1338 712 1375 a
723 1323 862 1394 mortuis,
882 1333 911 1388 et
924 1326 978 1381 im-

86 1409 149 1458 tem
161 1402 387 1492 resurrectionis
400 1403 433 1459 in
443 1421 497 1458 sna
509 1420 598 1459 carue
610 1404 720 1477 primus
732 1397 877 1478 ostendit,
891 1425 977 1482 quam

86 1475 227 1558 nonam‚'
248 1486 297 1543 rel
308 1486 453 1562 principio
465 1486 537 1544 aori
550 1485 677 1559 soeculi,
702 1488 750 1544 vel
767 1488 799 1546 iu
817 1485 901 1546 huius
919 1491 978 1548 fine

340 1651 463 1712 CAP.
505 1652 574 1712 Xl.

86 1751 231 1814 larmirus,
245 1751 293 1820 quo·
301 1751 333 1803 de
342 1751 516 1804 naturalibus
526 1755 715 1805 elementorum
721 1752 882 1820 ponderibus
892 1771 976 1826 argu.-

86 1828 241 1890 mtantor‚
260 1823 622 1890 terrenameorparineoclo
632 1837 749 1880 essenon
759 1839 847 1890 porte.

86 1929 116 1966 m
135 1909 213 1987 quod
230 1927 368 1987 magnum
380 1911 439 1968 Dei
452 1911 562 1972 donum
573 1913 799 1971 ratiooiuatoros
811 1914 877 1983 isti,
903 1932 975 1989 quo-

86 1996 214 2052 tationes
228 1997 312 2052 novit
324 1994 470 2053 Dominus
484 1998 622 2074 quoniam
635 2014 731 2054 vanae
744 2006 829 2068 sunt,
853 1997 888 2055 de
899 2015 974 2072 pon-

86 2080 294 2136 elemautorum
318 2090 579 2158 argumentantur:
604 2082 741 2158 quoniam
754 2082 869 2138 seilicet
881 2083 975 2159 magi-

86 2180 139 2217 ona
152 2160 332 2234 didicerunt,
358 2165 460 2222 mundi
477 2164 533 2221 duo
547 2166 811 2240 eorporamaxima
823 2175 910 2240 atque
925 2184 976 2239 ρο,
1078 2225 1082 2248 Ι

86 2245 174 2301 nebus
188 2244 302 2316 modiis,
315 2252 384 2303 aero
397 2250 510 2309 scilieet
523 2259 552 2306 et
564 2267 650 2325 aqua,
664 2267 728 2304 esse
742 2247 877 2324 eop'ulata
889 2259 976 2324 atque

86 2347 107 2383 a.
129 2328 171 2384 Ae
183 2345 236 2402 per
247 2326 315 2400 boe,
328 2331 478 2404 inquiunt,
493 2335 631 2408 quoniam
644 2340 723 2389 terra
733 2333 768 2388 ab
778 2331 847 2388 hina
860 2350 976 2388 sursum
1033 2361 1034 2364 ¹
1055 2387 1056 2396 ,

86 2421 104 2467 ιι
114 2413 224 2487 prima,
238 2413 456 2489 seeundaaqua
468 2432 555 2488 super
567 2424 691 2486 terram,
705 2416 812 2470 tertius
825 2421 876 2472 atr
889 2434 975 2490 super

86 2503 212 2571 {nartum
226 2513 314 2570 super
327 2501 395 2553 aera
408 2499 538 2569 eoelum3
566 2516 624 2560 non
637 2505 811 2570 potestesse
825 2508 975 2556 terrenum

86 2598 93 2635 ι
106 2580 197 2635 coelo.
218 2578 373 2636 Momentis
387 2582 465 2636 euim
478 2581 619 2654 propriu,
641 2587 674 2634 ut
688 2577 820 2638 ordinem
831 2585 916 2638 suum
930 2593 974 2640 te·
1069 2607 1072 2614 ι

86 2663 188 2740 iugula
201 2664 346 2722 elementa
359 2662 512 2720 librantur.
556 2663 634 2720 Eece
648 2661 780 2737 qualibus
793 2668 973 2740 argumentis

86 2748 174 2802 antiae
187 2745 246 2803 Dei
258 2743 402 2803 hnmanae
415 2745 591 2804 contradicit
608 2745 781 2817 iufirmitas,
807 2765 895 2822 quam
906 2767 973 2822 pos-

86 2832 154 2886 itos.
198 2829 275 2897 Quid
292 2848 363 2908 ergo
383 2829 494 2887 iaciunt
510 2831 628 2887 inarire
646 2839 765 2886 terrena
783 2839 828 2888 tot
841 2849 973 2905 corpora,

86 2931 130 2970 rra
143 2913 183 2970 sit
196 2910 383 2970 atttertiusl
410 2913 475 2972 Nisi
495 2914 587 2984 forte,
614 2913 664 2988 qui
685 2931 738 2988 per
759 2917 924 2989 plumarum
945 2925 975 2976 et

86 3017 106 3054 n
118 2999 267 3054 levitatem
280 2997 399 3054 donavit
414 2999 511 3054 avium
524 2999 649 3055 terrenis
667 2999 836 3072 corporibus
855 3006 889 3054 ut
904 3016 973 3072 por-

86 3100 94 3138 ι
112 3086 195 3152 aere,
220 3081 431 3138 immortalibus
450 3081 536 3137 factis
558 3081 725 3156 torporibus
742 3080 892 3138 bominum
913 3099 972 3138 nou

86 3165 183 3222 lonare
205 3166 360 3238 virtutem,
385 3183 441 3241 qua
461 3163 549 3221 etiarn
565 3167 598 3223 iu
616 3183 728 3223 summo
754 3165 836 3222 coelo
856 3166 974 3222 valeant
1063 3223 1065 3226 .

116 3248 262 3305 Animalia
275 3267 390 3326 quoquo
403 3249 466 3324 ipsa
478 3257 612 3322 terrena,
637 3266 712 3325 quae
722 3249 824 3304 volare
836 3267 895 3305 nou
907 3267 974 3322 pos·
1072 3307 1074 3316 χ

86 3333 182 3408 luibus
190 3340 220 3389 et
232 3330 364 3390 homiues
376 3342 454 3403 sunt,
467 3334 543 3390 sieut
555 3335 609 3390 sub
618 3349 694 3408 aqna
706 3333 809 3406 pisces,
823 3340 976 3407 quaesunt

93 3418 254 3487 animalia,
278 3417 322 3472 ita
336 3418 389 3474 sub
402 3426 483 3474 terra
495 3418 596 3475 vivere
609 3415 782 3474 debuerunt.
825 3414 886 3472 Cur
904 3433 974 3491 ergo
1017 3441 1019 3444 ·
1043 3463 1045 3468 .

86 3517 120 3554 em
133 3498 168 3556 de
181 3498 323 3569 seeundo,
336 3500 439 3570 idest,
454 3499 488 3556 de
501 3502 602 3577 aquis,
616 3499 668 3556 sed
680 3498 716 3555 de
730 3501 872 3555 elemento
886 3500 974 3554 tertio

86 3575 325 3659 ranimal'earpit
337 3581 412 3640 haue
426 3581 538 3641 vitanti
565 3585 663 3650 Quare
685 3601 750 3638 oum
771 3585 916 3656 pertineat
939 3581 975 3638 ad

86 3667 269 3736 insecundo,
287 3665 362 3741 quod
371 3677 461 3744 super
474 3676 583 3724 terram
596 3677 658 3737 est,
679 3668 821 3723 elemento
836 3667 975 3722 viveresi

86 3779 87 3784 κ
109 3752 246 3806 continuo
261 3747 433 3826 suffocatur,
460 3760 490 3808 et
502 3761 535 3808 at
547 3752 642 3822 vivat,
663 3751 739 3809 vivit
751 3752 782 3805 in
797 3743 902 3806 tertiat
922 3747 974 3814 ¹An

86 3852 94 3890 ι
112 3832 188 3890 urdo
212 3835 438 3906 elementorum,
464 3836 510 3893 val
522 3837 617 3912 potius
632 3853 692 3893 non
706 3836 736 3892 in
750 3841 853 3891 natura
866 3845 974 3903 rerum,
