2340 4312
111 177 115 194 ·
212 157 613 244 nummulorum
640 135 720 243 mn
743 187 833 256 xvi.
902 163 905 168 ’
995 195 1033 249 or

15 339 157 396 stendens
171 339 215 393 ita
229 354 262 393 se
275 333 390 411 operari
407 355 460 412 per
476 339 627 394 ministros
647 355 735 406 suos,
759 346 794 392 ut
806 338 866 392 sint
879 339 967 396 etiam
980 342 1036 415 ipsi

15 415 203 496 oopcratores
218 420 293 492 Dei,
313 423 389 477 sicut
408 421 562 495 Apostolus
580 421 665 477 dicit:
692 419 753 477 Dei
770 421 846 477 enirn
860 425 958 478 ennena
972 442 1036 480 coo-

15 507 124 560 erort'i.
310 555 311 558 ,
375 543 384 558 .
639 539 644 544 -

283 647 289 653 ,
411 583 433 640 C
455 584 481 640 A
501 583 533 640 P.
576 584 638 640 Vl.

58 663 147 728 Qualis
156 663 334 746 intelligenda
344 663 381 715 tit
391 679 445 714 me
456 663 565 728 locutio,
585 679 638 734 qna
649 653 724 714 Deae
734 661 846 732 Angelis
858 665 987 732 loquitar.

60 753 176 808 Poterat
189 762 220 810 et
233 750 315 820 illud,
330 753 443 824 quando
455 750 549 808 filetus
564 763 609 808 est
622 751 718 822 bomo,
733 753 767 808 de
779 754 899 830 Angelis
912 755 1040 832 intelligi
1132 779 1138 788 ·

15 827 81 891 uod
92 836 201 890 dictum
214 844 274 904 cst,
294 829 452 890 Faciamus
466 835 623 904 bominem,
644 837 712 910 quia
725 853 785 890 non
797 835 891 906 dixit,
908 835 1038 893 Faciam:

15 919 60 972 ed
70 920 134 992 quia
148 919 297 992 sequitur,
321 917 362 972 ad
375 919 530 992 imaginem
545 929 693 991 nostrcnt,·
719 917 799 973 nefas
813 928 859 974 est
872 917 990 974 credero
1003 917 1040 974 ad

15 1003 160 1078 maginem
174 998 512 1076 Angelorum-hominem
525 999 644 1070 foetum,
658 1008 709 1054 aut
722 1001 842 1056 eandem
857 1019 920 1056 esse
934 1001 1038 1078 imagi-

21 1101 75 1137 em
89 1084 271 1159 Angelorum,¹
287 1089 316 1135 et
335 1080 406 1150 Dei;
433 1083 497 1136 ideo
517 1091 598 1138 recte
617 1083 870 1160 illieiutelligitur
885 1085 1039 1158 pluralitas

15 1161 169 1220 *rinitetis
184 1165 265 1229 Quae
279 1172 377 1218 tamen
389 1163 531 1232 Trinitas,
546 1166 612 1238 quia
625 1182 699 1218 unus
711 1175 755 1219 ert
765 1164 858 1238 Deus,
875 1168 1040 1222 etiamtum

19 1247 136 1315 ixisset,
150 1245 327 1320 Furtumne:
348 1245 389 1300 Et
399 1246 493 1314 fecit,
511 1247 617 1318 inquit,
632 1245 714 1301 Deae
727 1246 868 1303 bominem
878 1249 922 1318 vad
934 1251 1040 1324 imagi-

15 1349 72 1384 1em
84 1327 160 1385 Dei:
172 1346 247 1388 ,uon
262 1325 353 1395 dixit,
368 1327 514 1382 Fecerunt
528 1327 582 1395 dii,
604 1337 669 1396 aut,
691 1328 727 1381 ad
740 1330 1039 1406 imaginemdeorum.
1134 1359 1144 1365 ·

15 1407 124 1466 'uteret
138 1420 168 1464 et
184 1407 233 1464 hic'
252 1407 352 1463 eadem
369 1411 496 1486 intelligi
509 1407 657 1486 Trinitas,
680 1418 818 1484 tanquam
831 1411 918 1468 Pater
932 1412 1042 1468 dixerit

15 1492 49 1546 ,d
60 1493 161 1548 Filium
175 1502 205 1545 et
220 1491 363 1564 Spiritum
384 1502 531 1560 sanctum,
561 1489 677 1560 Venite,
700 1502 729 1547 et
749 1493 955 1549 descendentes
974 1514 1041 1551 con·
1075 1525 1077 1532 a

15 1571 167 1630 indamus
186 1575 227 1629 ibi
245 1573 376 1650 linguam
394 1593 507 1646 eornm,·
533 1575 559 1628 si
578 1573 687 1647 aliquid
706 1583 799 1644 esset,
823 1575 900 1648 quod
914 1576 1041 1652 Angelos

15 1657 172 1712 »reliberet
185 1657 326 1732 intelligi:
340 1657 444 1729 quibus
455 1658 551 1729 potius
565 1657 704 1712 convenit
713 1653 816 1712 uenire
828 1657 864 1711 ad
875 1657 968 1712 Deum
980 1677 1042 1712 mo-

15 1738 87 1794 ‘ibus
100 1741 220 1808 sanetis,
235 1737 296 1792 -hoc
310 1747 365 1807 est,
387 1740 614 1815 cogitationibus
628 1739 695 1811 piis,
709 1739 814 1813 quibus
827 1740 861 1793 ab
877 1741 919 1792 eis
935 1758 1041 1794 consu·
1101 1754 1105 1774 ¹¹

15 1819 81 1876 itur
92 1819 334 1882 incommutabilis
349 1819 474 1890 Veritas,
489 1830 625 1894 tanquam
639 1823 687 1874 lex
700 1830 820 1876 aeterna
834 1823 865 1876 in
879 1822 929 1875 illa
943 1839 1044 1878 eorum

15 1906 91 1958 turia
103 1907 247 1979 superum
259 1901 361 1976 Neque
376 1905 458 1958 enim.
467 1904 522 1957 sibi
537 1904 592 1976 ipsi
606 1913 674 1958 sunt
685 1905 807 1973 veritas3
828 1903 879 1958 s'ed
892 1905 1042 1958 creatricis
1111 1923 1112 1926 ¹

15 1988 164 2060 sanicipes
179 1985 330 2054 Veritatis,
345 1983 380 2038 ad
394 1987 475 2039 illam
487 1995 653 2054 moventur,
673 1995 811 2060 tanquam
824 1986 860 2041 ad
873 1987 983 2040 fontem
998 1987 1042 2041 vi-

15 2079 70 2139 ae,
83 2079 113 2124 ut
126 2067 200 2143 qued
215 2087 275 2122 non
288 2066 395 2134 babent
410 2085 447 2138 ex
458 2086 490 2121 se
504 2068 587 2140 ipsis,
603 2069 719 2140 capiant
733 2086 771 2122 ex
784 2069 855 2142 ipsa.
898 2067 938 2123 Et
952 2065 1049 2144 [ideo]

15 2163 110 2206 eorum
123 2151 237 2205 stabilis
252 2158 296 2203 est
309 2151 365 2203 iste
378 2159 488 2218 neotus,
515 2167 572 2222 que
591 2152 729 2220 veniunt,
756 2152 805 2225 qui
819 2171 878 2208 non
891 2151 1043 2207 recedunt.

15 2225 75 2288 Nee
88 2235 128 2288 sie
141 2235 272 2307 loquitur
284 2227 405 2308 Angelis
417 2229 508 2300 Deus,
523 2233 664 2304 quomodo
679 2252 732 2288 nos
747 2235 874 2290 invicem
888 2231 1045 2304 nobisq'vcl

15 2305 92 2386 Deo,
105 2316 153 2371 vel
165 2315 302 2390 Angelis,
316 2317 362 2368 vel
377 2315 433 2388 ipsi
444 2313 550 2390 Angeli
564 2314 663 2384 nobis,
677 2317 738 2370 sive
752 2315 803 2388 per
816 2319 882 2372 illos
894 2316 975 2372 Deus
991 2335 1044 2372 no-

15 2390 72 2468 bis3
96 2397 146 2452 sed
159 2394 299 2452 ineffabili
314 2415 367 2451 suo
383 2395 483 2467 modo,
505 2397 586 2450 nobis
601 2406 698 2450 autom
712 2395 766 2452 hoc
781 2399 928 2474 indicatur
943 2409 1045 2454 nostro
1083 2437 1094 2444 -

15 2481 103 2558 niodo.
126 2479 182 2536 Dei
202 2479 476 2554 quippessublimior
494 2487 562 2532 ante
582 2497 666 2533 suum
685 2479 794 2534 factum
808 2481 934 2550 locutio,
955 2484 1045 2556 ipsius
1106 2485 1108 2490 ’

15 2565 62 2616 sui
73 2563 140 2618 facti
154 2573 198 2617 est
211 2561 398 2616 immutabilis
414 2562 506 2630 ratio,
533 2579 607 2633 quae
621 2579 681 2615 non
694 2559 782 2614 habet
794 2559 897 2617 sonum
912 2573 1045 2635 strepcu-
1144 2608 1153 2640 3

15 2647 72 2699 lem
85 2657 170 2719 atque
183 2654 399 2712 transeuntem,
413 2643 463 2698 sed
476 2644 535 2710 vim
549 2643 725 2716 sempiterne
738 2653 915 2713 manentem,
930 2657 959 2708 et
972 2655 1045 2700 tem-

15 2717 343 2800 [tornines-operantem.
378 2721 443 2790 Hae
456 2727 589 2799 loquitur¹
598 2723 679 2780 Deus
692 2725 813 2802 Angelis
828 2728 949 2795 sanetis,
962 2727 1046 2781 nobis

15 2821 108 2866 autem
123 2812 207 2864 aliter
219 2811 308 2884 longe
321 2809 434 2881 positis.
450 2807 573 2874 Quando
588 2816 684 2863 autem
696 2809 846 2863 etiamne·
857 2806 967 2880 aliquid
981 2809 1047 2863 talis

15 2886 167 2948 locutionis
183 2889 375 2945 interioribus
388 2889 505 2946 auribus
521 2892 661 2966 capimus,
675 2891 796 2966 Angelis
810 2891 1047 2964 propinquamus.

15 2967 79 3030 Non
93 2978 189 3049 itaque
203 2971 275 3026 mihi
288 2963 406 3042 assidue
417 2967 572 3027 'reddenda
585 2983 632 3028 est
644 2973 719 3026 ratio
734 2972 765 3026 in
778 2969 832 3026 boe
846 2971 941 3044 Opere
955 2970 990 3025 de
1003 2973 1048 3026 lo-
1087 3033 1091 3041 Η

15 3054 261 3112 υυὲίοηίὺυέὓεί.
295 3055 444 3112 Autessim
457 3053 573 3108 Veritas
587 3053 832 3128 incommutabilis
845 3073 897 3127 per
911 3073 942 3108 se
956 3055 1049 3126 ipsam
1092 3045 1111 3092 '-

15 3137 199 3196 ineffabiliter
211 3139 342 3211 loquitur
355 3131 507 3192 rationalis
523 3133 674 3206 creaturae
687 3137 844 3207 mentibus,
860 3147 908 3192 aut
920 3155 972 3208 per
983 3139 1047 3190 niu·
1097 3144 1101 3189 ἴ

15 3224 128 3278 labilem
142 3230 306 3276 ereaturam
318 3209 466 3292 loquitur,
483 3219 552 3288 ,sive
567 3218 934 3295 spiritalibus'imaginibus
948 3226 1048 3273 nestro
1137 3223 1144 3234 “

15 3306 138 3380 spiritui,
153 3306 215 3360 sive
230 3303 430 3376 corporalibus
443 3301 564 3356 vocibus
579 3303 709 3374 corporis
724 3303 834 3356 sensui.

76 3386 148 3442 illud
162 3404 233 3442 sane
248 3385 326 3460 quod
339 3384 448 3440 dietum
463 3394 524 3456 est,
537 3381 591 3454 ¹Et
608 3402 760 3440 nanctnon
778 3382 917 3452 deficient
937 3399 973 3437 en
987 3380 1048 3436 illie

15 3473 119 3538 omnia,
135 3487 209 3544 qnae
222 3469 324 3523 conati
333 3466 458 3538 fuerint
469 3467 597 3538 faeere:
617 3484 676 3520 non
691 3466 858 3522 dictumest
872 3463 1047 3544 confirman-

15 3553 59 3622 do,
75 3550 129 3606 sed
142 3560 282 3625 tanquam
295 3547 519 3624 interrogando,
540 3550 615 3603 sieut
628 3549 702 3601 solet
715 3565 732 3601 a
745 3545 988 3602 comminantibus
1004 3543 1047 3600 di-

15 3639 48 3706 ei,
65 3630 307 3708 quemadmodum
321 3633 362 3687 ait
375 3629 506 3706 quidam:
526 3629 593 3706 Non
607 3647 687 3682 arma
700 3628 865 3702 expedient,
880 3636 998 3701 totaque
1011 3645 1049 3682 ex

15 3719 83 3774 orbe
105 3710 290 3788 sequenturi-
308 3711 357 3769 Sic
377 3731 447 3788 ergo
467 3710 668 3785 accipiendum
679 3720 740 3781 est,
765 3719 906 3783 tanquam
929 3709 1049 3780 dixerit,

15 3801 121 3857 Nonne
134 3797 232 3853 omnia
246 3794 382 3851 deficient
396 3813 432 3849 cx
447 3797 516 3864 illis,
531 3813 606 3868 quae
620 3795 719 3849 conati
732 3793 843 3850 fuerint
855 3789 968 3866 faeerei
993 3789 1050 3848 Sed
