2324 4312
143 218 223 277 uu
250 179 471 280 crvrruuu
496 219 575 282 oui
596 219 682 296 uin,
705 219 801 280 xix.
941 226 1015 316 ror
1078 225 1081 230 ’

31 371 81 430 ad
98 373 320 430 cruentissimus
340 373 515 445 seditiones,
540 381 627 448 etque
646 372 714 432 inde
732 373 768 429 od
781 373 902 432 socioliu
915 386 1002 452 etque

11 455 70 514 liu
83 459 160 516 belle
171 457 363 532 perveniens,
376 459 468 530 ipsum
482 457 683 534 concordium,
697 459 769 532 quoe
782 459 861 514 sulus
878 459 1003 533 quodum

11 533 59 596 lo·
70 552 115 599 est
125 541 241 616 populi,
255 543 370 615 ruperit
382 551 470 616 atquc
482 542 660 615 corruperit,
675 549 798 598 testutur
809 539 947 600 historie:
966 542 1002 598 dc

11 659 15 671 ·
35 625 72 681 iu
85 624 328 700 praecedentibus
337 625 425 682 libris
446 627 539 682 multu
549 626 705 699 posuimus.
725 677 727 682 ,
748 623 811 682 Nec
824 622 890 686 nico
903 635 1003 682 temen

29 707 128 782 ipsum
145 726 209 765 nou
227 727 292 764 esse
309 709 465 783 populum,
490 707 541 766 vcl'
556 710 620 767 eius
639 728 701 764 rem
720 708 844 766 dixerim
859 728 918 766 non
939 727 1004 765 csso

11 788 193 864 {publicum
216 790 351 867 quamdiu
370 802 470 848 munet
483 793 692 870 qunliscunque
704 791 898 850 nurltitudinis
911 794 1003 849 ratio·

11 869 50 928 is
61 886 172 946 coctus,
187 893 286 931 rerum
300 893 370 950 quos
384 875 483 953 diligit
497 875 636 932 concordi
646 877 849 936 communione
863 877 1002 934 sociatus.
1060 923 1068 936 .

11 957 61 1013 ul
78 968 176 1016 eutem
195 957 230 1016 de
249 961 306 1016 isto
325 961 430 1034 populo
449 958 531 1016 etde
552 961 610 1016 istu
628 960 778 1034 republica
795 959 873 1031 «lixi,
900 958 954 1016 hoc
967 959 1004 1016 de

10 1021 190 1099 heniensium
202 1045 250 1099 vcl
263 1049 502 1118 quorumcunque
517 1042 711 1115 Graecorum,
726 1041 781 1104 hoc
797 1042 832 1100 de
846 1044 1004 1122 Aegyptio-
1019 1047 1023 1062 l

10 1133 60 1195 tu,
69 1123 119 1182 boc
130 1124 166 1181 dc
178 1127 230 1182 illc
241 1127 339 1200 priore
352 1125 501 1201 Babylone
513 1127 717 1202 Assyriorum,
741 1128 855 1202 quando
870 1128 901 1183 in
915 1127 1004 1183 rebus
1093 1155 1096 1160 ·

10 1198 44 1266 ἱι
52 1210 170 1284 publicis
184 1210 306 1283 imperia
320 1211 366 1265 vel
380 1227 470 1285 parvo
482 1213 530 1268 vel
541 1217 649 1287 magno
661 1220 834 1280 tenuerunt,
854 1222 884 1268 et
897 1210 933 1266 ile
945 1212 1005 1268 aliu
1106 1215 1109 1230 “

10 1301 151 1376 nouoque,
167 1295 445 1372 clinrumgentium
464 1296 614 1371 intelligar
632 1293 842 1372 dixissentque
864 1295 1003 1360 sensisse.

10 1379 156 1432 licralitcr
179 1378 286 1452 quippe
308 1376 418 1433 Civitas
442 1379 614 1452 impiorum,
641 1380 688 1434 cui
706 1396 766 1438 non
786 1377 1004 1460 imperotDeus

10 1459 118 1516 &dicati
131 1460 199 1531 sibi,
213 1469 247 1516 ut
260 1459 437 1518 sucrificium
449 1480 509 1519 non
523 1459 636 1532 offeret,
651 1462 714 1517 nisi·
723 1460 921 1520 tantummodo
936 1462 1004 1534 sibi,

10 1555 66 1618 [ser
79 1542 133 1599 hoc
145 1545 178 1599 in
196 1544 246 1600 illc
259 1552 289 1599 ct
301 1545 416 1600 unimus
431 1546 561 1620 corpori,
588 1545 721 1624 ratioque
733 1545 815 1602 vitiis
828 1552 908 1600 recte
921 1562 955 1602 ao
969 1543 1004 1602 fi-

10 1627 74 1684 iter
86 1629 221 1702 imperet,
241 1635 322 1686 cerct
334 1627 463 1689 iustitiae
475 1628 613 1716 veritato,

207 1835 212 1852 ,
342 1777 465 1836 cnr.
508 1776 631 1838 xxv.
922 1763 959 1842 ,‘

11 1874 95 1941 Quod
102 1867 269 1944 nonpossint
277 1873 317 1926 ibi
326 1891 405 1930 veruo
416 1892 470 1928 esse
480 1875 609 1940 virtutes,
619 1873 666 1940 ubi
674 1891 726 1930 noo
738 1881 779 1928 ert
788 1881 852 1928 octo
862 1871 968 1944 religio.

35 1965 202 2036 Quamlibet
224 1966 303 2022 enim
322 1965 459 2024 videatur
482 1968 597 2022 enimus
622 1966 754 2040 corpori,
781 1974 811 2022 ct
828 1965 904 2022 ratio
922 1966 1004 2022 vitiis
1056 2000 1060 2006 -

9 2049 155 2107 idobilitcr
171 2050 330 2124 impererc;
361 2045 464 2108 siDco
479 2052 596 2106 unimus
611 2059 641 2108 ct
654 2050 729 2106 ratio
744 2050 807 2124 ipsc
819 2067 880 2120 non
900 2050 1003 2120 servit,

9 2143 49 2190 ut
66 2133 125 2190 sibi
143 2131 328 2190 serviendum
349 2151 430 2206 esse,
456 2135 518 2208 ipse
531 2133 612 2191 Deus
632 2134 797 2210 praecepit,
823 2133 905 2190 nullo
917 2132 1004 2190 niolo

9 2219 86 2294 rpcri
95 2217 235 2291 vitiisque
246 2225 326 2273 recte
335 2219 466 2292 imperet.
489 2217 564 2274 Num
575 2220 668 2293 qualis
677 2218 807 2292 eorporis
818 2225 905 2292 utque
914 2217 999 2274 vitio·

9 2317 36 2357 ιι
47 2309 146 2376 potest
158 2309 223 2356 csse
235 2319 318 2356 nicus
332 2300 465 2370 tlomiuc,
486 2303 551 2359 veri
563 2300 622 2358 Dei
635 2302 748 2372 nescio,
766 2321 821 2360 uec
835 2301 897 2358 eius
910 2301 1003 2376 impe·
1099 2317 1109 2340 i

9 2405 19 2436 s
42 2387 211 2462 subiugata,
238 2384 289 2440 scd
313 2385 512 2442 vitiosissimis
536 2383 725 2442 doenuouibus
752 2385 1002 2459 corrumpentibus

9 2463 143 2526 nstitutol
166 2466 293 2525 Proinde
307 2470 443 2538 virtutes,
456 2486 527 2544 ques
541 2467 598 2522 sibi
609 2465 716 2522 habero
727 2467 855 2538 videtur,
867 2482 921 2542 per
931 2485 1002 2543 quus

9 2563 95 2626 perat
112 2553 229 2624 corpori
250 2561 281 2608 et
296 2552 377 2609 vitiis
395 2551 432 2608 cd
444 2549 594 2627 quodlibet
607 2548 825 2624 adipiscendum
837 2552 884 2608 vel
897 2561 1002 2608 teuen-

9 2653 48 2707 ιιι,
62 2636 121 2692 nisi
134 2633 273 2692 ulchum
285 2636 430 2704 retulerit,
444 2637 531 2691 etiam
543 2634 623 2708 ipsuc
635 2634 708 2692 vitiu
722 2641 791 2690 sunt
802 2635 901 2707 potius
915 2652 1004 2709 quom

9 2729 104 2776 tutes.
133 2716 209 2780 Noni
222 2721 292 2776 licet
305 2739 322 2776 a
333 2717 504 2794 quibusdum
516 2727 586 2777 tunc
598 2734 686 2774 verae
699 2725 729 2772 et
741 2714 883 2778 honestae
895 2727 1002 2791 puten-

9 2819 95 2858 resse
110 2803 251 2875 virtutes,
265 2822 330 2859 cum
343 2803 380 2858 ed
393 2821 425 2858 sc
438 2804 516 2878 ipses
529 2801 709 2871 referuntur,
722 2819 778 2858 uec
791 2808 910 2876 propter
923 2801 1002 2860 eliud
1096 2796 1099 2802 ¹

9 2895 163 2960 petuntur;
189 2888 279 2944 ctiam
291 2896 362 2943 tuuc
374 2884 494 2943 inllatee
508 2904 542 2943 uc
556 2886 697 2960 superbae
709 2894 794 2942 sunt:
819 2891 852 2940 et
861 2884 927 2940 ideo
941 2902 1002 2942 uon

9 2970 176 3041 tutcs,'se‹l
185 2971 259 3027 vitio
271 2969 425 3027 iudicando
437 2979 516 3030 sunt.
550 2967 635 3026 Sicut
647 2968 726 3026 cuim
738 2986 799 3026 nou
812 2976 858 3024 est
870 2987 889 3024 ιι
901 2985 1001 3040 corne,

9 3049 25 3108 Ι
46 3072 133 3128 super
155 3053 288 3125 corriem,
315 3054 391 3129 quod
409 3051 528 3112 curnem
544 3053 616 3109 lucit
633 3053 749 3110 rivere:
776 3053 820 3110 sic
833 3070 894 3110 nou
907 3058 953 3106 est
964 3050 1000 3108 cb

9 3138 98 3210 ruine,
110 3135 162 3194 scd
176 3137 265 3212 super
278 3136 436 3211 hominem,
451 3135 529 3218 quod
541 3133 774 3194 homincmtocit
787 3134 870 3194 beate
881 3135 999 3206 viverc3

9 3237 27 3276 ιι
38 3223 130 3286 solum
139 3219 304 3294 hominem,
318 3220 369 3278 sed
383 3223 471 3280 etiem
483 3220 641 3299 quamlibet
652 3219 831 3278 Potestutem
840 3211 999 3276 Virtutem·

9 3319 28 3358 e
43 3307 201 3362 coelestem.
593 3323 595 3330 ’

323 3385 445 3445 ΟΑΡ.
486 3386 638 3446 XXVI.

21 3481 85 3533 pace
90 3467 188 3538 populi
197 3466 339 3520 alienatio
349 3465 425 3533 Deo,
445 3484 498 3536 quc
515 3469 606 3522 utitor
619 3469 656 3521 od
665 3467 797 3536 pictatem
808 3467 925 3535 populus
932 3461 999 3530 Dei,
1040 3465 1042 3476 '
1078 3459 1087 3516 f

232 3538 293 3588 dum
303 3536 333 3590 io
341 3535 390 3590 boc
396 3538 557 3608 peregrinus
568 3546 609 3591 est
616 3540 721 3590 mundo.

35 3641 173 3708 Quocirca
190 3653 224 3700 ut
240 3644 302 3701 vitu
319 3646 415 3702 cornis
435 3648 533 3702 eninm
551 3654 612 3716 est,
637 3646 679 3700 itu
695 3644 781 3699 beate
798 3643 861 3699 vitu
872 3641 997 3699 hominis

9 3737 50 3778 *¹¹⁸
66 3738 126 3800 est,
152 3727 189 3827 dp
207 3746 265 3803 quo
285 3727 387 3785 dicunt
403 3746 504 3784 secr-ee
521 3728 624 3784 literae
643 3726 858 3784 Hebraeorum:
877 3724 1009 3790 ‚Beatus

9 3809 106 3880 culus,
123 3823 276 3870 coruscet
291 3808 531 3869 DominusDeus
545 3814 646 3889 psius.
688 3810 779 3868 Miser
797 3810 888 3886 igitur
907 3827 996 3884 popu·
1025 3879 1027 3884 X

35 3892 65 3950 sb
85 3897 140 3953 isto
160 3897 305 3952 alienatus
319 3894 392 3952 Deo.
437 3894 544 3974 Diligit
564 3905 663 3954 tumen
676 3898 739 3969 ipse
753 3896 840 3950 ctiam
854 3892 997 3970 quandum
1045 3909 1049 3917 ’
