2340 4312
41 231 46 238 ·
102 307 104 312 Ι
202 224 260 280 raa
323 301 325 308 s
430 175 1036 279 nivrnvnsmtnversrrnr
1100 229 1105 256 ·

203 375 312 444 Deam,
340 383 369 430 et
393 376 559 452 aperierunt
578 371 651 429 milti
674 375 703 428 in
720 373 850 450 plebem:
875 372 1056 431 Hierusalem
1067 377 1131 432 siner

201 475 328 536 superna
341 455 551 530 prophetatur,
574 458 658 511 errius
672 455 751 512 Deus
769 457 1079 530 ipse-praemiumest,
1099 477 1131 514 eur

159 577 164 594 ,
200 540 306 596 habere
325 549 412 616 atque
432 541 523 615 ipsius
544 557 607 594 esse
626 557 769 596 summum
785 541 889 595 illiest
908 550 997 614 atque
1008 551 1092 598 totum
1101 542 1131 596 iot

201 624 246 680 nu
258 633 410 697 utramque
421 640 493 690 vero
507 623 636 696 pertinet
648 620 824 696 hoegipsnm,
839 623 919 696 quotl
931 622 1131 680 Hierusalemli

202 707 260 763 Dei
274 705 401 775 Civitas,
416 715 445 761 et
457 707 489 762 in
504 723 538 760 ea
550 703 739 778 prophetatur
750 705 850 760 futura
864 704 967 761 domus
982 706 1047 778 Dei,
1061 725 1131 781 eaque

202 789 300 864 phetia
312 787 430 846 videtur
443 790 567 861 impleri,
581 805 648 842 eum
661 786 799 843 Salomon
813 805 869 842 rex
881 788 1018 868 aedificat
1030 790 1092 845 illud
1102 789 1131 845 nel

143 907 147 920 ,
203 875 308 928 simum
318 873 467 942 templum.
508 869 592 925 Haeo
605 869 733 924 enimet
748 871 781 924 in
794 879 916 936 terrena
928 869 1131 928 Hierusalem

204 955 273 1010 dnni
284 953 436 1009 historiam
451 953 648 1029 contigerunt,
663 961 692 1008 et
705 953 838 1008 eoelestis
849 952 1036 1024 Hierusalem
1045 956 1131 1034 figunt

198 1047 281 1093 runt.
311 1035 399 1102 'Quod
411 1049 504 1114 genus
517 1035 686 1112 prophetiae
699 1053 737 1102 ex
750 1045 877 1110 utroque
889 1039 985 1094 veluti
999 1048 1131 1114 compertu

204 1138 260 1196 que
272 1119 461 1174 commixtum
473 1118 504 1176 in
516 1118 600 1176 libris
613 1119 759 1175 veteribus
774 1121 939 1191 canonicis,
954 1123 1057 1195 quibus
1068 1139 1131 1178 rernr

204 1195 314 1257 starum
333 1204 517 1258 narrationes
537 1203 742 1278 eontinentur,
763 1204 842 1258 velet
863 1205 1035 1277 plurimum,
1056 1207 1131 1262 multu

128 1327 132 1336 r
152 1329 154 1344 ,
204 1286 337 1340 exercuit
348 1293 379 1352 et
393 1289 513 1341 exercet
524 1285 648 1362 ingenia
660 1285 852 1340 scrutantium
865 1287 968 1343 literas
983 1307 1089 1360 sacras,
1102 1296 1126 1342 ut

111 1401 114 1412 »
202 1367 343 1424 historiae
360 1360 541 1442 praedictum
558 1369 787 1442 completumque
806 1369 917 1446 legitur
934 1371 967 1426 in
982 1370 1131 1438 seminehh

203 1450 364 1511 seeundum
381 1469 516 1522 carnem,
542 1453 630 1508 etiam
644 1452 679 1506 in
699 1451 814 1510 semine
824 1450 959 1508 Abrahae
976 1455 1131 1511 secundun:

105 1525 121 1538 '¹
171 1525 175 1534 ¹
204 1537 273 1613 qnid
290 1535 467 1610 implendum
484 1535 641 1612 allegorice
659 1533 808 1610 significet
824 1535 1008 1610 inquiratur:
1034 1539 1064 1593 in
1075 1545 1131 1592 tane

203 1620 374 1696 quibusdem
388 1621 481 1676 vuum
495 1619 544 1689 sit,
559 1615 632 1674 nihil
646 1635 710 1672 esse
722 1618 755 1672 in
769 1616 880 1672 eisdem
892 1618 977 1688 libris
991 1623 1038 1676 vel
1049 1637 1131 1695 praem

106 1723 127 1757 μ
202 1713 264 1760 tum
278 1711 317 1759 'et
339 1700 484 1772 effectum,
506 1702 554 1757 vel
576 1697 719 1772 ellectum,
744 1702 875 1774 quamvis
903 1719 964 1758 non
991 1703 1131 1778 praenuntii

204 1787 283 1862 quod
300 1805 362 1843 non
379 1783 510 1842 insinuet
528 1783 639 1858 aliquid
651 1782 688 1838 atl
706 1801 860 1856 supernam
874 1783 1035 1842 Civitatem
1047 1787 1099 1844 Dei
1108 1786 1131 1839 ei

133 1903 141 1922 s
204 1870 281 1926 lilios
294 1871 326 1926 in
339 1869 394 1926 hae
407 1868 469 1924 vite
481 1868 654 1944 peregrinos
668 1865 795 1943 figurata
807 1867 1031 1944 significatione
1043 1869 1131 1925 relern

204 1951 265 2009 Sed
277 1955 303 2010 si
316 1952 371 2010 hoe
388 1953 430 2008 ita
444 1961 503 2024 est,
530 1952 588 2006 iem
605 1950 759 2023 bipertita,
786 1967 845 2005 non
861 1953 1012 2024 tripertita
1026 1951 1131 2008 eruntel

203 2034 432 2110 Prophetarum,
448 2035 504 2112 'rel
516 2035 611 2106 potius
624 2034 741 2092 illarum
755 2029 976 2104 seripturarum
991 2038 1122 2103 omnium,

203 2120 312 2174 veteris
332 2118 524 2174 instrumenti
543 2116 735 2188 appellatione
750 2119 930 2174 censentur.
975 2117 1057 2176 Nihil
1077 2118 1131 2173 enin

62 2173 70 2180 ¹
103 2197 107 2208 ‘
204 2202 282 2269 illie,
306 2199 384 2275 quod
397 2199 434 2255 ad
446 2197 631 2258 Hierusalem
645 2207 791 2254 terrenam
805 2203 921 2256 tanturn
935 2204 1089 2272 pertineat,
1107 2199 1131 2254 si·

202 2282 271 2356 quid
293 2284 334 2338 ibi
357 2281 392 2336 (le
414 2283 475 2350 illa,
498 2283 546 2338 rel
568 2289 686 2355 propter
709 2281 805 2350 illam,
831 2281 941 2338 dieitur
960 2295 1049 2360 atquc
1065 2300 1131 2355 comp

203 2361 352 2442 signifieat
364 2365 489 2439 aliquid,
513 2364 589 2438 qsrod
603 2363 691 2418 etiem
704 2362 741 2418 ed
754 2361 942 2422 Hierusalem
956 2364 1131 2425 eoelestemal

188 2449 266 2504 rica
277 2446 523 2524 praefiguratione
534 2447 694 2502 referatur:
707 2446 757 2501 sed
768 2456 855 2509 erunt
868 2449 933 2504 sole
943 2449 1001 2506 (luo
1014 2463 1131 2528 genere,

202 2530 282 2606 quod
295 2530 331 2586 ad
345 2529 530 2586 Hierusalem
541 2531 678 2599 liberem,
699 2525 825 2586 alterum
837 2530 918 2604 quotl
931 2532 968 2588 etl
981 2544 1131 2607 utramque]

203 2623 282 2670 neat.
313 2612 387 2670 Mihi
399 2622 496 2668 autem
504 2613 588 2672 ,sieut
599 2613 723 2668 multum
735 2611 872 2668 videntur
886 2629 1000 2686 errare,
1018 2615 1131 2691 quintu

138 2768 143 2778 ι
197 2705 300 2773 'gestas
314 2699 346 2754 in
359 2714 394 2752 eo
407 2713 517 2773 genere
529 2695 678 2750 literarum
689 2694 806 2774 'aliquid
825 2695 906 2752 aliud
924 2710 1042 2771 praetor
1059 2699 1086 2755 id
1103 2713 1131 2770 qr

117 2773 119 2780 ’
201 2779 286 2837 modo
305 2790 405 2858 gestae
423 2786 494 2834 sunt
513 2775 899 2854 significaresarbitrantun
925 2783 968 2843 ita
982 2784 1131 2838 multumau

202 2865 254 2937 qui
268 2880 386 2937 prorsus
399 2861 440 2918 ihi
454 2861 551 2916 omnia
565 2858 828 2936 significationibus
842 2863 1131 2942 allegoricisdinrolnts

52 3005 55 3012 Δ
99 2998 101 3004 ,
152 3008 156 3024 ι
202 2945 393 3002 contendunt.
415 2942 483 2998 hleo
496 2943 654 3016 tripertita,
667 2960 727 3000 non
741 2943 877 3015 bipertita
890 2964 957 3002 esse
972 2948 1045 3004 dixi.
1076 2945 1127 3002 line

109 3067 112 3076 ι
202 3029 350 3098 existimo,
364 3045 426 3084 non
439 3035 536 3082 temen
549 3026 670 3098 culpans
680 3043 742 3096 eos,
755 3026 806 3100 qui
818 3031 971 3098 potuerint
984 3031 1044 3086 illie
1056 3031 1087 3085 de
1097 3043 1131 3101 qn

201 3130 303 3186 quere
316 3118 400 3187 gesta
412 3127 529 3165 sensum
540 3109 755 3195 ¹intelligentiae
769 3109 910 3181 spiritalis
926 3115 1097 3187 exsculpere,
1107 3125 1131 3164 se

196 3188 493 3270 primitnsffduntaxat
504 3190 643 3256 historiae
655 3192 789 3248 veritate.
817 3190 975 3252 Caeterum
990 3214 1061 3270 quae
1072 3189 1131 3248 ital

200 3287 262 3349 tur,
275 3287 310 3332 ut
323 3276 410 3331 rebus
423 3271 591 3330 humanitus
606 3292 658 3329 seu
672 3273 814 3331 divinitus
828 3278 923 3352 gestis
938 3279 1001 3336 sire
1014 3275 1128 3355 gerendis

200 3361 305 3423 venire
319 3359 516 3432 nonpossint,
531 3358 596 3431 quis
610 3356 705 3413 fidelis
717 3355 829 3413 dubitet
842 3375 905 3415 non
919 3379 983 3422 esse
996 3353 1131 3418 inaniterd

202 3444 274 3509 Quis
289 3461 322 3498 ee
336 3460 397 3499 non
410 3440 447 3495 etl
460 3437 686 3516 intelligentiam
700 3441 860 3512 spiritalem
876 3454 1011 3514 revocet,
1030 3445 1055 3498 si
1064 3437 1131 3516 posti

201 3525 238 3580 alt
250 3543 285 3580 eo
299 3525 349 3600 qni
362 3532 459 3598 potest
471 3522 638 3580 revocanda
650 3539 714 3577 esse
727 3521 874 3580 fateaturl
959 3538 962 3544 ·

605 3620 726 3678 CAP.
767 3618 829 3678 lv.

202 3697 244 3751 lle
251 3700 445 3819 prostraretur
455 3700 661 3782 commutatione
666 3700 815 3752 lsraeletsoa
826 3705 907 3774 regni
917 3716 946 3759 et
955 3702 1093 3764 recordati,
1100 3704 1131 3752 cu

220 3783 287 3834 qaae
323 3787 377 3822 nna
387 3781 474 3824 mater
486 3771 627 3832 Samariae,-
633 3786 776 3836 personum
782 3786 883 3838 gerens
893 3777 1042 3838 Ecclesiae,
1049 3765 1131 3842 propiet

165 3915 169 3937 ζ
263 3857 431 3946 Procursns
445 3862 535 3941 igitur
546 3860 680 3920 Ciuitatis
693 3859 762 3930 Dei,
774 3859 824 3916 uhi
838 3867 976 3934 pervenit
988 3865 1023 3924 ul
1035 3863 1131 3939 Regum*

626 3973 628 3980 .
684 3965 691 3998 ,
748 3971 751 3978 .
