2362 4314
143 239 204 296 ιιι
321 165 327 214 ³
349 189 465 282 ιιιιι
491 217 681 278 lvaanrr
706 198 978 288 sverasrrnr'
1043 201 1044 204 ‘

143 385 219 447 nihil
230 375 482 442 melius'instituit
491 391 578 448 quam
586 371 726 446 spiritus,
741 371 852 447 quibas
862 374 1116 454 intelligentiaudeli,

145 482 177 528 et
188 485 257 525 suae
271 459 528 534 contemplationis
541 455 652 512 habiles
663 473 849 532 capacesque
861 453 910 514 sui
922 463 1059 534 praestitit,
1070 459 1116 535 atpt
1134 453 1158 488 ³

145 571 206 611 una
223 550 364 606 societate
378 543 525 613 devinxit,
539 557 627 614 quam
640 547 775 595 sanctam
790 549 821 595 ct
835 559 988 616 supernam
999 539 1127 608 dicinnli·¹

105 691 108 702 ,
144 639 281 703 vitatem,
298 633 332 686 in
346 637 404 705 quc
421 643 469 682 res
488 642 545 700 qua
557 629 764 678 sustententur
776 623 917 701 beatique
931 629 1003 699 sint,
1023 617 1116 700 napi
1135 626 1157 643 ‘⁷

74 743 77 750 ·
144 720 203 775 illis
218 725 279 786 est,
293 723 433 787 tanquam
445 710 507 766 rita
520 708 675 782 visusque
690 709 868 764 communis.
905 709 1113 778 Quilibermnbi
1155 709 1158 735 ³

145 803 236 858 trium
249 797 344 853 eidem
356 792 549 849 intellectuali
562 799 688 847 natiuae
699 790 806 848 tribuit
819 793 898 864 tale,
918 797 989 850 atsi
1002 791 1109 852 sellulas·

145 890 226 941 reret
239 875 398 958 [deserere]
412 875 523 945 Deum,
551 873 763 930 beatitudinem
783 875 903 932 scilicet
924 875 1017 948 suam',
1036 875 1113 944 crint,
1136 878 1153 899 *³

146 967 265 1023 miseria
278 970 357 1017 esset
375 967 522 1015 secutura.
566 957 626 1024 Qut
640 975 728 1032 quum
739 961 905 1032 praesciret
917 951 1110 1039 ang'elosqnh'
1141 970 1156 979 ”

147 1067 199 1124 per
216 1046 386 1114 elationem,
411 1059 468 1118 qua
485 1043 543 1116 ipsi
555 1041 612 1098 sibi
626 1041 663 1098 ad
680 1040 796 1104 beatam
812 1044 909 1100 vitam
922 1045 1041 1102 sufficere
1050 1043 1113 1110 rdet

105 1161 111 1170 .
148 1131 222 1192 tanti
235 1129 306 1198 boni
318 1126 485 1183 desertores
504 1125 634 1195 futures,
657 1143 719 1182 uon
733 1127 777 1181 eis
790 1124 903 1184 ademit
914 1126 989 1185 hanc
1000 1133 1116 1206 poteram,
1134 1126 1136 1147 l

31 1205 33 1210 ’
132 1213 293 1289 vpotentius
309 1213 348 1267 'et
368 1210 471 1266 malim
495 1227 560 1265 esse
580 1207 713 1266 iudicans
734 1201 826 1266 etiam
845 1209 884 1267 de
901 1215 986 1268 malis
1002 1209 1148 1284 ΙιιιιιΜ

147 1301 232 1372 quam
246 1297 322 1351 mala
336 1312 401 1350 esse
414 1311 474 1351 non
487 1294 595 1350 sinere.
641 1293 725 1360 Quae
746 1295 870 1351 omnino
887 1297 969 1353 nulla
987 1303 1076 1366 essent,
1095 1286 1123 1339 ‘5'ss

147 1389 252 1436 natura
266 1379 430 1450 mutabilis,
445 1379 575 1453 quamvis
588 1376 680 1448 bona,
695 1385 725 1433 ct
738 1395 756 1432 a
769 1395 884 1435 summo
896 1378 962 1436 Deo
976 1390 1050 1456 atque
1059 1397 1095 1434 m
1109 1380 1152 1429 ἰ’

146 1463 281 1519 mutabili
295 1463 387 1534 bono,
414 1464 464 1538 qui
475 1461 554 1519 bona
567 1461 664 1518 omnia
678 1459 825 1533 condidit,
852 1464 1010 1536 instituta,
1031 1484 1058 1539 pe
1076 1486 1093 1510 ιι
1117 1464 1119 1473 ’
1129 1466 1137 1529 ;”
1151 1472 1155 1475 ’

147 1563 182 1602 ea
204 1545 261 1602 sibi
283 1549 349 1622 ipsa
371 1546 498 1602 fecisset.
539 1545 605 1614 Quo
629 1545 718 1601 etiam
739 1554 863 1626 peccato
888 1563 942 1604 suo
966 1557 1035 1604 teste
1053 1543 1139 1602 ιιι”1

148 1632 240 1700 citur,
262 1623 369 1687 ponent
382 1628 529 1686 conditam
539 1648 574 1684 se
588 1639 652 1685 esse
665 1637 811 1685 naturam.
832 1627 902 1687 Nisi
917 1634 994 1689 enim
1005 1645 1113 1710 magnas
1149 1625 1158 1698 ἶ

146 1716 227 1788 ipsa,
255 1714 324 1770 licet
337 1732 397 1770 non
411 1716 532 1790 aequale
545 1711 715 1792 Conditeri,
738 1711 851 1770 bonum¹
868 1725 962 1788 esset,
985 1715 1089 1792 prolecto

150 1799 240 1854 sertio
255 1797 312 1853 Dei
330 1806 467 1874 tanquam
484 1797 603 1855 luminis
621 1798 668 1853 sui
684 1793 792 1853 malum
815 1799 882 1854 eius
908 1817 973 1856 esse
996 1819 1049 1856 non
1070 1816 1126 1849 ιΙῌι
1150 1808 1151 1815 ’

148 1881 224 1940 Nam
237 1883 316 1938 sicut
329 1883 455 1937 coecitas
469 1883 548 1939 oculi
559 1882 663 1939 vitium
677 1890 738 1952 est,
764 1889 795 1937 et
814 1881 894 1940 idem
912 1884 1008 1958 ipsam
1022 1882 1102 1939 indicat
1123 1910 1125 1919 2

148 1969 247 2022 lumen
260 1964 416 2024 videndum
429 1967 545 2022 oculum
558 1953 622 2021 esse
635 1973 783 2036 creatum,
811 1983 847 2022 ae
866 1986 922 2042 per
939 1967 994 2025 boc
1011 1970 1080 2024 etiam
1103 1990 1104 1993 ¹
1118 2012 1121 2017 ⁴

147 2051 222 2107 uitio
243 2069 296 2106 suo
316 2051 506 2108 excellentius
525 2048 653 2106 ostendit
671 2057 706 2105 ut
726 2050 852 2106 caeteris
871 2051 1010 2108 membris
1021 2048 1091 2108 meni
1109 2068 1110 2075 ¹

150 2151 242 2208 capax
261 2134 395 2204 luminis,
423 2127 503 2212 (non
521 2123 599 2210 enim
617 2132 674 2192 alia
693 2149 782 2188 causa
795 2143 876 2189 esset
889 2137 995 2193 vitium
1008 2137 1060 2192 eius

55 2229 56 2232 ’
148 2213 289 2294 lamium)
303 2218 344 2272 ita
357 2225 462 2272 natura
475 2213 549 2291 qu‘ae
561 2215 709 2273 fruebatur
722 2214 806 2287 Deo,
820 2219 964 2292 eptimam
978 2238 1008 2275 se
1019 2218 1122 2275 insuat·
1135 2197 1158 2243 ¹¹⁴

138 2300 233 2362 ,docet
255 2300 343 2355 etiam
368 2301 431 2374 ipso
453 2301 543 2372 vitio,
570 2318 627 2375 quo
650 2299 720 2354 ideo.
737 2300 849 2360 misera
866 2311 929 2374 est,
956 2305 1092 2379 quianon
1106 2291 1113 2337 ,'
1140 2296 1143 2311 ¹

147 2393 195 2438 tur
207 2381 288 2453 Deo;
314 2383 364 2458 qui
383 2401 484 2440 casum
500 2387 674 2464 angelorum
691 2383 892 2441 voluntarium
910 2387 1061 2443 iustissima
1148 2380 1156 2391 ¹⁷

147 2467 338 2540 sempiternae
361 2465 541 2524 infelicitatis
565 2467 739 2536 obstrinxit,
765 2474 853 2541 atque
875 2469 910 2526 in
924 2478 1074 2526 eosunno

145 2541 381 2624 permanentibus
402 2551 542 2622 caeteris,
567 2561 602 2607 ut
619 2550 654 2606 de
673 2568 726 2606 sua
738 2547 879 2606 sinc.fine
892 2556 1078 2628 permansione
1155 2623 1158 2630 ⁴

147 2642 256 2704 essent,
270 2643 409 2709 tanquam
422 2635 513 2709 ipsius
526 2636 684 2710 praemium
698 2635 916 2708 permansionis
930 2635 1017 2693 dedit.
1037 2625 1118 2702 auls
1138 2633 1158 2650 ’“

89 2759 92 2766 ι
145 2715 291 2772 hominem
304 2717 397 2791 ipsum
411 2719 498 2774 ctiam
511 2727 623 2774 rectum
635 2735 700 2774 cum
714 2711 924 2777 eodem'libero
938 2722 1063 2789 arbitrio,
1085 2740 1091 2761 ν’
1147 2736 1148 2739 ’

146 2805 222 2855 ιιιιιιι
231 2799 345 2874 quidem
357 2803 481 2872 animal,
508 2801 562 2859 scd
572 2804 654 2858 coelo
668 2797 808 2878 dignum,
833 2803 862 2858 si
875 2821 932 2860 suo
946 2803 1117 2860 cohaereas
1144 2795 1158 2851 l

146 2883 235 2939 ctori:
262 2884 381 2939 miseria
394 2885 545 2957 similiter,
559 2887 585 2940 si
599 2903 665 2944 eum
678 2884 841 2954 desereret,
855 2897 1005 2960 secutura,
1018 2885 1125 2964 qualis*

146 2976 229 3022 turae
238 2965 405 3022 huiusmodi
414 2971 595 3024 conveniret.
610 2963 704 3036 Quem
713 2968 1054 3047 similitercumpraevari
1086 2963 1091 2976 '

144 3051 218 3128 legis
231 3049 290 3105 nei
302 3068 354 3124 per
366 3048 424 3106 Dei
437 3050 634 3108 desertionem
645 3060 837 3124 peccaturum
849 3073 916 3112 esse
928 3056 1080 3132 piaeseiret,

142 3134 187 3188 illi
200 3131 309 3188 ademit
324 3133 408 3189 liberi
431 3134 545 3191 arbitrii
566 3145 754 3210 potestatem,
781 3136 870 3194 simul
893 3139 1067 3216 praevidens,
1087 3152 1123 3191 ¹!

142 3216 212 3273 boni
230 3216 266 3272 de
288 3218 363 3272 malo
385 3225 462 3272 esset
484 3220 547 3292 ipse
566 3220 713 3287 facturus,
740 3217 815 3293 quid
836 3219 873 3278 dc
895 3225 1012 3280 mortali
1030 3216 1122 3300 [ιιιιὶ

142 3295 246 3356 meiito
276 3301 409 3376 iusteque
437 3299 572 3359 damnata
599 3312 712 3359 tantum
739 3306 883 3378 populum
910 3308 1070 3387 gratianus
1092 3322 1101 3339 ·¹
1134 3310 1150 3381 J

85 3383 87 3388 '
141 3383 222 3460 ligit,
248 3383 367 3439 atinde
385 3386 529 3458 suppleat,
557 3395 588 3442 ct
605 3389 751 3443 instauret
762 3392 1101 3469 partemqnaelspsaett
1120 3379 1158 3465 'J'

76 3507 79 3521 .
141 3468 289 3542 geloram3
316 3485 349 3522 ac
368 3471 410 3523 sic
425 3469 480 3524 illa
498 3468 603 3529 dilecta
621 3479 651 3526 et
668 3486 796 3543 superna
813 3471 928 3532 Civitas
946 3494 1005 3533 non
1021 3466 1085 3529 fraud
1147 3470 1156 3487 ”

52 3553 54 3557 ’
140 3567 259 3606 suorum
279 3552 539 3634 numerosioribus,
565 3554 637 3629 quin
658 3553 747 3610 etiam
764 3553 903 3616 fortassis
923 3569 952 3618 et
964 3529 1116 3630 uberiorcflf
1134 3563 1158 3643 ἃ·

138 3637 226 3688 tetur.
489 3641 491 3643 ’
1147 3646 1157 3659 “’

439 3715 442 3744 1
522 3689 610 3777 *εἰ
630 3683 680 3778 ιζ
706 3700 755 3783 ιι.

1138 3697 1158 3748 b

196 3821 197 3824 =
286 3817 290 3834 ι
326 3795 370 3848 De
380 3795 491 3851 aeterne
501 3797 594 3853 Dades
607 3801 825 3857 incommutabili
832 3769 982 3862 volontate.
1138 3761 1158 3837 i*

124 3939 125 3942 ,
197 3881 289 3942 Malta
311 3889 388 3944 enim
412 3889 520 3946 fianta
539 3893 620 3950 malis
639 3891 757 3970 quidem
778 3907 885 3956 contra
907 3871 1066 3957 volunlatem
1077 3879 1115 3944 ⁰25³
