2340 4320
97 125 139 184 os
297 87 409 176 'n‘rvr
444 111 634 174 'svamm
666 113 918 174 rvevsrrru

96 257 233 330 inductae
247 271 277 325 in
293 269 428 324 convivia
442 267 596 346 psaltriae,
624 274 654 321 ct
665 267 890 322 alialie'entiosa
903 268 1054 342 nequitia.
1103 260 1144 320 S
1159 296 1170 305 ·

96 374 177 411 nune
191 353 227 408 dc
239 352 285 408 his
299 351 383 406 malis
397 367 472 423 quae
486 348 713 404 intolerabiliter
725 348 859 405 homines
872 351 1022 424 potiuntur
1031 390 1052 420 ‚
1139 373 1140 376 ¹
1155 366 1163 387 ’

96 437 133 492 de
145 435 191 491 his
205 453 280 510 quac
295 433 421 488 libenter
433 430 563 502 faciunt,
588 430 686 486 dicere·
712 431 841 486 institui.
884 431 966 488 Vnde
979 429 1084 488 illud
1105 444 1170 480 ms

95 511 143 598 gis
158 517 236 594 quod
252 515 287 570 de
301 513 441 586 Scipione
454 515 707 586 commemoravi,
721 510 799 588 quod
812 513 919 588 cedens
933 515 1100 570 inimicis
1124 523 1152 558 e

95 613 142 656 tra
155 601 297 675 patriam,
322 611 408 670 quam
420 596 574 666 liberavit,
590 605 724 662 mortuus
738 603 800 666 est,
816 594 853 650 ad
866 587 1081 668 praese'ntcrn
1103 603 1163 663 1⁵⁰

95 679 428 752 tinctdisputationem,
452 671 530 750 quod
544 679 572 732 ei
585 675 718 732 Romana
730 679 868 748 numina,
883 697 901 734 a
914 697 1058 754 quorun).
1090 680 1144 725 te

56 763 72 799 *2
93 767 149 840 piis
166 764 274 824 avertit
286 759 497 829 Hannibalem,
515 775 576 814 non
590 752 781 815 reddiderunt
793 761 905 832 tieem,
921 779 995 835 quae
1008 754 1164 840 pujopf

94 849 183 902 istam
204 841 404 900 tantummodo
429 842 567 896 coluntur
591 841 769 896 felicitatem.
813 839 873 898 Sed
887 845 956 916 quia
970 838 1159 898 Sarrum

97 935 282 998 co‘tcmpore
309 926 349 979 ibi
376 923 452 978 dixit
469 936 565 978 mores
580 921 705 995 optimos
719 922 829 995 fuisse,
854 923 1139 998 proptereal1⁰⁶
1168 928 1170 949 ¹

95 1011 206 1065 Asiana
220 1007 339 1063 luxuria
354 1003 636 1074 commemorandum
648 1005 764 1078 putavi,
794 1014 828 1061 nt
842 1007 1023 1083 intelligatur
1056 992 1137 1052 eti

96 1090 168 1162 illud
183 1107 200 1144 a
214 1087 355 1144 Sallustio
376 1089 407 1143 in
422 1087 639 1159 comparatione
664 1089 790 1146 aliorum
814 1097 980 1161 temporum
1005 1084 1165 1142 dicffl‘

24 1227 29 1236 7
85 1173 201 1248 ,quibus
216 1171 394 1245 temporibus
408 1171 525 1243 peiores
539 1171 642 1243 utique·
655 1172 687 1224 in
697 1168 880 1246 gravissimis
894 1170 1082 1226 discordiis
1107 1170 1149 1210 ¹1¹
1163 1170 1169 1185 ⁴

95 1273 143 1310 res
157 1254 289 1309 fuerunt.
332 1251 408 1307 Nam
421 1260 507 1322 tunc,
522 1249 551 1305 id
565 1261 624 1321 est,
639 1253 717 1307 inter
731 1250 893 1328 seeundum
907 1261 937 1306 et
948 1249 1153 1326 postrema

96 1337 204 1392 bellum
218 1333 480 1411 Carthaginiense,
494 1333 552 1388 lata
567 1341 612 1388 est
626 1334 714 1389 etiam
727 1334 777 1388 illa
791 1335 841 1389 lox
850 1333 993 1406 Voconia,
1007 1331 1065 1390 ne
1093 1330 1161 1403 (1¹¹,

22 1475 23 1480 7
95 1417 250 1474 haeredem
263 1417 402 1472 feminam
412 1417 543 1486 faceret,
568 1417 754 1471 necunicam
767 1415 866 1472 filiam.
899 1418 1049 1494 Q'ualege
1082 1409 1163 1495 ‘lu'

60 1508 63 1512 '
95 1502 226 1574 iniquius
241 1499 300 1555 dici
313 1508 365 1554 o'ut
378 1499 503 1575 eogitari
515 1499 623 1571 possit,
638 1499 754 1575 ignoro.
773 1497 982 1554 Verumtamen
996 1507 1078 1554 toto
1099 1501 1116 1538 ¹
1168 1490 1170 1503 i

71 1587 75 1597 '
96 1585 251 1639 intervallo
270 1581 395 1638 duorum
412 1583 555 1637 bellorum
567 1577 747 1636 Punicorum
772 1581 953 1636 tolerabilior
968 1568 1170 1646 interivit?

95 1666 160 1722 suit.
204 1664 293 1720 Bellis
307 1662 508 1720 tantummodo
522 1662 595 1716 foris
610 1663 818 1719 conterebatur
830 1665 996 1735 exereitus,
1016 1655 1077 1732 sed,
1093 1657 1127 1699 V

82 1743 197 1804 'etoriis
213 1743 434 1802 consolabatur:
462 1743 539 1798 domi
553 1753 652 1798 autem
665 1746 778 1816 nullae,
803 1747 881 1800 sicut
899 1747 987 1817 alias,
1013 1727 1147 1800 tiseos

94 1832 159 1886 diae
174 1829 350 1884 saeviebant.
395 1823 454 1881 Sed
467 1826 570 1879 ultimo
584 1825 659 1882 bello
673 1825 788 1883 Punico
807 1846 867 1883 uno
881 1830 990 1901 impetu
996 1815 1128 1895 ,atterit1

30 1901 32 1906 ’
94 1912 259 1986 Scipionis,
285 1911 335 1982 qui
349 1909 386 1963 ob
399 1906 455 1962 hoe
469 1907 557 1963 etiam
575 1909 638 1981 ipse
650 1909 784 1965 Africani
810 1928 974 1988 cognomen
1000 1889 1169 1966 invtnff'

49 1990 53 2010 ¹
93 1994 208 2064 aemula
230 1992 346 2063 imperii
359 1987 484 2045 Romani
505 1990 539 2044 ab
566 1991 767 2065 stirpedeleta
782 2001 840 2048 est:
869 2009 903 2048 ae
918 1960 1166 2048 domuerant?

94 2077 237 2130 malorum
249 2072 407 2149 aggeribus
422 2086 560 2144 oppressa
573 2071 707 2129 Romana
725 2076 906 2149 respublica,
930 2084 965 2130 ut
975 2059 1156 2148 prosperis

44 2185 52 2204 ·
93 2167 154 2216 tate
167 2173 201 2212 ac
216 2155 376 2210 securitate
388 2163 503 2224 rerum,
517 2153 596 2210 unde
609 2157 733 2213 nimium
745 2159 1035 2231 corruptismoribus
1048 2159 1126 2212 malt

92 2241 143 2295 illa
159 2245 302 2314 congesta
315 2245 401 2307 sunt,
423 2237 488 2310 plus
502 2239 641 2292 nocuisse·
663 2248 845 2295 monstretur
864 2248 924 2294 tarn
937 2241 996 2296 cito
1012 2259 1107 2310 eversa,

93 2340 179 2397 quam
192 2322 273 2392 prius
288 2328 430 2375 nocuerat
441 2327 502 2373 tam
515 2319 565 2374 diu
579 2319 702 2376 adversa
717 2320 872 2398 Carthago.
892 2319 959 2376 Hoc
974 2331 1036 2378 toto
1050 2335 1109 2378 tern-

80 2475 82 2480 Ι
90 2422 162 2478 pore
175 2420 268 2476 usque
282 2401 318 2456 ad
334 2400 488 2458 Caesarem
500 2400 682 2478 Augustum,
702 2405 753 2477 qui
765 2403 883 2460 ridetur
896 2421 955 2460 nou
969 2404 1061 2461 adhue
1072 2407 1111 2462 vel

92 2489 224 2560 ipsorum
238 2485 378 2558 opinione
390 2485 565 2562 gloriosam,
578 2483 637 2561 jsed
650 2487 866 2544 contentiosam
880 2494 909 2540 ct
925 2488 1078 2543 exitiosam
1090 2498 1113 2542 ot

91 2565 179 2640 plane
192 2569 249 2622 iam
264 2585 400 2624 enervem
413 2585 447 2621 ae
460 2565 630 2642 languidam
643 2567 808 2624 libertatem
828 2569 910 2624 omni
922 2568 1009 2624 nrodo
1024 2580 1113 2626 extor-

92 2651 166 2704 sisse
180 2647 346 2722 Romanis,
362 2648 440 2704 etad
457 2650 557 2724 regale
582 2650 736 2705 arbitrium
761 2660 869 2706 cuneta
894 2653 1073 2722 revocasse,
1091 2663 1115 2709 et
1132 2647 1133 2654 ¹

82 2733 173 2807 'quasi
188 2731 318 2786 morbida
331 2740 480 2788 vetustate
495 2733 652 2804 collapsam
675 2732 767 2788 veluti
789 2735 972 2789 instaurasse
985 2753 1022 2790 ee
1034 2754 1113 2791 reno·

89 2829 175 2870 rasse
189 2814 410 2885 rempublicam
436 2822 500 2868 toto
526 2831 598 2890 ergo
621 2816 679 2869 isto
704 2807 850 2890 te’mpore,
881 2817 984 2871 omitte
1000 2835 1039 2871 ex
1057 2820 1115 2873 aliis
1139 2871 1143 2887 7

89 2907 178 2971 atque
192 2897 256 2950 aliis
272 2898 368 2950 causis
383 2897 470 2968 etiam
483 2905 570 2969 atque
585 2897 672 2952 etiam
685 2897 804 2953 bellicas
819 2898 932 2969 clades,
947 2909 978 2954 et
988 2899 1115 2964 Numan·
1137 2939 1140 2970 2

47 2973 50 2992 '
90 2981 185 3034 tinum
199 2976 302 3032 foedus
315 2976 461 3032 horrenda
475 2979 637 3053 ignominia
648 2981 845 3036 maculosum:
858 2977 1034 3037 volaverant
1044 2985 1116 3040 eninr
1140 3028 1158 3051 ζ

47 3107 51 3120 7
90 3059 211 3134 pullide
226 3077 330 3130 cavea,
357 3068 386 3114 et
399 3059 535 3115 Mancino
551 3063 681 3132 consuli,
708 3064 855 3134 utaiunt,
882 3064 1043 3140 augurium
1059 3082 1115 3120 nra-
1139 3101 1154 3132 4

89 3137 150 3198 lum
173 3143 319 3212 feceraut3
347 3143 431 3214 quasi
443 3159 496 3212 per
509 3150 554 3196 tot
567 3160 678 3214 annos,
707 3145 812 3218 quibus
826 3146 876 3201 illa
890 3147 1002 3222 exigua
1017 3148 1115 3202 eiritm

89 3207 253 3280 Romanum
267 3225 461 3278 circumsessa
475 3227 638 3279 exercitum
650 3225 811 3297 afflixerat,
837 3225 1115 3300 ipsiquellomauae
1150 3286 1164 3292 77

87 3307 266 3378 reipublicae
292 3306 401 3360 terrori
427 3321 491 3359 esse
516 3306 575 3360 iam
602 3317 753 3380 coeperat,
781 3309 1030 3365 aliieontraeam
1043 3312 1114 3365 malo
1145 3369 1147 3376 7

88 3390 214 3465 augurio
227 3388 436 3462 processerint.

449 3482 567 3541 cnr,
606 3481 742 3544 XXII.

88 3559 130 3613 De
141 3557 430 3628 Mithradatiredicto,
450 3581 501 3632 quo
521 3579 608 3615 ornnes
626 3565 854 3633 doerltomaeor,
874 3567 922 3636 pei
940 3567 1017 3620 intra
1028 3557 1117 3620 Aliam
1155 3617 1163 3624 7,

399 3633 597 3697 invenirentur,
617 3632 798 3687 iareitocoidi.
1093 3657 1100 3672 ¹

79 3715 80 3718 '
150 3717 209 3776 Sed
222 3719 458 3798 baee,lnquarn',
472 3722 619 3794 ammitte,
639 3727 772 3798 quamvis
783 3723 860 3780 illud
873 3739 1058 3799 nequaquam
1072 3733 1119 3780 ta·
1154 3719 1156 3732 '

253 3949 347 3976 1,,
