2266 4312
38 141 47 148 ’
91 197 95 200 ·
176 196 217 253 aa
399 187 494 268 orvi
519 171 713 272 aarum
737 161 1024 256 rvcvsrrur

179 343 337 404 Civitatem
348 341 416 402 Dei.
454 329 539 398 Sicut
553 340 675 400 enimin
688 357 747 398 uno
759 335 894 412 homine,
917 339 995 418 quod
1007 339 1074 418 diris
1084 339 1112 414 hp

176 429 240 497 lus,
261 428 444 500 experimur,
459 427 529 502 peric
543 443 598 480 roa
609 425 742 500 primam
756 424 833 505 quad
845 423 988 500 spiritale
1002 435 1057 492 cst,
1073 423 1112 490 scd

178 509 320 578 animale,
341 518 452 586 pastea
477 505 636 586 spiritale:
649 504 746 562 v'unde
771 507 990 580 unusquisque,
1016 508 1112 583 quonia

179 591 317 652 damnata
335 592 497 666 propagine
518 591 666 660 exoritur,
692 590 786 663 primo
804 590 844 660 sit
860 595 986 656 'neccsse
1005 599 1048 647 cst
1068 607 1100 644 ex

112 705 116 716 ·
178 677 273 732 nialus
287 683 375 750 atquc
389 673 531 745 carnalis3
557 671 672 746 quodsi
685 673 716 744 in
731 669 878 736 Christum
892 671 1070 730 renascendo
1080 690 1112 746 pr

124 783 127 794 Δ
178 759 229 828 rit,
243 767 312 830 post
324 760 381 812 e'rit
395 757 487 812 bonus
502 763 532 809 ct
544 755 698 828 spiritalis:
714 755 756 810 sic
770 756 801 810 in
807 755 954 830 ‚puiverso
969 775 1074 834 genere
1085 753 1112 825 hu

77 897 80 912 Ι
179 857 245 895 cunr
263 843 390 914 primum
411 837 485 894 duae
505 839 580 892 istoc
602 847 762 911 coeperunt
783 836 933 895 nascendo
956 848 1043 912 atque
1064 855 1112 892 nior

178 921 515 996 procurrerecivitatcs,
529 921 608 994 prior
622 929 666 980 est
679 929 767 978 natus
782 921 855 978 ciris
868 917 957 982 huius
972 923 1091 991 battuli,
1110 940 1112 994 j

179 1003 241 1058 rior
255 1012 351 1058 autern
362 1006 419 1059 isto
430 1004 604 1080 peregrinus
617 1004 649 1064 in
663 1005 792 1078 sacculo,
808 1011 837 1059 et
849 1002 1051 1086 pcrtinens'ad
1064 1003 1112 1064 Cin

136 1145 137 1148 ,
178 1085 247 1156 Dei,
261 1088 357 1162 gratia
365 1086 611 1158 praedestinatus,
625 1087 721 1162 gratia
736 1088 968 1162 electris„gratia
980 1089 1112 1164 peregrim

178 1187 289 1239 orsum,
302 1170 398 1246 gratia
413 1170 485 1224 civis
500 1185 625 1232 sursum.
648 1166 723 1230 Nam
736 1178 878 1244 quantum
892 1168 929 1224 ud
942 1170 1039 1243 ipsum
1050 1171 1112 1224 attia

89 1299 93 1314 ,
179 1250 280 1307 eadem
301 1267 397 1328 massa
417 1253 527 1321 oritur,
551 1265 625 1324 quae
644 1251 833 1328 originaliter,
851 1246 895 1308 es't
913 1258 976 1314 tota
996 1252 1112 1329 damnata

176 1341 316 1408 tanquam
329 1333 436 1412 figulus
448 1334 542 1404 Dens,
557 1329 645 1414 (hanc
658 1333 972 1398 eninrsimiiitudinem
983 1353 1042 1392 non
1051 1337 1112 1410 impr

77 1493 79 1500 p
128 1417 131 1422 ’
176 1427 233 1487 ter,
248 1417 299 1470 scd
312 1417 473 1496 prudenter
486 1416 649 1473 introducit
661 1409 854 1496 Apostolus,)
875 1434 912 1471 ex
927 1417 1027 1473 cadem
1040 1437 1112 1473 maso

176 1500 255 1556 aliud
274 1501 377 1558 rasin
396 1498 554 1569 honorem,
573 1499 651 1554 eliud
670 1501 701 1556 in
716 1500 930 1556 contumeliam.
966 1499 1051 1557 Prius
1064 1509 1112 1556 aut

129 1617 131 1622 ·
175 1591 256 1639 ctum
270 1593 315 1638 est
331 1601 382 1639 vas
402 1585 433 1638 in
447 1584 669 1652 contumeliam,
695 1592 761 1656 pest
778 1601 849 1638 vero
870 1581 1045 1661 altorum'in
1062 1583 1111 1646 hon

175 1668 243 1741 quia
257 1675 287 1726 et
299 1668 330 1727 in
345 1667 493 1739 ipsouno,
509 1665 586 1726 sicut
598 1667 656 1720 iam
669 1664 741 1738 dixi,
754 1663 883 1736 homine,
896 1667 979 1744 prius
995 1676 1040 1722 cst
1052 1685 1112 1742 repr«

100 1761 108 1768 '
174 1749 253 1806 unde
272 1767 392 1808 neeesse
411 1747 456 1802 est
474 1749 662 1826 incipiamus,
690 1757 720 1804 et
739 1749 789 1808 ubi
808 1752 869 1820 nair
884 1757 1104 1824 estneccsscut

173 1847 312 1902 neamus3
334 1833 480 1906 posterius
493 1849 565 1892 vera
578 1831 717 1906 probum,
738 1837 793 1904 quo
808 1830 997 1905 proficientes
1010 1834 1112 1889 reniam

174 1905 231 1988 quo
244 1916 450 1989 pervenientes
462 1931 642 1992 maneamus.
675 1912 801 2008 (roinde
816 1931 877 1972 non
891 1913 1009 1988 quidem
1022 1917 1108 1971 omnis

172 1999 266 2054 malus
285 1999 341 2052 crit
358 1997 470 2067 bonus,
496 2015 582 2052 nemo
596 1998 771 2056 tamenerit
790 1996 883 2053 bonus
902 1999 953 2071 qui
972 2017 1033 2060 non
1047 2007 1103 2054 erst

174 2079 226 2136 scd
239 2082 349 2154 quanto
364 2082 484 2154 quisquc
499 2079 585 2137 citius
599 2085 728 2136 mutatur
742 2081 774 2138 in
787 2081 904 2150 meiius,
918 2077 974 2138 hoc
988 2081 1112 2138 insciae

172 2164 280 2221 minari
294 2161 370 2237 quod
383 2161 575 2236 apprehendit
592 2164 733 2234 celerius,
758 2172 788 2218 et
800 2165 964 2236 posteriore
982 2166 1107 2240 cooperit

79 2253 81 2258 ‘
172 2243 272 2300 bulum
283 2245 376 2317 prius.
395 2243 542 2324 Scriptum
556 2253 601 2301 est
614 2247 713 2322 itaquo
727 2244 762 2306 de
775 2243 860 2316 Cain,
875 2245 952 2319 quod
966 2247 1112 2303 condiderit

102 2326 105 2348 ³
172 2335 275 2383 tatem:
297 2317 370 2381 Abel
384 2336 482 2386 autem
495 2337 633 2405 tanquam
645 2330 820 2405 peregrinus
835 2347 894 2386 non
910 2329 1049 2390 condidit.
1080 2328 1112 2386 Sa

173 2418 219 2463 est
231 2405 308 2470 caira
322 2418 491 2470 sanctarum
504 2407 628 2482 Ci'vitas,
646 2412 778 2489 quamvis
792 2409 839 2466 bie
852 2413 949 2488 pariat
962 2414 1051 2485 eires,
1064 2415 1091 2470 in
1103 2430 1112 2484 p

171 2494 389 2568 peregrinatur,
404 2491 497 2548 donec
510 2495 596 2570 regni
607 2496 670 2554 eius
681 2503 793 2572 tempus
805 2493 955 2565 adveniat,
970 2515 1036 2554 cum
1050 2515 1112 2572 cong

172 2583 238 2630 tura
252 2583 297 2630 est
310 2575 411 2632 omne}
425 2577 457 2634 in
471 2577 532 2638 suis
548 2577 719 2652 corporibus
731 2587 939 2653 resurgentes,
959 2579 1074 2653 quando
1086 2580 1112 2632 cir

171 2660 291 2726 missurn
305 2659 422 2716 dabitur
435 2677 568 2736 regnum,
583 2659 632 2718 ubi
646 2679 712 2722 cunr
725 2678 777 2718 suo
790 2661 925 2740 principe
934 2659 1018 2740 Rege
1031 2662 1112 2718 saecu

172 2742 237 2798 sinc
251 2744 311 2808 ullo
325 2741 463 2822 temporis
477 2741 535 2804 fiae
548 2742 723 2826 regnabpnt.

206 2955 207 2960 ἵ
531 2932 535 2944 1
581 2891 650 2950 ch
673 2891 705 2948 P.
748 2884 763 2948 Ῐ
775 2889 797 2948 Ι.
901 2964 905 2969 ι

175 3035 195 3062 p·
249 3025 256 3054 ,
422 2987 980 3060 Defiliiscarnisetfitiispremissioois„
1082 3043 1085 3047 ,

122 3099 130 3106 ·
232 3075 339 3132 Vmbro
353 3095 425 3138 sanc
438 3079 579 3152 quaedam
591 3077 726 3154 Civitatis
738 3076 826 3136 huius
836 3087 869 3150 ,et
883 3081 983 3156 image
1001 3079 1112 3155 prophet

171 3158 384 3242 significandae
399 3163 495 3234 potius
511 3179 596 3236 quani
609 3161 840 3235 praesentandae
854 3163 981 3219 servivit
994 3165 1026 3220 in
1039 3164 1112 3220 terris

119 3258 129 3268 ·
171 3261 236 3298 eam
250 3251 380 3313 tempore
395 3243 590 3302 demonstrari
605 3243 772 3316 oportebat,
791 3253 820 3302 ct
833 3244 972 3308 dietacst
988 3249 1072 3304 etiarn
1084 3249 1112 3320 ips

170 3327 247 3382 vitas
262 3333 364 3380 sancta
376 3327 481 3384 merito
495 3325 689 3403 significantis
703 3327 859 3402 insaginis,
878 3346 941 3384 non
956 3345 1112 3403 expressae,

170 3407 271 3466 futura
285 3409 498 3478 est,·veritatis.
522 3407 567 3462 De
581 3407 634 3464 hae
647 3410 776 3484 imagine
790 3411 952 3480 serviente,
970 3421 1002 3468 et
1015 3413 1049 3468 dc
1062 3414 1107 3468 iiic

172 3489 322 3566 significet
341 3491 433 3550 libera
453 3488 594 3559 Ciuitate,
620 3491 661 3544 sie
686 3491 903 3564 Apostolasad
926 3491 1046 3550 Galatas
1069 3497 1111 3568 loq

172 3569 277 3628 Dicite
290 3571 371 3650 mitt,
386 3573 493 3646 inquit,
509 3571 560 3628 aab
576 3573 640 3646 lege
653 3573 785 3644 colmes
798 3590 872 3644 esse,
886 3574 980 3649 legem
993 3595 1048 3637 noa
1062 3577 1112 3634 aad

172 3650 324 3728 Scriptum
342 3658 486 3723 ettoniae,
506 3655 582 3730 qaod
594 3652 744 3718 Abrabam
758 3657 829 3712 duos
838 3656 925 3726 filios
939 3657 1057 3729 habuit,
1076 3679 1112 3715 arr

76 3737 78 3740 ’
172 3735 295 3803 ancilla,
310 3746 340 3790 et
353 3757 439 3793 unam
453 3738 488 3794 de
503 3737 605 3794 libera.
642 3734 702 3794 Sed
714 3737 764 3796 ille
778 3739 892 3814 quidem
905 3743 957 3815 qai
968 3742 1005 3798 de
1018 3741 1112 3798 ancilia

172 3817 296 3872 eandam
309 3812 530 3876 conmemorans
545 3829 607 3891 ατς
630 3821 681 3894 qui
693 3830 792 3898 eutqm
806 3821 842 3877 de
855 3821 963 3893 libera,
980 3821 1040 3902 per
1053 3841 1112 3902 repr
