2362 4312
15 187 18 194 Ι
111 121 187 175 eo«
338 60 923 176 u.1v1nvaan11nvcvsr1u1

109 269 191 325 illam
203 267 395 337 sententiam,
416 267 491 322 sieut
505 267 618 335 solent,
633 283 685 339 pro
701 261 872 320 defensioue
883 280 1005 322 'suorum
1019 266 1150 324 deorum

12 391 16 406 ι
111 371 255 428 opponere
268 351 425 420 audebunt,
506 367 508 370 ·

195 434 368 492 Discessere
382 451 483 488 onrnes
497 433 593 508 adytis
608 435 725 506 arisque
738 434 849 504 relictis

235 517 303 587 Dii,
330 513 667 592 quibusimperiumhoc
682 512 829 572 steterat?
849 549 864 561 -
886 550 900 561 -
923 549 937 561 -
960 551 974 562 -

14 659 15 664 ,
109 605 239 661 Primum
252 605 278 658 si
291 604 332 657 ita
346 609 406 670 cst,
421 618 480 655 non
494 598 603 655 habent
617 618 669 655 cur
682 609 842 673 querantur
855 598 890 656 de
901 602 1048 678 religione
1058 603 1140 662 Chri-

111 691 221 756 stiana,
248 683 326 760 quod
337 681 396 738 hac·
405 680 509 738 offensi
523 701 572 739 eos
587 683 628 737 dii
642 684 688 738 sui
701 682 901 740 deseruerint:
925 688 1069 760 quoniam,
1080 693 1140 762 qui-

111 772 176 826 dem
190 771 314 824 maiores
330 785 430 822 eorum
443 768 501 820 iam
513 765 627 839 pridem
638 766 767 822 moribus
782 768 841 822 suis
856 768 890 823 ab
902 766 988 823 Vrbis
999 772 1141 828 altaribus
1178 791 1180 798 ’

109 866 169 926 tarn
183 854 287 908 multos
302 869 336 905 ae
356 851 484 905 minutos
499 848 584 920 deos,
607 859 746 922 tanquam
758 867 872 905 muscas
886 850 1060 928 abegerunt
1086 853 1141 911 Sed

109 927 208 994 tamen
221 934 292 990 baec
306 935 458 1010 numinum
471 933 555 988 turba
568 933 618 987 ubi
632 941 709 1003 erat,
729 951 794 988 eum
807 935 896 1010 longe
909 944 1068 1009 antequam
1082 957 1141 993 mo-

66 1023 73 1038 ‘
109 1041 156 1078 ros
171 1026 427 1091 corrumperentur
442 1017 565 1091 antiqui,
580 1014 795 1071 aGallisRoma
806 1027 890 1090 capta
901 1026 931 1072 et
943 1019 1068 1076 incensa
1081 1018 1141 1077 estl
1175 1049 1179 1060 ι

110 1106 156 1162 Αιι
170 1111 340 1178 praesentes
354 1100 430 1155 forte
444 1095 647 1155 lorniiebantt
687 1097 772 1154 Tunc
786 1102 864 1156 enim
876 1109 939 1156 tote
952 1099 1031 1158 Vrbe
1046 1105 1079 1160 in
1092 1103 1140 1162 ho-

100 1187 198 1245 'stium
212 1193 385 1260 potestatem
398 1181 533 1252 redacta,
559 1183 637 1237 solus
653 1183 735 1238 collis
749 1181 930 1256 Capitolinus
942 1175 1141 1260 remanseran
1175 1229 1180 1247 ,-

111 1273 160 1346 qui
182 1270 269 1324 etiam
292 1269 354 1342 ipse
380 1275 550 1340 caperetur,
574 1266 633 1320 nisi
647 1267 749 1321 saltem
763 1283 883 1322 anseres
897 1267 953 1324 diis
968 1267 1141 1328 dormienti·
1177 1302 1180 1315 ε

110 1357 166 1410 bus
181 1353 351 1429 vigilarent.
383 1347 466 1404 Vnde
478 1368 553 1423 pene
567 1351 598 1404 in
612 1351 851 1422 superstitionem
863 1351 1081 1430 Aegyptiorum
1093 1356 1140 1410 be·
1173 1384 1180 1414 ,-

60 1445 66 1450 ”
110 1439 181 1493 stias
195 1453 321 1511 avesque
335 1434 494 1490 colentium
507 1431 599 1488 Roma
612 1432 778 1503 deciderat,
806 1452 872 1489 eum
893 1437 993 1510 anseri
1008 1440 1141 1494 solennia
1173 1480 1181 1506 2

110 1520 303 1577 celebrabant.
348 1509 456 1574 Verum
478 1516 514 1570 de
540 1514 585 1570 his
612 1516 797 1587 adventitiis,
824 1526 854 1572 et
883 1521 1016 1592 corporis
1044 1525 1139 1598 potius
1178 1537 1180 1562 ι

109 1623 197 1679 quam
210 1603 299 1662 animi
311 1602 411 1671 malis,
427 1619 499 1675 quac
510 1601 557 1656 vel
570 1600 605 1655 ab
619 1597 752 1654 hostibus
765 1602 814 1656 vel
825 1602 882 1657 alia
896 1601 977 1657 clade
991 1603 1138 1675 accidunt,
1171 1637 1179 1671 ς

109 1685 239 1744 nondum
264 1686 383 1740 interim
408 1682 540 1756 disputo:
567 1701 646 1738 uuuc
668 1682 773 1759 agode
795 1683 860 1739 labe
882 1703 1011 1757 morum,
1040 1689 1139 1762 quibus
1170 1722 1177 1754 2

108 1772 234 1845 primum
246 1769 384 1843 paulatim
399 1766 589 1834 decoloratis,
617 1764 722 1820 deinde
735 1769 877 1822 torrentis
897 1768 983 1823 modo
996 1773 1138 1845 praecipi·
1175 1797 1180 1834 ς

72 1869 75 1876 ’
108 1855 195 1923 tatis,
222 1861 320 1921 tauta,
347 1849 477 1923 quamvis
491 1849 617 1924 integris
631 1849 718 1902 tectis
742 1849 966 1926 moenibusque,
992 1854 1074 1910 faeta
1099 1863 1139 1909 cst
1170 1891 1178 1928 ἱ

79 1941 83 1952 ’
109 1938 197 1992 ruina
210 1933 402 2007 reipublicae,
425 1939 458 1985 ut
471 1932 570 2007 magni
584 1933 719 1986 auctores
734 1950 834 1988 eorum
846 1952 909 1990 eam
921 1943 992 1990 tunc
1006 1939 1137 1994 amissam
1169 1960 1181 2014 :5

28 2047 32 2052 ·
109 2037 170 2075 non
183 2016 319 2072 dubitent
332 2014 438 2070 dicere.
482 2011 574 2068 Recte
588 2023 685 2069 autem
700 2016 918 2088 abscesserant,
944 2028 979 2074 ut
992 2023 1136 2077 amittere·
1174 2083 1175 2086 Ἴ

78 2107 84 2114 '
107 2112 176 2170 tur,
201 2117 301 2154 omnes
315 2097 410 2172 adytis
424 2098 541 2171 arisque
554 2098 666 2153 relictis
681 2097 738 2169 dii,
765 2100 790 2153 si
809 2115 909 2156 eorum
923 2101 958 2156 dc
980 2103 1060 2160 bona
1081 2107 1137 2161 vita
1167 2129 1174 2162 ,ι

91 2185 96 2194 “
111 2193 199 2258 atquc
211 2183 325 2239 iustitia
339 2183 442 2237 civitas
456 2190 610 2255 praccepta
631 2189 836 2238 contemneret.
879 2182 966 2240 Nunc
980 2205 1054 2243 vero
1072 2206 1133 2263 qua·
1165 2230 1173 2270 ,

87 2329 88 2336 ἵ
109 2270 170 2336 les,
199 2283 325 2340 quaeso,
344 2264 385 2320 dii
398 2265 537 2334 fuerunt,
553 2267 578 2320 si
591 2266 750 2320 noluerunt
763 2268 830 2322 cum
840 2261 1075 2341 populo'cultore
1087 2288 1134 2326 suo

55 2405 77 2427 ,Ι
108 2350 421 2424 vivere„quen1mule
434 2350 583 2404 viventem
596 2366 656 2403 non
670 2348 832 2407 docuerant
844 2350 1059 2420 bene‘viverel
1083 2353 1084 2356 ’

458 2446 579 2504 CAP.
622 2445 786 2506 XXlll.

114 2530 268 2584 Varietates
287 2545 376 2581 rerum
396 2527 596 2596 temporalium,
616 2545 668 2581 non
686 2529 846 2600 ex'faeore.
868 2539 918 2582 aut
936 2531 1135 2603 itupugnutt'one
1160 2569 1162 2572 -

290 2601 456 2662 daemonum,
475 2598 521 2648 secl
530 2615 563 2664 ea
572 2598 629 2649 ceri
638 2596 694 2648 Dei
704 2599 821 2665 pendere
830 2599 938 2652 iudicio.

172 2690 248 2756 Quid
262 2688 337 2764 quod
351 2691 439 2744 etiem
452 2686 589 2743 videntur
603 2705 704 2743 eorum
722 2687 850 2745 adfirisse
864 2691 1071 2764 cupiditatibus
1085 2698 1134 2750 im·
1168 2679 1174 2766 ,

108 2763 238 2850 plendis,
253 2783 283 2828 et
296 2771 492 2834 ostenduntur
505 2788 565 2827 non
578 2771 739 2845 praefuisse
752 2771 962 2830 refrenandisl
988 2777 1048 2842 Qui
1062 2781 1135 2833 enim
1168 2817 1175 2856 ι

70 2893 75 2898 ‚
109 2857 234 2915 Marium
247 2853 513 2928 novumbomiuem
526 2863 557 2909 et
572 2854 751 2931 ignobilem,
774 2857 1009 2915 cruentissimum
1037 2860 1141 2918 aueto'
1169 2893 1181 2928 ς,

109 2961 171 2997 rem
183 2940 326 2994 bellorum
340 2938 470 2993 civilium
484 2947 571 3012 atque
583 2946 749 3013 gestorem,
767 2949 801 2995 ut
815 2941 922 3014 septies
936 2946 1041 3000 con'sul
1054 2945 1134 3000 lieret
1177 3000 1181 3003 a

109 3017 308 3090 adiuverunt,
327 3029 414 3094 atque
428 3022 505 3074 utin
519 3021 642 3093 septimo
656 3039 710 3077 suo
724 3025 878 3078 consulatu
901 3037 1068 3084 moreretur
1091 3047 1133 3083 se·
1178 3020 1181 3021 ⁷

108 3109 182 3177 nex,
209 3105 308 3160 necin
323 3120 427 3158 manus
441 3099 539 3178 Syllae
553 3102 647 3186 iutuqi
669 3122 739 3160 mox
764 3107 887 3162 victoris
914 3109 1058 3184 irrueret3
1086 3128 1134 3167 cur
1173 3104 1181 3181 j

108 3209 168 3246 non
182 3190 270 3254 etiam
282 3188 437 3256 iuuerunt,
460 3194 494 3240 ut
507 3203 524 3241 a
536 3187 685 3260 tantorum
699 3205 730 3243 sc
743 3200 943 3264 compesceret
954 3193 1133 3251 immanitate
1176 3223 1181 3261 ¹.

107 3267 293 3328 facinoruml
316 3267 350 3325 Si
363 3270 441 3324 enim
454 3265 572 3324 adhaec
586 3270 704 3326 cumdii
719 3290 818 3327 corum
832 3291 892 3328 nou
906 3275 1062 3349 iuverunt,
1077 3296 1132 3334 non
1174 3343 1175 3350 ἵ

107 3373 210 3429 parum
234 3364 279 3410 est
305 3350 382 3428 quod
407 3352 540 3407 fatentur
560 3354 648 3408 etiam
663 3355 733 3410 'non
758 3347 891 3430 propitiis
902 3355 960 3416 diis
976 3362 1038 3416 suis
1050 3379 1133 3437 posse
1174 3413 1175 3422 ,

107 3437 240 3504 accidere
253 3435 364 3492 homini
380 3436 463 3490 istam
476 3437 681 3508 temporalem,
694 3455 781 3511 quam
794 3440 881 3494 nimis
895 3440 1039 3518 diligunt,
1067 3455 1133 3500 tan·

106 3519 364 3589 tamlelicitatenr3
391 3515 421 3572 et
432 3535 517 3592 posse
530 3515 682 3590 homines,
709 3522 787 3576 sieut
799 3521 857 3578 fuit
869 3521 998 3597 Marius,
1027 3530 1132 3596 salute,
1177 3529 1178 3534 ’

105 3601 233 3670 viribus,
259 3601 377 3676 opibus,
390 3598 577 3671 bonoribus,
603 3601 765 3680 dignitate,
779 3606 977 3681 longaevitate
990 3613 1131 3667 cumulari

75 3725 79 3742 .
106 3695 135 3739 et
147 3683 259 3757 perfrui
272 3685 328 3740 diis
343 3685 439 3740 iratis:
466 3701 553 3757 posse
567 3687 654 3740 etiam
666 3683 817 3757 homines,
832 3689 910 3743 sieut
922 3689 979 3745 fuit
988 3689 1131 3770 Regulus,

106 3765 290 3841 captivitate,
318 3769 617 3844 servitute,inopia,
641 3769 768 3846 vigiliis,
794 3768 940 3828 doloribus
965 3778 1129 3833 excruciari

264 3852 273 3876 ἱ
307 3869 309 3874 .
