2340 4320
157 258 159 264 s
201 223 260 281 15⁶
295 215 331 268 η
425 216 526 275 οινι
548 185 1019 277 ivnrrrrsvevsrmr'

200 391 239 428 nn
253 371 357 448 gloria,
379 369 428 444 qui
442 387 506 424 cam
518 356 656 443 tanquam
667 366 830 424 mercedem
843 368 1125 427 taliumvirtutume

92 445 95 464 ¹
199 473 233 512 re
246 461 431 510 meruerunt:
459 460 489 506 ct
506 454 603 508 valeat
621 452 705 508 uobis
725 453 813 508 etiam
829 451 883 506 hoc
896 451 934 507 ad
947 454 1125 527 opprimendi

198 539 342 614 perbiam;
367 543 400 590 ut
414 553 480 610 curn
491 535 541 590 illa
557 533 701 605 Civitas,'
691 553 724 591 ιιι
737 553 793 609 qua
806 535 891 590 nobis
910 554 1038 613 regnare
1055 556 1125 611 prou

201 631 258 692 est,
269 629 383 677 tantum
396 618 430 673 ab
444 603 498 674 hac
511 618 607 688 distet,
622 626 764 692 quantum
777 615 866 674 distet
875 620 990 675 eoelum
1000 638 1017 676 ι
1028 629 1118 692 terra,

45 695 63 722 ⁸
99 679 105 750 ἶ
199 706 295 780 poralr
307 703 425 758 laetitia
432 703 492 757 vita
506 709 641 770 aeterna,
668 701 702 757 ab
716 701 852 758 inanibus
869 701 1003 758 laudibus
1018 704 1112 760 solide

112 833 120 840 ,
200 807 217 842 a
231 785 552 842 societatemortalinm
565 784 889 862 societasAngelorurn,
903 803 921 844 a
934 786 1045 842 lumine
1058 767 1125 842 solis

201 889 257 926 nse
270 872 369 925 lumen
383 868 446 922 eius
462 868 513 941 qui
531 867 603 922 fecit
620 869 711 944 solem
734 875 764 924 et
782 869 899 937 lunam,
915 865 990 925 nihil
1011 870 1069 926 sibi
1091 889 1125 926 mi

177 961 183 968 ”
202 953 309 1009 fecisse
322 950 478 1007 videantur
491 959 591 1005 tantae
603 951 715 1022 patriae
730 945 837 1022 cives,
852 954 878 1007 si
899 968 952 1026 pro
971 952 1022 1007 illa
1042 952 1125 1026 adipis

202 1037 327 1092 fecerint
338 1034 408 1089 boni
422 1034 518 1106 operis
532 1031 652 1109 aliquid,
670 1037 719 1092 vel
730 1036 806 1090 mala
818 1036 914 1109 aliqua
926 1036 1124 1092 sustinuerint

201 1121 245 1176 illi
258 1115 380 1193 prohac
398 1125 516 1172 terrena
537 1117 596 1172 iarn
618 1115 721 1192 adepta
739 1113 822 1186 tanta
839 1117 973 1188 feceriut,
1000 1127 1084 1176 tauta
1100 1139 1125 1194 pr

202 1205 269 1258 sint.
296 1201 472 1258 Praesertim
485 1199 553 1274 quia
566 1200 700 1256 remissio
718 1209 916 1275 peecatorum,
945 1218 1021 1275 qnae
1039 1204 1117 1259 cives

184 1333 185 1336 ,
201 1295 315 1342 ternam
328 1283 440 1359 colligit
451 1284 590 1356 patriam,
615 1279 701 1339 habet
719 1282 846 1358 aliquid,
869 1285 916 1339 oui
925 1302 979 1357 per
991 1285 1123 1342 umbram

202 1368 268 1424 doru
282 1367 375 1422 simile
390 1366 447 1422 init
458 1367 572 1440 asylum
584 1365 656 1420 illud
667 1364 848 1438 Romuleum,
863 1384 921 1441 quo
932 1367 1125 1424 multitudines

201 1454 251 1508 illa
265 1452 367 1507 civitas
383 1447 567 1519 conderetur,
581 1449 774 1524 quorumlibet
787 1449 960 1510 delictorum
972 1469 1125 1530 congregat

200 1536 325 1610 punitas.
826 1529 861 1607 (³⁸
876 1531 959 1596 GAP.
975 1531 1078 1592 XVII.
1092 1538 1121 1592 in

555 1649 677 1710 CAP.
720 1648 877 1706 XVlll.

203 1733 289 1797 eram
299 1731 382 1786 alieni
401 1737 418 1784 a
437 1729 572 1784 iactantia
583 1748 637 1783 esse
648 1729 760 1782 debeant
773 1728 937 1794 Christiani,
956 1747 981 1783 ιι
974 1731 1101 1800 aliquid
1101 1733 1125 1814 j

232 1820 284 1872 pro
295 1801 434 1856 dilectione
444 1811 569 1854 aeternae
576 1801 698 1881 patriae,
717 1817 777 1851 οιιιιι
787 1809 866 1852 tanta
877 1799 994 1856 diamani
1001 1802 1125 1872 gesseris

408 1877 410 1884 ’
461 1870 579 1922 hairtane
585 1869 678 1939 glarea
687 1879 715 1922 et
724 1869 834 1924 civetate
845 1880 962 1924 terrena

264 1961 341 2028 Quid
355 1979 425 2037 ergo
439 1977 577 2037 magnum
590 1968 636 2015 cst
647 1977 699 2033 pro
712 1961 763 2014 illa
785 1969 919 2016 esterna
927 1963 1125 2037 coelestIque
1123 1979 1125 1990 ⁴

124 2057 126 2064 ”
202 2053 289 2105 cunct
290 2063 306 2098 ο
277 2045 428 2105 tsaeculi
441 2041 526 2106 huius
540 2043 697 2117 quemlibet
710 2043 835 2100 ineunda
849 2043 1076 2102 blandimenta
1060 2055 1125 2101 cont

201 2146 244 2206 re,
259 2128 285 2180 si
297 2145 349 2200 pro
363 2125 417 2181 hac
430 2126 583 2200 temporali
595 2135 681 2222 etque
691 2135 809 2182 terrena
820 2127 896 2183 lilios
907 2125 1017 2184 Brutus
1028 2131 1123 2203 potuit

201 2201 308 2278 cidere,
322 2208 399 2283 quod
411 2211 462 2264 illa
473 2208 571 2264 facere
584 2210 731 2266 neminem
744 2207 842 2287 co'giti
857 2209 916 2267 Sed
930 2220 1011 2266 certe
1025 2211 1125 2268 difficili

163 2305 164 2308 ’
200 2291 278 2348 filios
291 2293 472 2364 interimere,
486 2311 571 2367 quarn
584 2292 660 2368 quod
672 2310 725 2368 pro
738 2293 796 2368 ista
809 2292 975 2351 faciendum
985 2304 1045 2366 est,
1061 2313 1096 2350 ea
1108 2309 1126 2368 q

98 2373 112 2382 “
199 2369 248 2429 liis
262 2375 469 2452 congreganda
481 2375 654 2432 ridebantur
667 2385 752 2451 atquc
766 2377 920 2447 servanda,
938 2379 988 2433 vel
1001 2377 1111 2434 donare
1123 2397 1125 2452 j

172 2491 178 2505 x
200 2458 291 2530 ribus,
305 2460 354 2515 vel
366 2461 391 2539 si
405 2461 528 2515 exsistat
540 2461 663 2515 tentatio
677 2476 749 2534 quae
763 2459 793 2514 id
805 2479 858 2534 pro
871 2459 928 2515 fide
941 2468 1029 2536 etque
1042 2463 1125 2516 instit

202 2543 363 2615 compellat,
377 2545 518 2599 amittere.
532 2542 645 2598 Felices
659 2543 737 2596 enim
748 2545 796 2598 vel
808 2561 861 2598 nos
874 2543 922 2599 vel
936 2541 1013 2600 filio's
1027 2553 1125 2601 nostro

201 2624 319 2682 divitiae
332 2634 467 2700 terrenae
480 2627 599 2694 faciunt,
626 2633 676 2681 eut
688 2625 771 2681 nobis
785 2625 950 2683 virentibus
965 2628 1124 2684 amittenda

99 2765 101 2772 ,
201 2708 284 2764 nobis
298 2711 418 2764 mortuis
432 2729 449 2765 a
461 2709 562 2786 quibus
576 2709 737 2779 nescimus,
762 2711 810 2765 vel
822 2709 906 2773 ,forte
928 2727 945 2764 e
960 2711 1065 2784 quibus
1085 2729 1125 2766 no

199 2791 406 2866 possidendae:
422 2791 484 2848 «sed
496 2791 577 2848 Deus
591 2792 692 2848 felices
706 2792 787 2862 facit,
801 2793 851 2867 qui
864 2800 910 2849 cst
919 2795 1064 2849 montium
1076 2811 1125 2854 ver

199 2873 405 2930 lentia.·‘Bruto
419 2885 525 2945 autem,
539 2877 606 2950 quia
619 2875 695 2930 filios
709 2875 825 2946 occidit,
841 2875 1024 2934 infelicitatis
1038 2874 1125 2951 perhil

105 2947 127 2990 ι’
200 2958 368 3013 stimonium
381 2960 468 3014 etiam
479 2969 565 3033 poete
577 2958 718 3014 laudator.
742 2958 792 3016 Ait
805 2961 896 3016 enim:
975 3017 978 3022 ,
1073 2993 1076 2998 -

188 3052 193 3060 ·
297 3065 300 3074 “
364 3041 567 3117 *Notosque
580 3050 662 3114 pater
675 3042 837 3106 notabelle
850 3051 1012 3115 moventes,

221 3120 241 3150 ⁵
282 3123 326 3180 Ad
338 3143 462 3198 poenum
473 3123 593 3199 pulchra
605 3141 656 3197 pro
670 3124 805 3180 libertate
818 3125 933 3182 vocabit

281 3204 399 3279 Infelix,
413 3217 559 3282 utcunque
572 3208 668 3262 ferent
681 3224 716 3260 ea
730 3207 807 3262 facta
820 3209 956 3264 minores.

101 3303 103 3306 ·
198 3285 257 3346 Sed
270 3307 358 3346 versu
371 3293 505 3366 sequenti
516 3291 682 3346 consolatus
696 3299 742 3346 est
753 3291 916 3352 infelicem:

281 3370 383 3430 Vincit
396 3385 477 3428 amor
490 3375 612 3446 patriae,
625 3370 823 3447 laudumque'
814 3393 958 3431 immensa
974 3376 1089 3450 cupido

197 3454 278 3512 Haec
291 3465 360 3512 suut
372 3457 428 3511 duo
441 3457 490 3511 illa
503 3457 621 3514 libertas
635 3463 664 3512 et
676 3456 817 3528 cupiditas
831 3455 926 3512 laudis
939 3457 1096 3538 humanae,
1109 3478 1125 3534 q

197 3538 276 3594 fecta
288 3541 451 3613 compulere
464 3539 595 3595 mirando
608 3536 766 3596 Romanos.
792 3537 826 3596 Si
839 3557 910 3616 crgo
924 3559 977 3614 pro
991 3535 1125 3598 libertate

195 3617 326 3677 turo'rum
340 3631 369 3676 ct
386 3621 543 3696 eupiditate
566 3603 696 3691 laudum,
722 3637 796 3696 quae
812 3641 829 3678 a
847 3624 1018 3680 mortalibus
1043 3637 1125 3699 expet

196 3703 289 3758 occidi
301 3703 355 3759 lilii
369 3723 387 3760 a
397 3714 479 3778 petre
493 3713 666 3779 potuerunt;
690 3704 759 3776 quid
771 3723 909 3782 maguum
922 3716 982 3776 est,
1004 3709 1030 3766 si
1043 3726 1097 3781 pro
1111 3729 1125 3765 ι

196 3785 319 3856 berteto,
333 3805 406 3861 quae
420 3805 474 3842 nos
488 3787 523 3842 ab
538 3787 698 3862 iniquitatis
713 3795 743 3840 et
756 3789 858 3844 mortis
870 3799 899 3844 et
910 3789 1018 3845 diaboli
1032 3790 1125 3848 domin

96 3909 104 3918 .
195 3868 280 3924 beros
294 3867 374 3942 iacit,
392 3885 446 3925 uec
459 3869 616 3944 cupiditate
629 3867 818 3946 humanorum
831 3871 966 3944 lendum,
993 3873 1044 3930 sed
1059 3876 1125 3930 carii
