2362 4314
76 233 136 294 ³8⁰
301 213 403 280 mvl
425 205 619 274 nvnanll
638 202 904 266 nvavsnlnn

79 386 187 442 itcrnm
201 381 364 440 secaretur,
378 349 456 444 qnod
468 365 497 420 ei
508 357 696 437 praedixerat
707 359 789 416 alius
802 358 937 418 medicus
948 357 1086 424 donaticas

82 469 156 534 eius,
170 475 254 538 qnem
267 473 326 513 non
341 452 517 509 admiserant
527 445 582 515 illi,
596 451 632 499 ut
643 443 752 498 saltem
766 442 903 516 videret,
925 445 1087 520 cumprimum

83 557 181 606 scetus
195 551 254 609 est,
273 533 415 612 quomodo
429 531 460 588 id
478 529 625 596 iacerent,
643 527 803 600 iratusque
816 528 905 583 illum
918 528 998 586 domo
1010 527 1089 583 abiete-

82 639 148 698 ηε,
172 627 283 697 vixque
304 624 469 691 receperat,
496 609 607 684 etrapit,
634 617 724 683 atque
744 609 809 682 ait,
832 609 949 669 lterum
960 611 1086 670 meseetnri

85 705 177 768 estis'l
206 704 251 761 Ad
263 703 354 769 illius,
367 715 451 772 quem
463 695 599 772 noluistis
613 709 680 747 esse
692 703 903 767 praesentem,
921 696 1010 753 verba
1018 701 1083 751 rto·
1170 702 1175 724 ¹

84 812 137 851 rus
152 783 233 846 sumi
256 782 380 840 irridere
393 781 437 835 illi
449 777 594 833 medicum
605 776 796 849 imperitum,
819 787 994 855 metumque
1004 775 1081 834 bonini

84 875 170 934 bonis
180 869 277 929 verbis
288 858 585 938 promissionibusque
596 860 701 916 lenire.
714 857 952 920 Praeterierunt
965 871 995 918 et
1005 858 1084 916 niba
1156 872 1160 911 2

87 956 216 1034 plurimi,
229 948 358 1020 nihilque
369 942 542 1019 proficiebat
553 959 638 998 omne
649 939 726 1017 quod
737 941 843 1000 fiebat.
862 944 978 1003 Medici
989 943 1089 1001 amenis

90 1057 142 1096 sua
155 1032 366 1111 pollicitatione
380 1026 593 1102 persistebant,
614 1043 675 1082 non
693 1042 727 1081 se
743 1027 833 1100 illum
847 1027 953 1085 sinum
965 1028 1046 1098 ferro,
1062 1021 1094 1080 nel
1166 1102 1167 1105 Ἴ

89 1115 304 1177 rnedicsmentis
318 1127 383 1165 esse
398 1111 561 1166 clausuros.
596 1107 803 1165 Adhibuerunt
821 1119 855 1166 et
873 1113 969 1168 alium
989 1108 1095 1189 grantae·

25 1247 28 1254 .
89 1200 226 1260 cumiam
239 1193 400 1263 medicum,
424 1191 553 1267 satisque
569 1191 602 1248 in
614 1192 665 1246 illa
676 1199 741 1246 arte
755 1192 918 1252 landenam
937 1192 1035 1270 (adhue
1044 1192 1098 1248 en'm
1162 1202 1164 1213 ’

90 1276 418 1356 vivebat)llmmonium,
432 1277 482 1350 qui
492 1276 558 1332 loco
570 1275 714 1350 inspecto,
726 1272 811 1331 idem
823 1277 909 1351 quod
921 1279 968 1334 illi
976 1295 1060 1334 eornm
1069 1273 1098 1328 li·

91 1364 213 1441 ligantia
224 1361 387 1436 peritiaque
399 1359 542 1432 promisit.
575 1357 663 1415 Cuius
675 1357 727 1411 ille
739 1357 840 1414 iactus
855 1363 1031 1418 auctoritate
1041 1374 1099 1414 seen·
1129 1408 1130 1415 ,
1160 1353 1161 1356 '

90 1464 156 1515 rus,
178 1443 338 1499 domestico
356 1459 408 1498 suo
422 1440 550 1512 medico,
573 1442 623 1516 qui
635 1440 765 1496 futuram
778 1442 979 1516 praedixerat
987 1445 1061 1499 alian
1070 1459 1099 1494 se·

91 1529 219 1586 ctionem
231 1517 498 1595 iacetahilaritate,
515 1525 791 1595 velutiamsalvns,
804 1526 916 1584 illusit.
945 1517 1100 1601 Quidplnrsl
1167 1532 1170 1553 ¹

92 1611 199 1670 Postea
211 1619 258 1667 tot
271 1609 332 1664 dics
352 1609 480 1668 inaniter
502 1607 646 1666 consumti
661 1607 869 1680 transierunt,
898 1620 935 1667 ut
954 1611 1022 1667 sessi
1039 1617 1099 1682 atque

6 1753 9 1760 ,
92 1693 206 1752 confusi
219 1693 381 1750 faterentur
395 1709 461 1746 euna
472 1691 531 1746 nisi
543 1689 621 1746 lerro
633 1690 714 1745 nullo
726 1690 816 1747 modo
829 1709 924 1767 posse
937 1695 1039 1750 sanari.
1053 1691 1099 1747 Er·
1168 1700 1178 1717 ·

93 1779 192 1855 pavit,
218 1776 359 1850 expalluit
377 1775 467 1831 nimio
484 1775 589 1830 timore
607 1773 755 1830 turbatus:
783 1783 877 1850 atque
891 1778 944 1834 ubi
956 1795 989 1833 se
1001 1774 1099 1850 cobegil
1166 1780 1168 1803 ¹

94 1861 205 1934 farique
219 1861 322 1932 potuit,
345 1858 424 1913 abire
437 1858 501 1912 illos
514 1858 611 1928 iussit,
625 1865 655 1912 ct
665 1855 701 1910 ad
715 1873 746 1911 aa
760 1858 892 1930 amplius
909 1879 969 1916 non
983 1858 1099 1922 accedere,

15 1987 24 2006 .
94 1963 149 2002 acc
163 1941 241 2000 aliud
254 1943 382 1999 occurrit
393 1941 515 2017 fatigato
536 1941 672 2016 lacrymis
685 1948 715 1995 et
727 1940 779 1997 illa
793 1941 855 1996 iam
869 1946 1041 2000 necesitate
1052 1956 1099 1996 eon·
1159 1950 1160 1961 ¹

95 2028 208 2098 stricto,
223 2027 281 2081 nisi
294 2033 328 2080 ut
340 2021 490 2079 adhiberet
502 2023 730 2080 Alexandrinum
743 2022 907 2099 quendam,
923 2029 972 2103 qui
985 2036 1048 2083 tunc
1059 2021 1099 2079 ehi·
1161 2020 1180 2099 J

95 2127 203 2188 rurgus
216 2108 356 2164 mirabilis
370 2105 543 2177 habebatur,
566 2116 600 2162 ut
616 2108 676 2180 ipse
696 2107 811 2164 faceret
831 2109 915 2182 quod
937 2111 974 2167 ab
993 2103 1099 2165 illislieri

94 2192 212 2250 nolebat
225 2193 324 2246 instans.
355 2188 413 2244 Sed
425 2198 526 2263 postea
541 2205 624 2264 qnam
636 2190 719 2245 venit
731 2191 794 2260 ille,
809 2191 1001 2270 laboremque
1013 2194 1099 2248 illorun
1161 2188 1181 2229 'l

94 2276 124 2338 in
139 2273 319 2329 cicatricibus
334 2271 410 2326 sieut
422 2271 530 2328 artifex
544 2272 625 2342 vidit,
644 2273 715 2329 boni
726 2274 785 2330 viri
798 2273 926 2343 iunctus
941 2277 1042 2346 officio,
1054 2289 1096 2349 per·

36 2369 38 2382 '
94 2357 185 2412 suasit
206 2353 315 2409 homini
338 2356 441 2412 utillis
455 2356 552 2427 potius
576 2357 681 2431 quiin
705 2374 741 2412 eo
767 2364 889 2415 tantum
914 2361 1096 2422 laboraverant
1165 2358 1172 2371 ‘

94 2446 234 2514 quantum
253 2438 314 2510 ipse
331 2439 489 2511 inspiciens
508 2439 684 2510 mirabatur,
706 2441 872 2496 curationis
893 2459 965 2500 sinae
977 2441 1097 2500 finano
1179 2440 1181 2455 ⁴

93 2530 205 2590 rentur,
221 2519 360 2577 abiiciens
374 2521 449 2595 quod
462 2538 494 2576 re
503 2540 575 2578 uena
587 2522 645 2578 nisi
657 2531 754 2578 sectus
768 2533 860 2596 esset,
874 2527 977 2583 salvus
991 2533 1049 2583 esse
1059 2537 1097 2592 11⁰¹

92 2614 206 2678 posset3
228 2603 278 2658 sed
292 2603 375 2660 valde
388 2602 544 2659 abhorrere
558 2623 576 2661 a
589 2607 649 2660 suis
662 2605 807 2676 monibus,
825 2616 862 2663 ut
875 2606 1039 2667 hominibus
1050 2621 1096 2680 qul·

92 2705 156 2742 rum
170 2686 441 2742 artificiosissimam
453 2705 586 2760 operans,
613 2689 805 2760 industriam,
832 2688 1021 2770 diligentiam
1032 2687 1096 2747 adni-

92 2787 161 2825 rans
175 2771 206 2824 in
221 2769 404 2824 cicatricibus
419 2769 480 2824 eius
493 2769 617 2841 videret,
629 2780 747 2846 propter
759 2773 906 2850 exiguum
919 2776 997 2851 quod
1008 2789 1096 2852 reman-

92 2853 140 2924 sit,
154 2853 277 2927 palmam
290 2853 364 2907 tanti
377 2851 482 2906 laboris
496 2853 632 2909 auferret.
654 2852 773 2910 Redditi
787 2864 859 2912 sunt
873 2861 975 2915 animo
993 2860 1063 2926 cius,
1079 2861 1096 2907 tl
1159 2856 1160 2867 ¹

90 2936 201 3012 placuit
212 2944 246 2990 ut
258 2933 360 2989 eodem
370 2934 569 2992 Alexandrino
582 2939 739 2993 assistente
752 2938 811 3010 ipsi
824 2939 929 2997 sinum
940 2944 1020 2998 illum
1033 2941 1096 3004 ferra
1170 2936 1175 2951 '

86 3022 142 3093 ,qui
156 3019 214 3074 iam
228 3035 370 3074 consensu
384 3018 512 3073 omnium
532 3021 617 3075 aliter
635 3020 806 3077 insanabilis
824 3025 1004 3096 putabatur,
1027 3019 1095 3098 aperi

89 3111 167 3157 rent.
190 3101 271 3167 Quae
285 3119 332 3155 res
346 3100 434 3157 dilata
448 3102 537 3156 estin
552 3111 779 3176 consequentem
793 3102 884 3161 diem.
920 3107 980 3165 Sed
996 3101 1095 3164 cumal-

88 3185 194 3240 iissent
211 3183 271 3253 illi,
296 3201 334 3240 ex
350 3201 482 3238 moerore
501 3185 591 3240 nimio
611 3185 719 3240 domini
738 3194 841 3243 tantus
857 3198 907 3245 ast
925 3193 958 3248 in
979 3187 1095 3249 concil·

90 3276 212 3322 exortus
226 3264 323 3335 dolon,
346 3275 379 3321 ut
390 3269 527 3337 tanquam
540 3267 652 3322 funeris
664 3268 799 3340 planetus
813 3271 869 3328 vix
884 3278 1095 3350 comprimeretur
1161 3262 1181 3281 '¹

89 3366 107 3404 a
127 3349 219 3404 nobis.
253 3346 418 3404 Visitabant
438 3365 504 3403 aum
523 3350 651 3422 quotidie
671 3353 767 3406 saneti
787 3355 864 3424 viri,
890 3359 1096 3434 episcopustnnt

88 3429 258 3500 Vzalenasi,
282 3430 381 3486 beatae
395 3431 550 3487 memoriae
562 3431 751 3505 Saturninus,
772 3445 804 3491 et
816 3439 976 3517 presbyter
989 3440 1096 3500 Gelosm,
1158 3432 1165 3443 '

87 3529 122 3568 ae
136 3513 250 3569 diaconi
264 3511 501 3590 carthaginensis
515 3513 682 3582 Ecclesiaes,
703 3517 735 3572 in
749 3520 859 3593 quibus
873 3532 951 3596 erat,
965 3533 994 3580 et
1005 3539 1038 3579 ex
1049 3518 1094 3594 qni·
1166 3512 1169 3513 ⁷

85 3593 138 3651 bus
152 3596 232 3652 solas
245 3603 291 3651 est
303 3589 381 3651 nunc
394 3597 426 3651 in
440 3596 524 3652 rebus
537 3597 680 3668 humanis,
694 3599 753 3656 iam
767 3605 927 3682 episcopus
937 3606 1094 3665 eumbonort

51 3753 52 3756 Ἰ
85 3693 104 3730 a
118 3678 201 3732 nobis
216 3675 311 3756 debito
325 3677 518 3735 nominandus
532 3680 682 3750 Aurelius,
708 3700 776 3739 cum
791 3705 853 3762 quo
868 3685 1095 3750 recordantesni·
1158 3674 1181 3693 ''

83 3757 189 3813 rabilia
203 3777 290 3833 opera
306 3759 378 3832 Dei,
405 3760 440 3817 de
457 3757 511 3817 bac
528 3782 561 3819 rc
575 3775 666 3837 'saepe
690 3765 838 3828 collocuti
862 3763 991 3846 sumus,
1003 3782 1095 3844 cumque
1172 3760 1176 3779 '

84 3839 166 3896 valde
183 3843 365 3914 meminisse,
383 3843 460 3918 quod
472 3861 742 3918 commemoramus,
772 3852 958 3916 invenimus.
991 3857 1095 3926 Quor
