2362 4312
636 9 646 38 Ι

273 240 332 300 DE
362 237 579 340 civitati:
606 239 684 300 DEl
705 236 795 300 'ulia
822 240 844 300 l.
1041 249 1078 305 1ss

71 393 239 450 arbitrabatur
254 395 329 456 utile
346 403 412 449 esse
429 391 579 450 Romanae
604 394 783 467 reipublicae
803 403 919 451 mutare
934 397 1075 468 captivos.

2 498 28 521 a
70 475 114 533 Nec
125 486 186 550 post
197 475 274 534 hane
291 477 517 550 persuasionem
538 477 632 532 esuis
653 475 690 532 ad
707 475 809 534 hostes
827 478 925 534 redire
945 485 1075 555 compul-

70 578 106 614 cns
117 568 169 614 cst:
194 560 245 616 ced
259 560 341 635 quod
359 565 525 630 iuraverat,
551 558 581 615 id
596 569 701 632 sponte
714 561 855 634 implevit.
898 561 938 618 At
950 563 996 617 illi
1010 583 1076 619 eum

70 644 221 719 excogitatis
235 653 327 718 atque
341 641 498 698 horrendis
512 643 691 698 cruciatibus
705 654 897 701 necaverunt.
925 643 1076 704 Inclusum
1146 643 1148 648 ’

1 751 4 770 :
69 727 292 802 qnippeangusto
308 725 562 802 bigno,ubistare
576 736 743 802 cogeretur,
772 728 1074 803 clarisqueuentississ
1121 757 1124 762 ·

14 836 17 856 ι
69 809 109 861 uir
122 807 244 882 undique
259 808 397 879 confixo,
421 817 456 863 ut
469 823 502 862 ae
514 809 547 862 in
557 810 668 864 nullam
681 811 744 864 eiua
762 819 875 884 partem
892 813 957 867 sine
971 813 1076 882 poenis

71 891 235 947 atrocissimis
256 892 434 974 inclinaret,
463 893 552 947 etiarn
564 891 715 968 vigilando
729 903 927 966 peremerunt.
966 892 1074 950 Merito

6 1000 15 1021 c
75 981 136 1026 certe
146 971 259 1032 laudant
269 976 414 1030 virtutem
439 982 500 1029 tem
517 991 623 1052 magna
648 974 823 1031 infelicitate
842 979 991 1032 maiorem.
1034 975 1074 1032 Et

71 1053 180 1125 perdens
193 1059 242 1112 ille
256 1058 424 1128 iuraverat,
451 1074 639 1131 quorumpro
658 1060 739 1134 cultu
758 1057 921 1132 prohibito,
947 1058 1000 1115 has
1021 1067 1092 1137 ge-'

12 1178 14 1185 ,
67 1137 118 1194 neri
129 1135 249 1195 humano
264 1138 364 1195 clades
378 1141 429 1194 isti
442 1141 604 1212 opinantur
617 1138 724 1218 infligi.
755 1141 814 1206 Qui
833 1161 904 1219 ergo
917 1151 1074 1215 propterea

13 1264 15 1267 .
66 1220 225 1293 colebantur,
239 1231 275 1279 ut
294 1223 383 1278 istam
397 1225 489 1278 vitam
501 1240 671 1296 prosperam
684 1221 852 1295 redderent,
868 1227 1012 1282 siverunt
1025 1227 1070 1282 iu-

65 1304 129 1357 ranti
139 1302 186 1358 has
198 1307 331 1382 irrogari
342 1319 452 1379 poenas
472 1306 701 1378 seuroluerunt,
715 1308 985 1379 scupermiaerunt,
1000 1308 1072 1384 quid

66 1387 163 1456 periuro
176 1390 298 1464 gravius
312 1389 382 1443 irati
395 1388 494 1444 faeere
506 1386 686 1460 potueruntf
723 1387 782 1444 Sed
803 1408 857 1446 cur
872 1395 933 1447 nou
951 1392 1072 1446 ratioei-
1098 1442 1100 1446 .

0 1509 1 1512 ,
68 1469 194 1526 nationem
205 1489 301 1527 meam
322 1473 421 1544 potius
440 1468 476 1525 ad
492 1481 651 1547 utrumque
670 1468 862 1528 concludam?
891 1472 973 1529 Deos
993 1482 1072 1528 certe

16 1567 17 1572 ¹
71 1550 250 1626 ci-ilieeoluit,
275 1562 311 1610 nt
323 1564 443 1627 propter
455 1551 648 1610 iurisiurandi
661 1554 748 1610 fidem
773 1575 827 1610 nec
845 1565 1012 1611 remaneret
1041 1558 1072 1611 in

72 1635 161 1705 patria,
182 1655 236 1692 nec
251 1636 321 1692 inde
335 1637 465 1710 quolibet
477 1639 521 1691 ire
531 1677 554 1707 „
567 1635 618 1690 sed
631 1629 668 1690 ad
679 1643 749 1692 snos
762 1625 921 1692 acerrimos
936 1639 1072 1694 inimicos

16 1777 17 1782 η
68 1707 147 1772 redire
156 1717 273 1774 minime
290 1718 451 1775 dubitaret.
477 1718 544 1776 Hoc
557 1717 663 1786 sihuie
684 1721 856 1790 vitaeutile
876 1721 1073 1792 existimabat,

15 1795 17 1800 ’
66 1800 135 1854 coins
147 1811 200 1857 tam
213 1795 397 1859 horrendum
409 1804 521 1858 exitum
533 1791 658 1874 meruit,
684 1799 891 1875 proculdubio
909 1801 1072 1859 fallebatur.

1 1941 3 1948 J
64 1879 115 1938 Suo
128 1885 228 1957 quippe
244 1884 348 1941 docuit
367 1888 514 1960 exemplo,
539 1883 614 1940 nihil
627 1879 698 1941 deos
721 1884 759 1943 ad
771 1886 860 1951 istam
883 1886 1074 1956 temporalem

62 1964 214 2022 felicitatem
229 1971 292 2028 suis
306 1967 447 2041 prodesse
463 1969 640 2026 cultoribus:
667 1968 785 2043 quando
805 1967 924 2043 quidem
948 1969 999 2022 ille
1022 1985 1072 2022 co-

62 2064 118 2104 rum
132 2049 241 2106 deditus
257 2053 368 2123 cultui,
394 2060 424 2106 et
436 2053 533 2108 rictus
553 2061 584 2130 et
601 2054 735 2130 captivus
761 2051 924 2124 abductus,
952 2059 984 2106 cc
1004 2053 1073 2124 quia

61 2132 144 2187 noluit
154 2135 238 2190 aliter
251 2152 340 2208 quam
351 2153 404 2208 per
418 2153 468 2190 eos
481 2131 632 2210 iuraverat
642 2136 751 2206 facere,
777 2153 857 2192 novo
871 2153 906 2190 ac
920 2135 1005 2208 prius
1025 2135 1072 2192 iu·

62 2213 148 2270 andito
161 2218 340 2292 nimiumque
352 2217 487 2273 horribili
499 2219 635 2292 supplicii
653 2217 763 2296 genere
785 2219 935 2276 cruciatus
958 2219 1072 2273 exstin-

64 2305 119 2352 ctus
131 2309 178 2355 eet.
219 2299 255 2356 Si
268 2291 369 2357 autem
381 2301 614 2376 deorumcultus
626 2312 694 2376 post
705 2300 786 2368 hune,
795 2302 886 2358 vitam
897 2303 982 2359 velut
994 2319 1071 2366 mer-

66 2375 153 2436 cedem
169 2383 262 2440 reddit
287 2383 484 2454 felicitatem,
524 2385 743 2442 calumnientur
773 2385 955 2457 temporibus
986 2383 1072 2440 Chri-

5 2527 8 2534 ,
69 2462 165 2534 etiamr,
187 2467 252 2522 ideo
267 2466 401 2524 dicentes
415 2464 486 2522 Vrbi
498 2463 642 2524 accidiae
665 2468 746 2526 illam
769 2468 978 2536 calamitatem,
1003 2469 1073 2541 quia

4 2549 8 2568 ⁸
66 2541 195 2604 deossuos
209 2551 308 2606 colere
322 2550 455 2621 destitit,
483 2552 693 2623 cumpotucrit
713 2551 802 2606 etiam
824 2552 890 2605 illoc
905 2549 1072 2626 diligentia·
1158 2627 1159 2630 Ἴ

62 2628 123 2684 aime
145 2635 243 2689 colens
268 2643 329 2688 tam
353 2634 460 2690 infelix
471 2632 554 2702 fieri,
576 2649 664 2706 quarn
676 2634 725 2689 ille
738 2631 881 2710 Regulus
895 2629 976 2689 fuitt
1006 2631 1073 2688 Nisi

60 2709 126 2768 forte
137 2725 237 2772 eontra
251 2718 446 2774 clarissimam
469 2718 624 2773 veritatem
646 2725 729 2772 tauta
751 2719 906 2790 quisquam
925 2715 1090 2792 dementia·
1136 2711 1158 2732 ‘'

58 2795 137 2852 utine
150 2801 299 2855 coecitatis
315 2797 537 2870 obnititur,'‘ut
556 2798 735 2856 contendere
752 2798 874 2869 audeat,
899 2800 1072 2855 universam

59 2877 192 2938 civitatem
205 2881 276 2938 deos
291 2884 436 2939 colentem
451 2881 600 2938 infelicem
612 2893 677 2938 csse
690 2900 752 2939 non
765 2893 868 2955 posse,
892 2887 987 2938 unum
998 2898 1071 2937 vero
1113 2921 1115 2926 ,

2 2966 7 3035 ,
58 2956 189 3020 bominem
201 2980 305 3039 posse,
333 2957 564 3041 quodvidelicet
576 2967 709 3039 p‘otentia
728 2964 850 3022 deorum
863 2965 1072 3020 suorummul-
1117 2999 1122 3036 3

1 3109 6 3114 .,
57 3051 95 3098 tor
108 3049 201 3119 potius
215 3051 255 3103 sit
268 3039 375 3106 idonea
390 3066 586 3118 censer-rare,
613 3065 700 3123 quum
713 3049 863 3126 singulos3
887 3053 953 3104 cum
970 3047 1070 3102 multi·

1 3116 8 3139 ⁸
57 3125 115 3182 tudo
129 3139 244 3186 constet
258 3149 296 3186 ex
314 3132 451 3208 singulis.
670 3127 673 3132 '
841 3185 843 3192 χ
1007 3169 1008 3174 1
1056 3132 1058 3135 ’

107 3209 138 3267 Si
150 3223 249 3269 autern
263 3209 376 3284 dieunt,
398 3214 441 3272 Mc
451 3213 600 3292 Regulum
612 3214 701 3270 etiam
713 3215 746 3270 in
770 3214 821 3270 illa
838 3213 1010 3300 captivitate
1036 3207 1072 3265 il·

60 3287 136 3367 liaqne
150 3297 332 3354 cruciatibus
347 3299 496 3376 corporis,
518 3298 609 3354 animi
621 3296 865 3366 virtutebeatum
878 3313 944 3352 esse
956 3293 1072 3366 potuisss

58 3389 97 3446 ⁸05
117 3378 210 3436 virtus
225 3380 325 3454 potius
338 3397 409 3435 vera
420 3390 599 3454 quaeratur,
630 3397 689 3455 qua
702 3379 788 3436 beata
800 3380 895 3452 possit
908 3394 973 3432 esse
989 3384 1018 3430 et
1030 3377 1072 3431 ci-

55 3457 127 3514 ritae
167 3461 273 3536 Neque
288 3462 498 3521 enimaliunde
511 3463 597 3520 beata
611 3464 732 3535 civitas,
751 3460 870 3520 aliunde
883 3459 986 3516 homo:
1006 3477 1074 3516 eum
1149 3483 1156 3534 ,a

55 3539 123 3597 alind
148 3546 252 3600 civitas
283 3547 421 3622 nonsit,
453 3563 541 3619 quam
567 3549 693 3603 concors
725 3545 877 3601 hominum
904 3539 1072 3598 multitudo.
1097 3613 1099 3618 Ι
1139 3533 1156 3594 ,³³

4 3626 8 3634 ’
57 3622 240 3686 Quamobrem
252 3625 516 3704 nenduminterim
529 3627 665 3702 disputo,
690 3629 786 3701 qualis
798 3628 830 3681 in
844 3624 960 3700 Regulo
975 3626 1072 3680 virtus
1137 3621 1144 3638 “

58 3701 142 3762 fucrit.
160 3707 277 3770 Sufficit
290 3727 386 3780 nunc,
407 3705 486 3784 quod
498 3714 556 3767 isto
571 3711 754 3767 nobilissimo
774 3708 907 3779 exemplo
924 3714 1075 3786 eoguntur
1105 3713 1110 3724 '

6 3843 11 3852 ,
60 3781 150 3860 fateri,
174 3810 235 3847 non
259 3799 380 3863 propter
403 3796 535 3866 corporis
562 3795 659 3861 bona,
684 3793 849 3847 volcarum
873 3807 973 3846 rerum
998 3805 1074 3862 quae

64 3874 226 3929 extrinsecus
253 3871 367 3928 homini
383 3875 539 3948 accidunt,
564 3871 704 3946 colendos
726 3873 811 3936 deos:
835 3867 1073 3948 quandoquidem

719 3954 785 4014 Ba
