2310 4306
152 203 216 261 no·
281 193 284 200 ’
376 149 961 263 ¹u'ivrsvrurmrsvcr'vsrim

90 361 96 376 ‘
149 355 279 430 poribus,
293 373 378 430 quara
388 356 573 431 Assyriorum
586 355 654 426 fuit,
668 374 726 411 nec
736 365 797 411 tam
810 358 900 434 longe
911 359 1005 433 lateque
1014 353 1094 412 didum.

148 441 262 512 Quippe
275 439 326 494 ubi
338 438 434 495 Ninus
448 456 517 510 rex,
539 437 603 494 Beli
616 439 706 510 filius,
731 441 902 516 universam
915 441 1005 509 Asiam,
1022 449 1094 512 quote

147 524 206 577 tius
221 523 300 578 orbis
314 523 351 578 ad
364 524 656 594 numerumpartiuns
667 525 756 577 tertia
767 522 889 594 dieitur,
903 524 936 578 ad
948 521 1104 600 niagnitudus

95 659 102 678 ,
148 624 217 662 vero
231 605 350 660 dimidia
362 607 525 680 reperitur,
548 623 639 682 usque
653 606 689 660 a'd
706 605 817 682 Libyae
838 605 916 662 tinec¹
927 599 1107 684 subegissetnii·
1121 604 1151 658 b

146 699 205 745 tur.
240 687 323 747 Solis
338 690 444 764 quippe
460 685 540 744 indis
554 689 586 743 in
600 689 731 762 partibus
746 688 880 745 Orientis
893 707 951 760 non
962 687 1104 745 doniimbstit
1121 710 1130 733 ιιι

146 779 219 846 quos
234 781 331 826 tamen
345 789 380 826 eo
394 771 532 840 defuneto
546 770 717 828 Semiramis
736 789 814 828 uxor
832 775 895 828 eius
909 783 953 828 est
963 767 1094 849 aggressabd
1126 787 1149 839 q.

146 855 243 911 londo.
273 853 317 909 lta
330 855 439 910 sacurm
452 863 512 925 est,
536 864 570 910 ut
583 856 750 930 quicunque
764 853 796 912 in
810 857 871 911 iilis
884 857 966 913 terris
977 849 1092 930 populi,io

145 956 231 1014 reges
246 946 342 1008 erant,
354 937 542 1012 Assyriorum
554 955 649 1016 regno
662 937 828 1013 ditionique
842 948 985 1014 parerent,
996 948 1018 993 ct
1028 927 1092 1010 quiqd

146 1023 336 1094 imperaretur
350 1017 508 1080 efficerent.
541 1021 685 1080 Abraham
698 1023 793 1099 igitur
806 1023 837 1078 in
852 1015 990 1100 eoiregrr'o
1001 1013 1096 1096 apodffl
1130 1040 1155 1057 ..

146 1102 233 1159 daeos
246 1102 318 1158 Nini
339 1099 515 1176 temporibus
539 1114 625 1160 natus
648 1113 702 1160 est
737 1103 798 1162 Scd
816 1095 958 1181 'quoniam
978 1101 1100 1161 restituet

89 1227 90 1230 ι
145 1189 235 1242 rnulto
254 1196 324 1242 sunt
340 1187 425 1242 nobis
446 1181 532 1262 quam
551 1188 689 1264 Assyriae
706 1189 856 1260 notiores,
880 1199 910 1245 et
929 1207 979 1263 per
994 1177 1103 1244 Gneus
1151 1210 1155 1221 ·

75 1267 76 1270 ’
144 1269 275 1341 Latinos,
290 1289 324 1325 ac
335 1269 440 1336 deinde
450 1270 486 1326 ad
497 1269 656 1343 Romanos,
670 1273 719 1346 qui
731 1273 819 1328 etiam
832 1273 891 1345 ipsi
905 1272 1104 1337 Asuuiumque
1135 1302 1136 1305 ι

119 1369 125 1388 ι
143 1370 247 1428 porum
260 1355 365 1410 seriem
378 1352 563 1410 deduxerunt
581 1356 632 1431 qui
649 1363 768 1432 gentem
786 1357 887 1430 popuii
900 1354 1016 1413 Romani
1029 1345 1106 1422 inoriy'r
1142 1374 1145 1389 ·

143 1437 190 1492 nis
205 1438 267 1492 eius
281 1437 456 1512 antiquitate
468 1438 566 1496 rinrati
580 1447 666 1509 sunt3
693 1439 729 1494 ob
742 1437 798 1495 hoc
812 1439 962 1510 debemus,
974 1438 1017 1494 ubi
1028 1435 1107 1509 epuiis
1153 1428 1155 1467 A

142 1521 281 1596 Asssyrio
294 1539 455 1578 memorare
468 1537 568 1598 reges:
595 1531 629 1578 ut
646 1531 784 1596 appareat
798 1521 1029 1598 quemadmodum
1039 1515 1078 1575 Bab

142 1606 203 1675 nia,
218 1606 303 1680 quasi
315 1605 408 1678 prima
420 1602 529 1675 Nonio,
544 1623 609 1660 eum
622 1607 780 1682 peregrina
791 1606 822 1660 in
838 1603 895 1662 hoc
907 1603 1010 1661 mundo
1020 1602 1063 1659 Dei
1071 1595 1111 1654 tib

141 1698 202 1743 tate
215 1697 376 1762 procurrat.
413 1685 472 1744 Res
486 1698 583 1744 autem
596 1704 668 1762 quas
678 1697 797 1762 propter
812 1690 1045 1762 comparationem
1052 1681 1111 1740 dirit-
1142 1712 1145 1717 ·

141 1773 180 1826 tis
195 1773 363 1847 utriusque,
386 1779 521 1827 terrenae
536 1773 649 1826 seilicet
662 1781 692 1827 et
706 1773 857 1840 coelestis,
880 1769 948 1827 huie
962 1771 1041 1844 Operi
1050 1765 1113 1840 cputd

142 1856 285 1925 inserere,
312 1856 404 1932 magis
419 1873 457 1910 ex
471 1853 779 1925 (sismusinum,
806 1855 856 1912 ubi
870 1839 1115 1930 etipss‘ltomps'
1144 1868 1148 1881 ¹

141 1938 268 1994 secunda
282 1937 443 2014 Babylonio
458 1947 513 2008 est,
528 1937 664 1994 debemus
678 1955 834 1994 assumere.
1134 1960 1155 2031 g

206 2021 329 2088 Quando
344 2041 416 2098 ergo
428 2030 514 2077 naurs
528 2030 572 2076 est
584 2019 739 2092 Abraham,
754 2021 876 2084 secundi
889 2039 977 2100 reges
990 2029 1066 2088 erant,
1077 2003 1117 2086 qd
1141 2040 1146 2049 ’

143 2105 281 2178 Assyrios
295 2104 402 2175 Ninus,
420 2103 493 2179 apud
507 2103 664 2179 Sicyonios
677 2103 816 2179 Europes
826 2107 915 2179 primi
928 2116 1028 2175 autem,
1040 2095 1116 2158 Arisbe

141 2190 199 2257 ius,
212 2185 260 2244 hie
274 2187 430 2264 Aegiaieus
444 2187 574 2243 suerunt.
609 2187 682 2245 Cum
696 2207 766 2245 vero
781 2207 903 2266 egresso
913 2183 1048 2245 Abraham
1057 2178 1116 2238 deli*

43 2298 46 2302 ·
140 2271 274 2344 bylonia,
297 2271 432 2344 promisit
445 2273 472 2327 ei
486 2271 567 2327 Deus
579 2289 619 2328 ex
633 2273 684 2326 iiio
698 2289 834 2348 magnam
848 2282 968 2350 gentem
981 2265 1117 2347 interemi
1138 2315 1155 2369 Ι

61 2413 66 2418 ,
139 2355 171 2408 in
185 2353 247 2408 cius
262 2354 373 2409 semine
388 2357 517 2413 oninium
531 2356 665 2432 gentium
679 2355 932 2427 benedictionem,
959 2353 1057 2429 Assyrii
1071 2357 1124 2422 qul·
1138 2378 1155 2471 g

139 2447 202 2492 tum
213 2453 313 2514 regem
327 2436 482 2508 habebant,
495 2436 630 2514 Sicyonii
644 2439 789 2512 quintum:
809 2439 886 2512 apud
900 2441 965 2495 iilo‘s
979 2439 1047 2494 enim
1057 2441 1117 2506 regu*
1139 2481 1155 2533 Ι

139 2520 189 2576 bnt
201 2519 279 2576 iilius
289 2519 361 2576 Nini
372 2532 438 2596 post
447 2530 568 2577 matrem
577 2519 807 2592 Semiramidem,
822 2540 897 2596 quae
910 2523 1006 2578 abillo
1019 2514 1125 2576 intereo
1142 2550 1146 2555 -

138 2603 316 2680 perhibetur,
332 2623 403 2660 ausa
416 2604 507 2660 filium
521 2607 614 2660 meter
627 2607 773 2660 incestare
787 2605 955 2662 concubitu.
974 2604 1051 2661 Hane
1060 2595 1125 2674 pubi
1139 2542 1155 2698 1

69 2739 79 2760 ,ι
139 2689 276 2744 nonnulli
288 2687 453 2744 condidisse
464 2687 652 2764 Babylonem,
667 2705 752 2762 quam
763 2687 880 2761 quidem
894 2693 991 2763 potuit
1002 2689 1118 2768 insuunt
1140 2730 1155 2783 u

27 2787 34 2796 ·
138 2772 262 2838 Quando
276 2781 385 2842 nutem,
403 2774 453 2828 vel
467 2772 610 2847 quomodo
626 2771 742 2827 condita
756 2770 855 2840 fuerit,
869 2773 902 2827 in
916 2783 1000 2829 sexto
1014 2758 1119 2827 caenob
1141 2790 1155 2863 g

136 2855 190 2911 bro
205 2856 341 2911 diximus.
367 2855 473 2910 Filium
486 2873 574 2929 porro
589 2854 660 2910 Nini
674 2864 703 2910 et
717 2852 932 2927 Semiramidis,
946 2858 995 2930 qui
1008 2851 1078 2910 matri
1086 2855 1119 2899 11*
1153 2878 1155 2881 ·

41 2941 45 2944 ’
137 2941 227 3012 cessit
240 2941 271 2995 in
285 2957 420 3015 regnum,
436 2939 552 3012 quidam
565 2939 653 2994 etiam
666 2940 760 3012 ipsum
773 2936 897 3010 Ninum,
912 2939 1027 3014 quidam
1036 2923 1120 2992 remit

21 3087 23 3092 ,
135 3023 233 3092 riveto
247 3041 264 3077 a
276 3032 358 3096 patre
374 3023 514 3080 vocabulo
529 3021 648 3098 Niniam
661 3030 776 3077 vocant.
795 3019 1006 3096 Sicyoniorum
1018 3023 1133 3077 suunt

137 3124 227 3182 gnum
241 3116 312 3161 tunc
327 3101 448 3166 tenebat
460 3103 588 3178 Teixion
604 3099 786 3182 [Telesino]
801 3131 803 3136 ·
830 3105 898 3170 Quo
919 3115 1057 3183 regnante
1070 3103 1122 3167 usq!i

125 3188 210 3254 *adeo
225 3189 265 3243 ibi
279 3183 361 3244 mitia
375 3197 405 3244 et
416 3191 494 3244 iacta
507 3198 639 3260 temporo
652 3187 786 3257 fuorunt,
809 3195 844 3242 ut
857 3205 926 3244 eum
939 3189 1123 3264 comnenae
1146 3202 1155 3219 ’-

68 3313 70 3316 -
136 3271 182 3326 lut
195 3272 280 3328 deum
301 3274 431 3328 colerent
450 3271 659 3343 sacrificanda,
687 3281 718 3328 et
734 3270 818 3326 ludos
838 3271 1031 3344 celebrando,
1049 3269 1124 3344 quui
1148 3292 1155 3301 ι

135 3355 272 3429 primitus
286 3355 438 3412 institutos
452 3356 563 3411 ferunt.
657 3345 659 3350 ¹
762 3365 764 3369 ’

93 3562 95 3564 ·
139 3545 243 3612 Quibus
259 3529 436 3620 degentilibus
451 3536 525 3619 opud
533 3471 657 3621 gardrilds·
671 3469 907 3624 subdelbicyoitos
917 3549 1039 3603 Abrabae
1051 3550 1129 3601 miti*

204 3618 248 3669 rie
258 3620 338 3672 Isaac
348 3622 379 3673 de
386 3621 563 3688 processione
573 3621 611 3673 sit
621 3631 712 3682 notus,
722 3620 825 3686 eclipsi
836 3621 915 3672 Isaac
926 3617 1089 3690 sexagenario

331 3689 409 3742 Esau
419 3702 446 3743 et
455 3691 648 3760 Iucodgemini
658 3691 688 3741 de
698 3687 817 3740 Rebecca
828 3690 885 3741 sint
896 3689 973 3740 editi.
989 3693 990 3700 ’

210 3771 301 3830 Cuius
315 3780 491 3852 temporibus
507 3779 594 3835 ctiam
609 3777 689 3834 isaac
704 3795 740 3833 cx
753 3781 950 3851 promissione
961 3778 1018 3836 Dei
1031 3771 1132 3834 seusei

136 3859 306 3913 centenario
324 3863 399 3934 patri
413 3862 492 3920 filius
508 3861 638 3919 Abrahae
657 3861 692 3917 dc
706 3859 943 3948 Sara‘coniuge,
970 3881 1043 3938 quae
1059 3847 1133 3913 stedi*
