2340 4312
174 185 234 248 ua
256 137 482 246 ciuirnrn
505 145 685 246 enims.
706 183 777 246 xv.
817 243 822 252 ,
960 196 995 252 ιι

50 379 60 410 ,
82 338 149 396 banc
166 339 285 395 assidue
303 337 519 402 immunditiam
531 347 561 395 et
577 347 691 396 tentare
705 349 734 394 et
747 317 878 412 efficere‚‘
899 341 997 415 piures
1082 409 1084 414 ¹

50 441 99 498 que
111 431 295 490 asseverant,
318 421 418 478 atheo
431 422 750 500 negareimpudcntiae
764 422 911 480 uideatur:
938 445 998 484 non
1066 479 1067 482 ,

53 506 155 581 aliquid
168 504 261 562 audeo
275 503 414 578 definire,
438 509 538 561 utrum
551 507 641 580 aliqui
654 507 776 579 spiritus
790 507 934 564 elemento
947 515 997 564 aii-
1004 548 1010 553 -

50 591 182 664 orporati,
195 584 345 666 (namhoc
358 591 534 645 elementum
547 590 636 645 etiam
649 607 715 644 cura
727 591 859 667 agitatur
871 588 997 663 flabello,
1051 643 1060 662 ,

50 691 59 727 ι
73 674 197 746 corporis
211 679 360 746 tactuque
364 665 521 750 sentitur,)
541 674 656 746 possint
668 673 756 729 ctiam
769 671 845 730 hane
858 675 919 746 pati
932 675 998 736 libi-

50 775 82 825 n,
104 766 137 812 ut
151 754 295 832 quomodo
307 765 448 830 possunt,
474 755 667 814 sentientibus
681 747 800 818 feminis
809 757 997 816 misceantur.
1031 751 1032 756 '

50 856 133 894 umen
144 839 274 916 Angelos
287 847 403 894 sanctos
418 839 593 911 nullomodo
608 840 659 895 illo
672 847 803 913 tempore
817 840 859 894 sic
872 841 930 896 labi
943 857 997 912 po-

50 921 267 978 ecrediderim:
296 940 350 976 nec
370 920 405 976 dc
423 921 468 978 his
489 901 599 977 dixisse
615 922 786 996 Apostolum
803 921 937 994 Petrum,
963 919 1001 980 Si

58 1004 137 1062 Deus
157 1003 273 1079 augelis
286 1004 482 1080 peccantibus
501 1023 558 1060 uon
570 1007 729 1082 pepercit,
754 1006 808 1064 sed
827 1006 998 1072 carceribus
1077 1059 1079 1066 ,

50 1090 104 1144 iaie
120 1087 218 1160 inferi
235 1087 395 1143 retrudens
408 1085 565 1150 tradidit
552 1107 583 1142 ιιι
596 1089 705 1144 iudicio
717 1089 891 1166 puniendos
899 1106 997 1146 reser-

50 1171 125 1228 s=ed
143 1171 243 1244 potius
264 1169 300 1223 de
316 1169 375 1224 illis
394 1170 444 1245 qui
459 1163 586 1266 primum
605 1179 803 1265 apostatantes
817 1190 835 1226 a
848 1171 913 1240 Deo
932 1190 999 1228 cuns

50 1253 79 1308 io
97 1254 231 1327 principe
244 1268 298 1307 suo
313 1245 500 1320 ceciderunt,
526 1253 576 1326 qui
589 1254 713 1325 primum
726 1251 873 1310 hominem
885 1272 937 1328 per
950 1256 998 1310 in-

50 1353 74 1391 m
87 1336 256 1410 serpentina
267 1333 373 1410 deiecit
386 1329 536 1408 [decepitJ.
558 1333 688 1409 Angelos
699 1343 796 1390 autem
805 1337 898 1392 fuisse
909 1338 999 1392 etiam

50 1421 166 1474 nomines
180 1424 380 1489 nuncupatos,
405 1416 505 1470 cadem
518 1413 671 1488 Scriptura
685 1427 788 1472 sancta
800 1419 998 1492 locupletissi-

50 1503 108 1555 stis
121 1509 175 1556 est.
219 1498 294 1554 Nam
307 1507 338 1553 et
351 1497 386 1552 de
397 1495 508 1553 Ioanne
521 1499 732 1571 scriptumest:
755 1499 832 1556 Ecce
845 1504 930 1556 ueitto
944 1521 1005 1558 (ιιι--

50 1604 62 1638 ι
78 1602 170 1638 meum
190 1591 261 1638 aute
272 1581 393 1658 faciem
411 1591 508 1649 tuam,
535 1583 586 1657 qui
596 1582 800 1657 praeparabit
816 1585 894 1640 cium
908 1593 998 1639 tuane.

50 1663 172 1721 alachias
186 1655 330 1737 Propheta
338 1664 459 1736 propria
472 1663 610 1738 quadam,
625 1661 655 1717 id
670 1672 729 1734 est,
743 1664 799 1718 sibi
812 1666 930 1740 proprie
943 1668 997 1722 im-

50 1749 188 1825 :agratiu
202 1745 297 1802 dictus
312 1753 358 1801 cst
370 1747 500 1823 angelus

58 1849 134 1885 erum
146 1828 202 1885 hoc
215 1839 313 1884 nrovct
324 1829 481 1902 quosdam,
498 1826 576 1904 quod
590 1845 628 1883 ex
641 1828 700 1886 illis
715 1847 765 1905 qur
757 1830 850 1885 dicti
863 1838 1027 1886 smitam·

50 1911 113 1984 Dei,
127 1923 207 1968 etex
220 1911 390 1968 mulieribus
402 1929 473 1987 quas
488 1920 674 1983 sanaverunt,
694 1930 755 1968 nou
769 1931 853 1988 quasi
844 1912 999 1970 honuucs
1098 1927 1107 1946 ‘

50 1997 85 2050 rie
101 1997 212 2063 nostri,
236 1994 287 2052 sed
304 1995 442 2072 gigantes
460 1995 585 2070 legimus
604 2013 669 2060 csse
688 2006 789 2052 natos,
826 1996 916 2062 Quasi
929 2013 1000 2056 vero
1026 1993 1065 2036 ἰ’

50 2095 91 2133 ιιι
101 2077 250 2138 hominum
259 2077 620 2156 modumnostrumlonge
631 2078 815 2148 excedentia,
828 2078 1000 2154 quodetiam

50 2162 307 2232 seommemoravi,
330 2177 393 2216 non
413 2162 501 2216 etism
520 2163 629 2220 nostris
648 2163 826 2236 temporibus
842 2171 909 2218 usta
923 2171 1000 2218 sunt.

50 2259 77 2297 ne
89 2255 155 2300 ante
167 2262 277 2319 paucos
291 2261 399 2313 annos,
414 2262 480 2298 cum
493 2241 642 2300 Rauranac
656 2244 752 2315 urbis,
773 2246 850 2319 quod
863 2265 880 2300 u
895 2244 1000 2304 Gothis

50 2338 148 2399 uuest,
175 2329 424 2401 appropinquaret
437 2326 609 2399 excidium,
622 2325 732 2384 Romae
745 2326 801 2384 fuit
812 2327 922 2386 femina
937 2348 1002 2384 cum

50 2418 120 2478 patre
134 2420 163 2466 et
175 2429 228 2465 sua
246 2418 356 2480 matre,
382 2427 598 2483 quae-corpore
617 2409 741 2486 quodam
759 2408 844 2466 modo
862 2413 1002 2488 'giganteo

50 2495 196 2550 coactetis
212 2489 429 2567 praemineret?
454 2492 512 2549 ‘Ad
531 2511 616 2566 quarn
628 2491 935 2550 uisendammirabiiis
950 2493 1002 2548 tio-

50 2587 239 2651 ltquequaque
252 2593 426 2632 coneursum
469 2573 510 2631 Et
521 2573 575 2630 hoc
589 2582 654 2628 erat
666 2576 792 2629 niaxime
805 2575 1002 2648 aduncationi,
1029 2565 1034 2580 ’
1060 2629 1062 2632 .

70 2659 149 2716 anae
169 2668 307 2735 parentes
328 2661 392 2713 eius
405 2675 460 2714 nec
475 2659 577 2712 saltem
592 2665 650 2710 tarn
664 2657 746 2732 longi
759 2655 892 2714 hominos
907 2669 1003 2729 crant,

50 2750 58 2784 ¹
69 2737 293 2820 longissimos
265 2740 368 2797 vidore
379 2739 594 2796 consuevimus.
637 2736 801 2794 Potuerunt
813 2757 885 2815 crgo
896 2742 1002 2816 gignu-
1086 2757 1092 2764 ·

50 2825 123 2895 uei,
147 2833 178 2880 et
191 2826 273 2898 prius
287 2841 375 2897 quam
387 2821 441 2877 filii
454 2815 528 2892 Dei,
553 2822 602 2896 qui
616 2830 646 2876 et
658 2795 757 2898 angeli
770 2821 828 2879 Dei
840 2822 912 2876 dicti
924 2834 1004 2896 suist,
1019 2857 1020 2862 κ

50 2911 81 2956 ³⁸
96 2905 264 2975 hominum,
288 2904 342 2960 hoc
355 2912 415 2976 est,
440 2905 601 2961 secundum
613 2903 760 2960 hominem
769 2905 936 2962 uiuentium
948 2908 1003 2960 mi-

50 2993 135 3060 sstu13
161 2989 217 3044 filii
236 2989 348 3044 scilicet
367 2945 457 3058 Seth,
476 2987 590 3044 filiabus
605 2987 686 3045 Cain.
729 2986 805 3044 Nam
821 2989 1014 3044 etcauonica.
1115 2991 1119 3001 '

50 3067 119 3128 iura
137 3074 180 3127 sic
193 3073 368 3145 loquitur‚'
359 3090 394 3129 ιιι
405 3089 462 3146 quo
476 3071 550 3127 libro
564 3069 635 3127 haec
650 3072 795 3148 legimus,
819 3073 901 3128 cuius
914 3069 1004 3126 acrba

50 3159 119 3211 ¹¹rt:
145 3151 188 3210 Et
197 3155 322 3227 fuctum
342 3165 402 3223 est,
423 3163 586 3232 postquam
605 3165 763 3232 comerent
776 3153 905 3211 bomiues
918 3153 1005 3208 rualli

50 3243 140 3320 ’φιν
154 3248 295 3308 terram,
313 3248 343 3294 et
353 3237 444 3314 filiae
457 3248 548 3294 natae
566 3246 636 3294 suut
652 3237 734 3294 illis:
754 3237 890 3295 uidentes
906 3245 1004 3291 autem

50 3321 148 3378 Dei
151 3320 249 3397 filias
269 3320 430 3389 bominum,
457 3322 527 3397 quia
545 3321 636 3377 bonae
652 3331 739 3388 suut,
765 3329 933 3376 sumserunt
946 3317 1006 3374 sibi

50 3407 64 3446 ³
98 3423 135 3461 ea
157 3404 288 3461 omuibus
312 3421 385 3480 qaas
407 3402 570 3477 elegeraut.
601 3402 645 3459 Et
659 3401 894 3472 diuitDominus
908 3397 1003 3468 Deus,

50 3487 236 3544 'ermuuebit
255 3487 383 3564 spiritus
401 3502 487 3542 meus
501 3487 531 3542 iu
550 3483 711 3542 bominibus
727 3484 808 3541 bis
795 3503 827 3540 ιιι
839 3493 1003 3551 aeteruum,

50 3570 209 3647 *quod
211 3588 283 3626 caro
304 3577 382 3626 suat
407 3567 507 3625 Erunt
524 3578 622 3626 autem
643 3569 706 3626 dies
719 3585 817 3624 eurum
831 3576 945 3624 cauum
958 3567 1002 3620 ei-

50 3656 139 3708 teet.
161 3651 316 3728 Gigantes
328 3661 428 3708 autem
439 3661 527 3707 eraut
538 3667 629 3728 super
640 3663 754 3708 terram
769 3652 800 3705 iu
814 3649 914 3707 diebus
925 3643 1013 3707 iliiss·

52 3736 170 3792 trima
187 3755 251 3791 cum
266 3737 418 3790 iutrarent
424 3733 490 3805 filii
503 3731 564 3789 Dei
576 3734 717 3806 adfilius
724 3733 886 3801 bominum,
912 3742 942 3789 et
953 3751 1004 3807 ge

50 3827 117 3875 ῑιιιι
130 3819 201 3890 sibi,
215 3817 262 3874 ilii
273 3827 362 3874 eruut
373 3818 530 3893 gigantes,
545 3835 565 3873 a
577 3815 696 3898 sireculo
708 3815 838 3914 borsines
852 3817 1003 3884 nominati
