2340 4320
184 299 205 317 ,ι
224 232 281 288 ιιι
348 265 377 308 ,κ
447 209 544 283 nun
564 222 752 314 ινιιιιιι
777 213 1029 282 nvovsrnu

134 387 136 396 ’
221 381 274 437 dea
289 389 348 450 est,
372 395 484 452 semper
496 376 574 433 bona
587 371 647 452 estl
670 373 735 450 Ipsa
749 385 793 432 est
806 394 877 454 crgo
890 345 1030 434 felicitas:
1044 395 1125 434 cura

134 475 136 478 '
220 458 488 532 turduonominal
515 458 875 516 Scdhocferendumest:
902 462 976 516 olet
991 462 1113 516 enimet

220 546 329 602 duobus
352 535 516 601 nominibus
544 544 691 618 appellari.
735 542 811 610 Quid
837 542 969 600 diversae
987 544 1090 613 aedes,
1115 544 1125 602 i

168 683 181 706 ι
219 648 305 700 arae,
332 628 446 684 diversa
460 622 560 682 sacral
586 625 641 682 Est
653 643 757 695 causa,
784 627 934 700 inquiunt:
961 629 1029 701 quia
1053 627 1125 683 felic

220 721 276 782 cst,
303 729 388 787 quam
402 711 470 765 boni
485 708 593 765 habent
616 708 855 783 praecedentibus
882 711 1014 783 meritis;
1038 710 1125 766 fertur

113 793 116 808 '
198 819 200 824 ·
220 813 292 870 quac
307 794 412 850 dicitur
425 792 516 863 bona,
529 793 593 847 sine
606 794 665 856 ullo
678 792 813 854 examine
826 794 996 856 meritorum
1009 793 1125 849 fortuitu

218 875 383 932 hominibus
398 884 427 930 ct
439 876 522 932 bonis
536 884 567 930 et
577 876 684 945 malis,
712 874 788 930 unde
818 877 905 932 ctiam
930 875 1048 934 fortuna
1060 883 1125 932 ‘nor

220 956 368 1026 Quomodo
383 977 452 1034 ergo
467 958 543 1014 bona
557 968 615 1027 ert,
642 977 725 1032 quac,
738 959 801 1036 sine
814 959 873 1013 ullo
888 958 995 1014 iudicio
1008 960 1095 1014 venie
1104 975 1125 1013 er

219 1059 273 1115 nos
288 1040 365 1096 etad
379 1037 492 1110 malost¹
514 1041 553 1096 Vt
565 1039 633 1116 quid
646 1049 742 1099 autem
755 1041 869 1112 colitur,
883 1060 956 1117 quae
965 1042 1125 1097 ita-caecae

125 1139 128 1144 ·
219 1126 274 1179 sim
287 1125 319 1180 in
331 1124 474 1200 quoslibet
489 1125 658 1194 incurrens,
673 1133 705 1178 ut
717 1141 783 1178 suos
797 1126 922 1183 cultores
935 1126 1104 1200 plerumque
1118 1143 1125 1200 ι

175 1209 184 1262 ᾖ
220 1217 293 1279 eat,
310 1215 339 1262 et
366 1209 425 1262 suis
452 1164 676 1262 contemtoribus
702 1203 836 1262 hacrcatl
863 1209 956 1263 Aut
933 1225 958 1262 rr
970 1206 1080 1286 aliquid
1094 1225 1125 1282 pr

219 1292 382 1346 cultores
357 1309 434 1360 crus,
448 1290 528 1345 utab
542 1289 789 1374 illavideantur,
798 1298 827 1344 et
839 1299 986 1361 amentur,
1012 1291 1071 1344 iam
1084 1308 1125 1343 me

220 1375 332 1450 quitur,
353 1392 411 1430 non
427 1374 548 1429 fortuitu
562 1374 652 1428 venit.
678 1371 733 1427 Vbi
747 1381 792 1430 est
804 1392 874 1450 ergo
887 1372 1018 1429 definitio
1032 1375 1083 1428 illa
1093 1372 1125 1428 lo

219 1455 275 1511 Vbi
289 1455 421 1534 estquod
435 1475 451 1511 a
464 1455 592 1512 fortuitis
606 1457 693 1512 ctiam
705 1473 811 1512 nomen
827 1453 955 1531 accepit?
981 1454 1063 1512 Nihil
1075 1457 1123 1512 cui

220 1548 264 1594 est
278 1557 342 1594 earn
355 1539 467 1608 colere,
491 1557 517 1594 ss
508 1539 647 1596 'fortuna
662 1547 713 1597 cst.
757 1535 791 1596 Si
805 1548 901 1606 autem
922 1557 988 1594 suos
1002 1541 1125 1598 cultores

219 1624 279 1702 nit,
307 1631 340 1676 ut
361 1626 468 1697 prosit,
495 1622 612 1680 fortuna
626 1641 685 1679 non
699 1630 751 1680 cst
795 1621 840 1678 An
855 1631 884 1676 ct
898 1641 1006 1696 spsam,
1033 1639 1089 1696 que
1111 1639 1125 1675 ι

219 1705 340 1780 lupitcr
350 1701 455 1762 mittitl
443 1695 600 1763 lColatur
614 1725 684 1787 crgo
698 1707 760 1782 ipsc
773 1706 862 1760 solus:
889 1723 949 1760 non
963 1706 1042 1765 onim
1054 1715 1125 1780 potet

218 1787 314 1860 benti,
340 1798 369 1843 et
393 1807 457 1844 eam
475 1806 530 1862 ιιιιο
555 1790 681 1844 volucrit
703 1788 846 1858 mittenti,
872 1788 988 1843 fortuna
1002 1789 1125 1843 resistcre

130 1887 135 1897 ·
220 1882 298 1928 certe
311 1873 396 1926 istam
410 1872 479 1926 mali
492 1872 603 1944 colant,
629 1873 678 1948 qui
693 1873 796 1930 nolunt
807 1867 912 1938 habere
926 1873 1046 1942 merita,
1065 1869 1125 1984 quib

110 2003 112 2010 ,
219 1955 257 2011 sit
270 1954 323 2012 dea
336 1953 471 2011 Felicitas
490 1953 618 2011 invitari

525 2153 527 2160 .
610 2086 713 2145 CAP.
743 2084 855 2156 XIX.

562 2181 606 2234 De
620 2181 743 2235 Fortuna
762 2183 892 2236 rreuliebre'.

220 2341 221 2344 Ἴ
281 2271 408 2329 Tantum
422 2292 492 2329 sane
504 2272 588 2343 huic,
602 2275 683 2344 velut
696 2275 808 2329 numini
821 2273 967 2343 tribuunt,
981 2283 1077 2348 'quam
1089 2273 1125 2330 Fu

217 2366 340 2426 vocant,
367 2367 399 2412 ut
417 2358 601 2412 simulacrum
624 2358 700 2426 eius,
725 2358 799 2434 quod
821 2357 991 2412 amatronis
1018 2356 1125 2412 dedicat

219 2450 248 2495 ct
260 2440 402 2514 appellata
411 2450 456 2496 et
463 2439 591 2496 Fortuna
604 2439 762 2511 muliebris,
776 2443 862 2496 ctiam
875 2441 1001 2512 locutum
1015 2447 1079 2494 csse
1092 2459 1125 2495 me

218 2522 462 2593 commendarint,
485 2532 572 2597 atque
583 2521 693 2578 dixisse
706 2541 766 2579 non
779 2521 1081 2594 cenomannorum,
1096 2542 1125 2598 qs

218 2608 274 2661 rite
287 2615 437 2662 matronae
450 2605 657 2663 dedicaverint.
702 2605 784 2672 Quod
798 2605 913 2682 quidem
926 2607 952 2660 si
964 2617 1066 2661 verum
1081 2609 1120 2664 sit

183 2749 185 2752 ,
219 2709 272 2745 nos
285 2708 348 2746 non
358 2699 481 2763 oportet.
507 2687 574 2750 Non
588 2691 666 2744 enim
679 2690 817 2766 malignis
831 2689 1018 2744 daemonibus
1034 2690 1123 2744 etiam

133 2821 139 2844 Ι
217 2773 294 2832 ficile
317 2783 361 2826 est
383 2772 499 2842 fallere,
528 2787 650 2846 quorum
663 2781 740 2828 artes
754 2781 839 2847 atquc
852 2773 995 2829 versutias
1008 2770 1078 2828 hinc
1091 2792 1125 2846 po

218 2846 369 2910 advertere
383 2853 565 2925 debuerunt,
577 2855 653 2930 quod
666 2857 716 2912 illa
729 2853 782 2910 dea
795 2857 891 2912 locuta
905 2864 963 2925 est,
977 2871 1050 2930 quoe
1063 2856 1124 2912 fort

218 2937 304 3005 cidit,
331 2955 389 2992 non
404 2954 477 3011 quac
491 2938 602 2993 meritis
615 2940 705 2994 venit.
748 2939 818 2994 Fuit
831 2941 909 2994 enim
922 2937 1052 2994 Fortuna
1069 2940 1125 3014 loqr

160 3033 162 3038 '
216 3028 295 3074 rnuta
308 3018 459 3089 Felicitas3
487 3029 516 3075 ct
528 3018 564 3075 ad
578 3021 646 3096 quid
659 3021 753 3092 aliud,
781 3023 839 3079 nisi
852 3031 884 3078 ut
898 3019 1030 3077 homines
1044 3031 1125 3077 recte

128 3105 133 3112 '
182 3143 193 3149 -
217 3121 276 3159 non
284 3111 441 3171 curarent,
468 3104 621 3160 conciliata
634 3104 690 3161 sibi
702 3105 846 3176 Fortuna,
873 3122 946 3179 quae
959 3105 1125 3180 illossines

217 3187 263 3242 nis
277 3185 388 3242 meritis
400 3185 509 3240 faceret
518 3184 698 3243 fortunatosl
717 3187 756 3245 Et
768 3198 847 3244 certe
860 3186 1021 3244 siFortuna
1034 3188 1125 3262 loquit

218 3269 320 3324 saltem
338 3269 500 3339 muliebris,
527 3270 578 3326 sed
602 3271 697 3326 virilis
722 3271 816 3345 potiu's
841 3273 1022 3344 loqueretur,
1049 3279 1083 3324 ut
1096 3289 1125 3326 ιιι

216 3369 289 3425 quae
312 3352 496 3407 simulacrum
516 3352 740 3423 dedicaverunt,
766 3363 936 3429 putarentur
949 3361 1063 3408 tantum
1076 3355 1125 3411 mii

116 3443 117 3450 ’
216 3433 349 3489 muliebri
363 3434 536 3508 loquacitate
548 3436 679 3492 finxisse.

609 3567 721 3627 CAP.
763 3537 850 3626 XX.

215 3639 258 3692 De
270 3641 379 3696 lirtutc
389 3654 415 3697 et
424 3621 505 3712 Fide,1
513 3665 579 3716 quae
586 3665 639 3718 pa
628 3665 692 3701 voce
686 3647 807 3730 templis
818 3657 844 3702 et
853 3649 939 3702 eserie
948 3645 1125 3703 honoraverat

216 3711 395 3766 termittentee
405 3717 460 3768 alio
472 3717 552 3780 bona,
571 3735 639 3785 quoe
650 3718 774 3770 rirne'liter
784 3721 892 3772 colenda
902 3722 1035 3792 ficerunt,
1054 3719 1081 3770 er'
1101 3737 1125 3772 re

567 3786 693 3839 divinitae
709 3787 886 3842 tribuebatur.
968 3813 975 3836 ι

278 3864 417 3927 Virtutem
432 3873 546 3951 quoquo
560 3875 643 3934 deam
661 3877 815 3950 lecerunt.
833 3897 906 3955 quae
920 3877 1072 3954 quidemn
1086 3879 1125 3935 ἀοι
