2362 4314
109 253 110 258 ,
185 201 245 262 DE
268 202 490 264 clvrlarss
514 206 593 294 DEI
617 207 822 280 tlaxxt
968 217 1065 272 355·v
1112 291 1114 298 κ

16 367 120 412 neree
133 355 265 431 profecto
279 357 306 412 si
319 366 492 432 quaeratur,
503 375 591 432 ‘quae
613 358 720 438 dignae
743 362 803 437 sint
824 381 877 436 pro
900 367 1027 436 peccatis

20 441 210 514 emosynae,
237 439 273 495 de
287 441 389 515 quihus
407 442 494 497 etiam
508 439 617 499 Christi
638 461 811 516 praecursor
833 447 883 502 ille
902 447 1025 518 dicebat,
1089 456 1091 466 ¹

21 524 100 596 cite
113 542 184 598 ergo
193 523 323 594 fruetus
336 524 440 599 dignos
447 526 670 600 poenitentioe:
693 530 796 602 procul
808 528 893 584 dubio
907 548 968 588 non
980 531 1026 586 iu-

16 606 152 661 mientur
172 624 220 662 eas
240 605 353 677 honere,
381 608 431 681 qui
442 609 534 664 vitam
547 625 626 664 suam
640 609 782 684 usquead
794 621 917 677 mortem
932 615 1026 686 quoti-

16 679 315 745 ».morum'eriminum
329 691 543 764 perpetratione
561 691 743 749 confodiunt.
786 691 933 765 Primum,
959 697 1027 769 (pria

16 771 207 828 auferendis
219 762 305 828 rebus
319 773 422 829 alienis
435 774 523 850 longe
534 774 620 848 plura
630 775 780 851 diripiunt,
794 795 832 832 ex
844 778 948 852 quibus
959 797 1025 852 per-

16 854 28 906 i
36 873 102 932 guo
118 856 292 930 pauperibus
311 855 479 934 largiendo,
505 855 653 940 Christum
666 877 697 916 se
713 858 815 917 adhoc
828 879 948 936 pascere
962 863 1025 916 exi·
1061 921 1063 926 ,

16 947 132 1011 mant,
150 947 185 994 ut
196 940 344 996 licentiam
357 927 582 996 malefactorum
588 941 624 998 als
638 943 688 999 illo
701 962 733 998 se
748 945 870 1024 emisse,
884 946 941 1002 ‘vel
953 962 1025 1019 spuo-
1091 963 1094 968 ·

23 1021 68 1076 ie
78 1023 174 1096 potius
186 1041 282 1079 emere
295 1022 463 1098 eredentes,
490 1023 588 1080 seeuri
605 1023 779 1084 damnabilia
797 1037 878 1084 tanta
892 1030 1025 1084 commit

16 1113 70 1160 lt.
110 1105 204 1172 Qui
180 1124 206 1162 si
215 1123 270 1181 pro
283 1124 344 1164 uno
357 1108 469 1163 scelere
482 1108 580 1163 omnia
594 1125 648 1164 sua
661 1108 875 1174 distribuerunt
889 1112 1025 1189 indigen-

16 1205 73 1242 ιιι
84 1188 219 1246 memhris
233 1187 358 1262 Christi,
371 1191 432 1246 niss
423 1189 622 1248 'desisterent
634 1210 652 1248 a
664 1193 769 1249 talibus
782 1193 880 1266 factis,
894 1193 1025 1252 habendo
1099 1193 1105 1200 “

16 1272 160 1343 .·itstem,
186 1291 260 1348 quae
278 1292 338 1330 non
357 1274 421 1351 agit
437 1292 605 1349 perperam,
630 1275 740 1352 aliquid
758 1278 800 1332 eis
817 1278 953 1353 prodesse
967 1297 1025 1334 non

16 1364 105 1412 sset:
142 1355 200 1422 Qui
219 1375 290 1436 ergo
309 1357 413 1435 dignes
431 1374 486 1432 pro
503 1359 563 1414 suis
582 1361 711 1434 peccatis
729 1362 926 1435 eleemosynas
944 1360 1043 1430 feeits
1080 1395 1082 1408 ·

16 1441 74 1495 ’.ιιι
90 1451 141 1498 eas
152 1438 257 1520 sineere¹
268 1442 391 1516 ineipiat
403 1459 420 1497 a
433 1441 550 1516 eipso.
592 1441 750 1522 Indignum
767 1454 814 1502 est
827 1445 921 1516 enim,
949 1455 982 1500 ut
995 1446 1026 1500 in

41 1540 104 1582 non
122 1524 227 1595 faeiat,
253 1526 302 1600 qui
320 1524 392 1581 facit
408 1525 441 1580 in
457 1526 638 1600 proximum,
664 1533 751 1602 quum
768 1527 867 1584 audiat
880 1526 1024 1590 dicentem

16 1609 167 1678 ηιιίιιιιιιι,
187 1606 307 1684 Diliges
314 1610 485 1686 proximum
500 1619 584 1666 tuam
595 1620 735 1688 tanquam
750 1621 779 1668 te
798 1613 900 1689 pssum.
938 1603 1024 1666 Item-

16 1707 53 1746 ε
65 1691 179 1764 audiat,
206 1690 351 1750 Miserere
371 1701 441 1749 tuae
459 1693 577 1750 animae
587 1693 714 1771 placens
734 1693 807 1752 Deo.
850 1693 936 1750 Hane
955 1713 1025 1771 ergo

16 1793 220 1851 ¹‹emosynam,
236 1774 266 1832 id
279 1784 338 1846 est,
351 1784 385 1830 ut
394 1774 458 1832 Deo
470 1777 598 1856 placeat,
619 1795 678 1832 uon
692 1776 803 1838 faciens
818 1778 933 1833 animae
945 1795 1026 1847 suae,
1123 1769 1125 1776 ’

16 1858 134 1916 nmodo
148 1857 252 1936 dignas
264 1877 318 1933 pro
335 1859 463 1934 peccatis
477 1860 537 1915 suis
555 1861 762 1935 eleemosynas,
772 1860 867 1916 facore
886 1859 1026 1918 dicendus

16 1957 22 1988 ῑ
39 1937 58 1996 ‘l
78 1941 122 1998 Ad
133 1940 188 1998 hoe
202 1944 281 1998 enim
294 1951 325 1999 et
338 1941 411 1999 illud
424 1942 565 2017 seriptum
579 1953 639 2000 est:
664 1942 726 2013 Qui
737 1944 796 2000 sihi
807 1944 957 2019 teotignus
971 1954 1025 2013 cst,
1049 1942 1051 1948 ’

16 2023 43 2076 ἶ
66 2027 153 2083 lones
176 2023 256 2084 erit?
281 2025 439 2083 Orationes
454 2028 559 2102 quippe
572 2027 714 2084 adiuvant
731 2029 944 2103 eleemosynae.
987 2026 1026 2082 lit
1049 2025 1066 2108 ‘y

16 2127 94 2184 -que
106 2109 279 2167 intuendum
292 2118 338 2166 est
351 2109 427 2186 quod
438 2111 578 2188 legimus:
603 2109 666 2168 Fili
672 2114 824 2189 peccasti,
848 2131 883 2168 ne
896 2112 1025 2167 adiicias
1098 2157 1101 2180 ,

16 2205 118 2264 ιπιιιιι,
132 2203 162 2252 et
175 2195 400 2272 deprueteritis
414 2195 591 2272 dqsreeure,
602 2205 636 2253 ut
649 2195 841 2252 dimittantur
854 2195 919 2252 tibi.
953 2193 1024 2256 Ριο-

16 2289 65 2331 er
75 2273 126 2333 hoe
138 2296 209 2356 ergo
223 2279 426 2352 eleemosynae
439 2276 589 2334 faciendae
601 2287 680 2350 sunt,
690 2287 723 2334 ut
734 2297 800 2335 oum
811 2276 846 2334 de
858 2278 1026 2366 praeteritis
1109 2309 1113 2316 ,

16 2361 118 2420 neatis
133 2362 333 2436 deprecamur,
347 2359 552 2432 exaudiamur,
573 2379 634 2418 non
646 2363 700 2417 ut
690 2381 723 2418 us
738 2364 780 2418 eis
793 2371 1026 2435 perseverantes,

16 2443 409 2502 entiammalefaoiendinos
416 2461 467 2520 per
478 2444 679 2519 eleemosynas
687 2463 853 2519 comparare
865 2445 1025 2503 credamus.

57 2517 123 2585 Ideo
142 2538 240 2587 autem
252 2527 396 2585 Dominus
416 2537 447 2584 et
466 2524 578 2582 dextris
598 2529 795 2602 eleemosynas
807 2527 885 2582 ah
859 2547 901 2584 eis
921 2530 1025 2600 foetas,

24 2611 165 2670 sinistris
179 2631 239 2670 non
253 2611 344 2672 factas
357 2629 390 2666 se
406 2611 617 2695 imputaturum
636 2629 701 2666 esse
715 2608 878 2684 praedixit,
905 2621 939 2680 ut
957 2611 1026 2680 hine

16 2695 162 2754 »eederet
182 2704 325 2772 quantum
347 2697 466 2754 valeant
487 2687 688 2769 eleemosynae
712 2692 748 2754 ad
768 2693 867 2767 priora
891 2693 1026 2766 delenda,

16 2789 56 2834 ιι
76 2778 112 2836 ad
131 2789 272 2856 perpetua
292 2777 637 2854 impuneeommittenda
656 2785 786 2852 peecata.
829 2776 915 2834 Tales
929 2788 1027 2834 autem

16 2873 213 2940 =emosynas
205 2881 266 2919 non
283 2861 400 2919 dicendi
417 2864 486 2918 sunt
501 2862 615 2932 faeere,
641 2861 795 2936 quiritem
808 2863 942 2917 uolunta
955 2879 1026 2924 con·

16 2947 147 3004 etudim
160 2946 326 3004 scelerum
317 2965 349 3003 ιιι
361 2947 464 3002 melius
482 2954 668 3001 commutare.
706 2945 782 3011 Quia
795 2946 846 3000 et
837 2964 869 3002 ru
881 2941 936 2999 hoo
949 2943 1028 3019 qnod
1125 2979 1128 2984 ·

16 3061 53 3102 ,
76 3029 201 3101 Quando
214 3032 267 3088 uni
279 3048 316 3088 ea·
328 3031 456 3086 minimis
469 3030 540 3085 meis
554 3047 609 3085 non
620 3028 765 3100 fecistis,
789 3027 862 3084 mihi
875 3047 931 3084 non
941 3028 1027 3099 feei·

16 3105 67 3187 2⁸3
78 3113 207 3171 ostendit
219 3131 268 3170 eos
281 3131 341 3170 non
354 3113 451 3170 faeere
465 3113 552 3167 etiam
565 3111 679 3186 quando
693 3129 725 3167 se
738 3111 835 3166 faeere
848 3113 1026 3168 existimant.

42 3199 120 3254 enim
134 3196 301 3258 Christiano
317 3197 460 3253 esurienti
472 3213 578 3270 penem
596 3204 735 3270 tauquam
749 3193 913 3251 Christiano
928 3193 1026 3270 [Chri-

16 3275 53 3356 ]
69 3280 188 3352 darent,
213 3279 344 3355 profecto
357 3281 413 3336 sihi
430 3297 536 3354 panem
554 3279 700 3350 iustitiae,
727 3276 824 3352 quod
816 3297 878 3352 ipse
893 3276 1026 3333 Christus

16 3363 56 3433 b,
69 3383 126 3422 nou
141 3373 301 3442 negarent:
316 3365 451 3437 quoniam
464 3362 562 3433 Deus,
576 3380 636 3418 nou
651 3364 697 3418 cui
711 3360 812 3431 detur,
827 3360 878 3416 sed
892 3378 947 3434 quo
961 3361 1026 3416 ani-
1048 3387 1050 3391 ·

16 3454 42 3494 δ
60 3447 158 3547 detur,
184 3445 321 3504 attendit.
346 3447 404 3510 Qui
426 3464 497 3524 ergo
511 3444 657 3502 Christum
680 3443 804 3520 diligit
795 3463 827 3500 ιιι
849 3441 1026 3514 Christiano,
1078 3479 1084 3492 ·

21 3547 52 3584 ω
69 3534 165 3588 anirno
183 3532 211 3586 ei
230 3531 355 3607 porrigit
367 3530 587 3612 eleemosynam
607 3546 664 3602 quo
684 3526 795 3583 aceedit
811 3526 848 3582 ad
869 3525 1027 3597 Christum,

16 3625 56 3668 ἰι
82 3633 137 3690 quo
165 3615 228 3671 vult
252 3613 390 3684 recedere
414 3614 573 3686 impunitus
600 3631 618 3667 a
644 3609 770 3667 Christo.
827 3609 924 3668 Tanto
950 3612 1036 3668 enim'

16 3700 91 3775 agis
116 3699 240 3774 quisque
270 3696 379 3752 deserit
401 3695 563 3766 Christum,
591 3703 698 3770 quanto
717 3694 810 3771 stragis
829 3693 926 3771 diligit
945 3694 1028 3768 quod

16 3783 139 3879 tprohat
152 3779 293 3838 Christus.
336 3779 411 3836 Nam
425 3779 493 3855 quid
507 3781 641 3854 cuiquam
653 3777 785 3851 prodest,
805 3777 879 3876 quod
897 3778 1026 3852 baptiza·

16 3873 44 3908 Ι·
52 3886 101 3930 ιι
116 3883 175 3922 uon
190 3860 386 3919 iustihcatur?
429 3861 706 3938 Nornrequidixit,
733 3859 801 3918 Nisi·
818 3864 882 3940 poia
903 3872 1025 3918 renatus
