2400 4312
234 183 834 268 DEi⁰1v11uarnou1mavie
930 185 1052 258 ⁴2„
1138 173 1139 178 Ν

21 351 151 433 'jutorum
162 344 444 408 hebetudinemnon
457 348 546 425 piget
589 345 670 410 later
693 357 808 406 caetera
832 355 906 422 quae
923 357 1050 424 praeter·

21 427 160 510 mttere,
175 432 311 506 quoniam
324 432 415 486 multa
429 441 513 501 sunt,
532 447 637 509 cogam
662 433 694 488 in
707 430 807 494 ltaliae
821 434 954 507 compitis
966 450 1055 507 quac-

25 505 94 582 dam
107 515 182 590 dicit
195 533 277 570 sacra
287 513 386 570 Liberi
398 514 543 571 ecleb'rata
556 527 622 570 eum
630 524 712 572 tanta
723 517 843 572 lieentia
853 514 1055 590 turpitudinis,

30 601 185 664 utinseius
199 596 339 653 bonorem
349 597 485 670 pudenda
497 599 594 659 virilia
606 601 786 674 colerentur3
812 615 872 654 non
885 600 987 654 saltem
998 601 1050 658 ,ali-

30 693 171 760 quantum
184 680 396 737 verecundiore
408 689 537 751 secreto,
551 681 602 738 sed
615 683 646 737 in
658 683 809 756 propatulo
823 683 991 740 exsultante
1002 701 1054 742 nee

30 755 129 842 quitia.
175 764 250 820 Nam
271 761 325 820 boc
348 773 433 836 turpe
455 765 614 824 tuendarum
625 781 678 838 per
690 765 790 820 Liberi
808 765 870 820 dies
884 764 975 820 festos
989 761 1052 822 eum

29 848 140 906 honore
153 866 261 925 magno
275 849 416 920 plostellis
429 849 612 922 impositum,
638 850 716 921 prius
731 867 799 904 rure
812 849 844 904 in
858 843 1001 922 compitis,
1026 857 1056 904 et

31 951 126 1006 usque
138 932 283 1004 inurbem
296 940 396 1004 postea
408 931 586 996 vectabatur.
629 929 663 987 ln
689 930 792 1005 oppido
817 940 913 987 autem
932 931 1077 988 Lavinio·

36 1018 90 1072 uni
101 1015 202 1074 Libero,
213 1023 296 1070 totus
308 1015 416 1070 mensis
431 1015 632 1084 tribuebatur,
659 1017 741 1070 cuius
760 1013 859 1070 diebus
874 1033 974 1070 omnes
987 1033 1052 1071 ver·
1088 1052 1089 1055 =

36 1099 80 1154 bis
92 1097 327 1176 flagitiosissimis
339 1106 508 1168 uterentur,
536 1096 629 1154 donec
642 1097 713 1154 illud
725 1097 883 1155 membrum
894 1117 946 1171 per
960 1098 1053 1154 lorum
1145 1169 1147 1178 Ι

35 1191 231 1240 transvectum
258 1189 351 1249 esset,
377 1189 462 1255 atquo
475 1182 584 1242 inloto
600 1196 653 1237 suo
667 1183 841 1255 quiesceret
885 1180 940 1238 Cui
965 1200 1052 1236 mem*

32 1264 253 1328 broinhonesto
272 1263 517 1324 matremfamilias
543 1262 777 1321 honestissimam
801 1266 897 1337 palam
920 1283 1055 1326 eoronam

32 1367 151 1406 necesse
165 1356 231 1402 erat
254 1348 411 1419 imponere.
455 1345 505 1402 Sic
530 1346 667 1404 videlieet
693 1347 780 1402 Liber
805 1347 876 1403 deus
899 1347 1053 1423 placandus

33 1433 125 1488 lucrat
136 1429 332 1503 proventibus
346 1431 504 1500 seminum,
519 1431 562 1484 sic
576 1431 610 1500 ab
622 1423 701 1507 agris
712 1430 865 1504 fascinatio
879 1430 1054 1504 repellenda,
1111 1497 1112 1502 ἵ

34 1525 65 1571 nt
75 1525 212 1572 matrona
226 1513 324 1568 facere
336 1522 491 1589 cogeretur
504 1514 535 1568 in
547 1513 679 1586 publico,
704 1512 782 1587 qued
796 1531 850 1570 nee
862 1515 1020 1584 meretrix,
1031 1515 1054 1568 si

31 1609 182 1654 matronae
196 1605 379 1670 spectarent,
401 1597 531 1670 permitti
543 1595 643 1656 debuit
655 1598 686 1651 in
700 1594 824 1650 theatra
851 1593 972 1669 Propter
984 1587 1059 1652 haec

33 1681 176 1738 Saturnus
191 1682 270 1736 solus
284 1678 413 1756 creditus
425 1697 484 1736 non
499 1689 543 1734 est
558 1678 701 1736 sufficere
713 1697 799 1751 posse
825 1678 999 1750 seminibus,
1025 1687 1055 1734 ut

36 1767 203 1822 occasiones
217 1761 501 1835 multiplicandorum
512 1761 630 1818 deorum
641 1761 788 1818 immunda
799 1763 895 1816 anima
903 1763 1057 1834 reperiret,-
1081 1813 1084 1820 ,

38 1860 66 1904 et
76 1849 108 1904 ab
120 1839 181 1904 uno
194 1865 266 1904 vero
280 1845 344 1902 Deo
357 1847 461 1901 merito
474 1845 676 1914 immunditiae
693 1845 847 1914 destituta,
870 1861 907 1900 nc
919 1862 971 1916 per
984 1846 1056 1900 mul-

38 1941 80 1988 tos
92 1933 181 1988 falses
195 1929 337 1988 aviditate
348 1930 467 1985 maioris
479 1929 861 2004 immunditiacprostituto,
887 1929 944 1984 ista
967 1928 1058 1984 sacri·
1165 1989 1167 1992 ¹

40 2015 205 2092 legiasacra
220 2015 400 2081 nominaret,
428 2030 550 2086 seseque
575 2030 744 2086 spurcorum
769 2011 939 2071 daemonum
964 2011 1059 2086 turbis
1117 2079 1125 2082 -

45 2095 255 2156 conviolandam
266 2095 505 2172 polluendamque
518 2096 679 2170 praeberet.
698 2135 699 2138 η
1000 2119 1001 2122 ’

392 2245 414 2305 C
436 2237 461 2304 ri
481 2246 513 2303 P.
556 2239 693 2314 XXII.-

264 2339 309 2397 De
320 2335 460 2412 Neptuno,
480 2353 507 2396 et
519 2343 640 2408 Salacia,
660 2361 692 2398 uc
708 2329 834 2402 Venilia,
1097 2403 1102 2407 ,

106 2431 158 2492 laur
166 2437 270 2511 utique
282 2425 405 2492 babebat
418 2425 562 2492 Salaciam
574 2435 727 2510 Neptunus
752 2452 891 2505 uxorem,
914 2444 1002 2510 quum
1012 2434 1060 2490 in·

51 2515 171 2577 seriorem
182 2538 291 2595 aquam
304 2520 393 2574 maris
409 2536 473 2574 esse
487 2518 643 2589 dixerunt3
669 2528 703 2575 ut
727 2517 796 2592 quid
809 2520 853 2576 illi
865 2517 1002 2576 adiuncta
1016 2523 1058 2572 cst

50 2612 76 2658 ct
86 2601 206 2675 Venilia,
234 2603 297 2658 nisi
321 2611 355 2662 ut
380 2603 517 2664 sineulla
531 2621 619 2659 eausa
639 2603 874 2658 necessariorum
899 2599 1059 2671 sacrorum,

47 2689 100 2742 cola
110 2688 230 2744 libidine
242 2687 358 2742 animae
370 2687 559 2759 prostitutae,
584 2687 824 2759 multiplicaretur
841 2685 976 2741 invitatio
990 2683 1060 2740 dae·-

27 2761 233 2828 -monioruml'
256 2767 316 2826 Sed
337 2769 503 2843 proferatur
528 2769 732 2840 interpretatio
756 2769 923 2842 praeclarae
947 2765 1059 2824 theolo-

44 2854 117 2930 giae,
129 2872 204 2929 quac
217 2851 319 2910 nesab
332 2854 389 2908 ista
400 2849 627 2926 reprehensione
638 2851 751 2908 reddita
761 2853 874 2908 ratione
886 2859 1059 2924 compescat.

42 2934 167 3008 Venilia,
193 2937 307 3010 inquit,
333 2935 411 2991 unda
423 2945 483 3004 ert,
506 2953 579 3009 quac
593 2934 629 2991 ad
642 2937 712 2991 litus
724 2935 819 2992 venit:
845 2933 971 3004 Salacia,
985 2951 1064 3008 quae

40 3021 71 3076 iu
91 3023 182 3078 salum
194 3017 291 3076 redit.
313 3065 314 3068 ι
334 3017 393 3075 Cur
406 3038 476 3096 ergo
485 3017 561 3074 deae
573 3019 650 3075 liunt
661 3017 753 3089 dune,
780 3031 845 3096 cum
858 3019 898 3074 sit
909 3035 968 3074 una
981 3015 1061 3073 unda

41 3121 110 3178 quac
132 3105 217 3160 venit
240 3112 271 3158 et
288 3098 382 3160 redit'l
409 3102 521 3176 Nempe
533 3103 596 3176 ipsa
609 3110 658 3164 est
667 3111 842 3156 exaestuans
856 3102 888 3158 in
899 3102 990 3158 multa
1003 3117 1060 3154 nu·

39 3190 113 3244 mina
124 3187 216 3248 libido
229 3205 349 3244 vesana.
392 3186 529 3256 Quonruis
543 3187 622 3248 enirn
633 3203 706 3261 equa
724 3203 784 3240 non
802 3186 967 3261 geminetur
986 3199 1060 3256 quae

40 3270 75 3340 it,
98 3281 127 3326 et
139 3271 233 3341 redit,
259 3268 347 3325 buius
360 3278 457 3338 tamen
472 3270 624 3342 occasione
636 3269 791 3339 vanitatis,
817 3267 929 3324 duobus
944 3265 1061 3320 daemo-

42 3355 94 3410 niis
114 3355 267 3425 invitatis,
292 3354 414 3425 amplius
428 3353 524 3408 anima
538 3349 778 3421 commaculatur,
807 3368 880 3424 quac
892 3351 934 3418 it,
960 3356 1062 3403 etnon
1173 3405 1174 3410 ,

40 3437 119 3506 redit.
163 3427 282 3504 Quaeso
302 3444 333 3492 tc
356 3434 464 3505 Varro,
487 3437 534 3500 vel
547 3453 598 3491 ros
614 3437 664 3509 qui
676 3444 735 3490 tam
749 3430 1061 3490 doctorumhominum
1113 3488 1115 3491 ,
1137 3437 1138 3440 ’

39 3522 105 3578 talis
125 3522 237 3594 scripta
249 3520 382 3595 legistis,
408 3527 437 3573 et
449 3518 559 3592 aliquid
571 3535 709 3595 magnum
721 3535 773 3572 vos
787 3515 923 3573 didicisse
937 3513 1063 3584 iactatis,

40 3599 273 3680 interpretamini
293 3601 365 3672 hoe,
391 3603 459 3676 nolo
472 3595 569 3657 dicere
588 3600 751 3658 seeundum
763 3600 842 3653 illam
854 3607 1003 3654 aeternam
1015 3597 1063 3654 in-

42 3687 330 3760 commutabilemque
343 3690 493 3753 naturam,
520 3702 593 3758 puae
606 3685 685 3740 solus
699 3690 745 3738 est
756 3680 855 3760 Deus3
885 3679 936 3742 sed
961 3681 1063 3736 saltem

40 3771 195 3838 seeundum
208 3769 339 3824 animam
350 3765 465 3835 mundi,
485 3775 514 3820 et
525 3776 627 3841 partes,
638 3767 718 3834 eius,
732 3781 804 3838 quos
818 3762 886 3816 deos
899 3781 986 3818 veros
1000 3780 1065 3820 esse
1134 3759 1135 3764 '

39 3854 222 3912 existimatis.
249 3847 491 3918 Pertemanirnae
503 3849 620 3923 mundi,
633 3866 706 3928 quae
718 3864 799 3906 mare
811 3854 962 3930 permeat,
983 3853 1075 3932 deum
1139 3903 1142 3912 ,
