2266 4312
204 65 208 90 l

161 172 247 280 *ros
309 185 311 188 ’
388 198 494 258 ιιινι
514 195 703 256 svaran
728 195 1000 258 svcvsrms

168 356 288 422 vivont,
301 302 432 409 dubitare
445 349 490 406 las
503 368 564 406 uon
577 349 631 420 sit,
649 366 739 422 usque
752 333 826 404 adeo
838 357 937 406 tamen
951 351 991 405 eis
1002 351 1085 405 melius
1095 365 1114 402 es

171 456 236 492 cum
255 437 314 490 suis
333 433 501 507 corporibus
520 433 594 486 bene
616 431 782 488 valentibus
799 434 915 504 vivere,
942 443 975 488 ut
989 433 1105 488 ctiamilli

66 568 89 586 ,,
171 509 352 574 omnimodo
372 533 435 570 esse
458 515 522 569 sine
545 531 666 586 corpore
688 513 888 570 beatissimum
911 511 1114 584 existimaut‚b

85 621 87 626 ’
171 601 337 674 opinionem
349 615 432 652 suam
445 597 592 650 sententia
604 605 786 671 repugnante
799 599 985 673 convincant,
996 597 1093 670 Neque
1101 614 1114 649 c

171 681 323 756 quisquam
341 679 459 734 audebit
477 679 593 733 illorum
610 679 756 751 sapientes
775 675 925 755 homines,
953 680 1014 736 sire
1027 680 1114 733 moritu

142 825 146 830 ,
171 766 234 818 sive
248 765 304 818 iam
317 769 463 830 mortuos,
481 759 585 832 idest,
603 769 653 814 aut
667 769 801 816 carentes
814 762 999 834 corporibus,
1012 769 1059 816 aut
1070 779 1114 832 eon

172 847 344 914 relicturos,
358 843 413 898 diis
426 841 635 898 immortalibus
650 851 845 916 anteponere,
858 843 963 917 quibus
977 843 1055 900 Deus
1067 862 1114 898 sun

171 924 247 1002 apud
260 925 414 988 Platonem
425 943 530 980 nrunus
543 925 664 1000 ingens,
679 924 910 981 indissolubilem
925 927 1037 981 scilicet
1048 928 1114 981 vitan

171 1019 232 1079 est,
269 1016 515 1064 aetornumcum
545 1008 605 1061 suis
633 1007 801 1079 corporibus
829 1011 1009 1064 consortium
1028 1009 1113 1080 ¹pellic

99 1099 101 1102 '
172 1091 288 1166 Optime
302 1098 399 1145 autem
412 1109 477 1145 eum
490 1087 655 1144 bominibus
669 1091 718 1164 agi
731 1090 888 1164 arbitratur
900 1091 979 1164 idem
990 1087 1086 1160 Plato,
1108 1107 1114 1143 ι

171 1193 238 1228 men
251 1172 327 1228 hanc
344 1174 434 1228 vitam
450 1173 498 1246 pie
516 1172 649 1244 iusteque
667 1174 853 1246 peregerint,
878 1182 911 1228 ut
924 1175 1014 1228 esuis
1028 1190 1114 1247 corpor

172 1256 313 1331 separati,
338 1253 370 1311 in
383 1253 512 1330 ipsorum
530 1252 666 1340 deorum,
692 1255 743 1328 qui
756 1271 808 1310 sua
820 1273 942 1328 corpora
954 1274 1114 1331 uunquam<

172 1348 257 1409 runt,
276 1335 458 1411 recipiantur·
472 1337 582 1392 sinum.
653 1389 656 1396 ,

255 1417 397 1476 Scilicet'
389 1435 571 1474 immemores
585 1436 690 1494 supera
703 1429 736 1474 ut
747 1438 880 1476 convexa
892 1422 1036 1494 revisant,

111 1565 114 1578 Ἀ
167 1575 170 1580 ,
254 1499 366 1580 Rursus
381 1511 410 1556 et
422 1502 565 1574 incipiant
578 1503 609 1556 in
624 1519 746 1576 corpora
757 1501 832 1557 velle
845 1497 964 1560 reverti.

152 1637 154 1642 ,
173 1583 258 1652 Quod
281 1569 424 1682 Virgilius
445 1599 482 1638 ex
504 1581 654 1640 Platonico
679 1571 813 1660 dogmate
836 1585 947 1641 dixisse
973 1586 1112 1643 laudatur.

94 1722 95 1726 ,
172 1667 277 1744 quippe
296 1665 407 1723 animas
424 1667 603 1736 mortalium,
631 1685 686 1721 nco
706 1669 737 1722 in
751 1670 811 1723 suis
827 1666 999 1756 corporibus
1012 1687 1115 1766 semper

105 1782 107 1786 ·
171 1770 257 1827 posse
271 1747 433 1820 existumat
461 1747 512 1802 scd
526 1750 629 1803 mortis
643 1752 818 1806 necessitate
832 1737 967 1822 dissolri,
994 1755 1114 1806 necsinr

29 1875 33 1882 .
105 1849 109 1855 ’
172 1832 291 1909 poribus
306 1833 411 1888 durare
423 1840 574 1928 perpetuo,
588 1831 638 1886 sed
652 1834 862 1912 alternantibus
877 1833 990 1890 vicibus
1003 1834 1114 1889 indesin

172 1919 257 1974 rivos
276 1933 314 1970 ex
332 1911 473 1984 mortuis,
500 1923 529 1968 et
543 1931 580 1967 cx
592 1931 667 1969 vrvrs
680 1924 813 1970 mortuos
827 1913 891 1970 ficri
903 1926 1004 1989 putat,
1030 1927 1114 1973 utar

107 2011 108 2014 ’
173 2001 214 2054 ris
228 1995 394 2053 hominibus
406 1995 460 2051 hoc
474 1995 630 2052 rideantur
644 1993 764 2054 differre
774 1999 937 2072 sapientes,
952 1999 1031 2072 quod
1046 2009 1109 2072 post

173 2092 233 2136 tem
245 2080 382 2136 feruntur
395 2078 430 2132 ad
445 2077 556 2149 sidera,
582 2087 615 2134 ut
634 2080 782 2154 aliquanto
798 2080 931 2136 diutius
923 2100 954 2135 ιιι
969 2091 1049 2137 astro
1063 2081 1114 2136 sibi

133 2229 134 2232 Ἴ
174 2179 248 2240 gruo
267 2160 387 2236 quisque
405 2162 587 2234 requiescat,
614 2169 699 2236 atque
712 2162 780 2216 inde
794 2181 894 2226 rursus
908 2165 1047 2220 miseriae
1060 2164 1114 2239 pris

175 2243 282 2306 oblitus
302 2251 332 2297 et
350 2242 507 2316 cupiditate
525 2239 650 2298 habendi
667 2247 795 2317 corporis
815 2247 910 2300 victus
924 2246 1027 2301 redeat
1039 2247 1075 2302 ad
1087 2248 1112 2301 la

174 2343 383 2400 aerumnasque
395 2325 577 2395 mortalium3
603 2325 647 2380 illi
666 2344 735 2381 vero
755 2329 804 2400 qui
819 2329 937 2382 stultam
949 2329 1114 2384 duxerintv

174 2409 210 2465 ad
228 2425 348 2481 corpora
360 2408 421 2461 suis
434 2408 545 2461 meritis
559 2403 670 2478 debita,
697 2407 758 2463 sive
776 2407 941 2480 hominum,
968 2413 1030 2466 sive
1046 2411 1114 2466 besti

174 2491 209 2546 (le
227 2487 360 2565 proximo
380 2491 576 2545 revolvantur.
619 2487 651 2545 ln
671 2489 725 2544 bae
743 2493 840 2567 itaque
860 2492 1016 2548 durissima
1037 2494 1114 2549 condi

19 2611 22 2620 ι
83 2635 93 2642 ,
174 2574 327 2629 constituit
340 2572 427 2628 otiam
440 2572 530 2626 bonas
544 2581 630 2646 atque
645 2573 790 2646 sapientes
804 2577 925 2645 animas,
940 2577 1045 2649 quibus
1060 2579 1114 2631 noa

174 2674 295 2730 corpora
308 2649 462 2711 distributa
477 2663 559 2750 sunt,
574 2673 639 2709 cum
652 2655 757 2728 quibus
772 2675 884 2742 sempor
894 2668 986 2732 atque
1000 2660 1114 2713 imnrort

173 2739 326 2810 virerent,
351 2745 384 2792 ut
401 2754 494 2810 neque
513 2737 544 2790 in
568 2736 736 2808 corporibus
754 2757 941 2811 permanere,
968 2759 1063 2815 neque
1077 2743 1114 2796 sir

174 2822 287 2921 possint
301 2823 332 2876 in
346 2829 465 2874 aeterna
477 2819 603 2891 puritate
618 2818 731 2874 durare.
774 2819 819 2876 Dc
833 2839 887 2896 quo
901 2821 1054 2898 Platonico
1068 2824 1114 2900 dog

173 2905 231 2963 iam
253 2905 285 2958 in
308 2901 389 2958 libris
414 2897 608 2973 superioribus
633 2901 773 2984 diximus,
800 2901 966 2960 Christiano
985 2916 1111 2980 tempore

172 2989 271 3046 buisse
281 2982 487 3058 Porphyrium,
507 2991 536 3036 et
550 3001 608 3038 non
623 2985 715 3038 solum
729 2976 763 3039 ab
778 2983 909 3042 humanis
924 2989 1029 3043 animis
1043 3007 1114 3043 remo

174 3087 294 3144 corpora
307 3066 478 3133 bestiarum,
491 3083 592 3118 verum
608 3067 694 3120 etiarn
705 3069 878 3139 sapientium
891 3071 1004 3124 animas
1019 3073 1060 3126 ita
1073 3071 1114 3126 vol

96 3149 100 3156 Χ
173 3152 208 3207 de
222 3149 368 3223 corporeis
382 3147 505 3202 nexibus
519 3147 652 3218 liberari,
675 3157 709 3202 ut
721 3167 824 3222 corpus
839 3169 924 3206 omne
937 3147 1086 3229 fugientes
1099 3153 1114 3207 b

173 3231 248 3307 apud
268 3231 402 3288 Patrem
390 3227 471 3284 sinc
492 3225 551 3284 fiac
573 3237 736 3285 teneantur.
780 3227 893 3306 ltaque
896 3252 934 3288 ae
953 3233 1101 3291 aChristo

172 3316 321 3371 videretur
339 3314 438 3368 vitam
446 3313 555 3366 sanetis
572 3313 728 3385 pollicente
745 3325 931 3398 perpetuam,
956 3319 1068 3372 ctiam
1059 3337 1114 3392 ipse

174 3407 257 3476 gatus
277 3395 387 3452 animas
407 3394 471 3448 sine
491 3394 550 3448 ullo
568 3392 603 3448 ad
623 3393 754 3450 miserias
773 3389 913 3470 pristinas
927 3399 1047 3456 reditu
1038 3419 1070 3454 ιιι
1083 3419 1114 3454 ae

175 3479 314 3534 felicitate
332 3475 497 3531 constituit:
524 3483 554 3529 et
572 3484 606 3531 ut
624 3473 740 3532 Christo
764 3479 985 3553 adversaretur,
1011 3501 1114 3537 resurr«

175 3577 242 3616 nens
256 3557 517 3632 incorruptlbilium
531 3573 688 3630 corporum
700 3577 833 3637 negans,
848 3581 907 3618 non
922 3566 1054 3620 solum'
1030 3571 1114 3619 sanet

175 3643 237 3712 nis,
264 3639 351 3697 sed
328 3657 391 3696 sure
405 3641 471 3694 ullis
485 3640 604 3694 omnino
619 3639 787 3713 corporibus
803 3659 851 3698 cas
866 3647 993 3701 asseruit
1006 3648 1036 3701 in
1050 3665 1114 3720 semp

174 3735 246 3778 ιιιιιιι
260 3737 324 3778 esse
337 3725 474 3779 victuras.
502 3720 564 3776 Nec
578 3729 675 3778 tamen
692 3723 746 3778 ista
760 3728 954 3801 qualicunque
967 3729 1114 3800 opinione¹

176 3807 253 3877 cepit
271 3807 373 3860 saltem
389 3823 426 3858 ne
443 3802 498 3859 diis
511 3807 672 3878 corporatis
683 3807 835 3884 roligionis
848 3809 987 3884 obsequio
1000 3811 1114 3866 subdere
