2324 4312
110 239 111 242 ’
175 225 478 287 ΒΕΌιιἿΤΑΤΕ
505 227 584 302 DEI
610 227 690 286 LlB.
715 227 793 286 XX.
910 231 996 290 vx305>

33 399 85 438 ssu
102 381 190 458 ignis.
210 375 257 438 =In
275 382 344 458 igne
361 382 436 438 caim
452 379 574 439 Domini
594 379 776 440 iudicabitur
794 383 886 440 omnis
899 391 996 454 terro,

33 505 34 514 a
59 463 164 540 gladio
183 466 246 521 eius
271 466 363 521 omnio
388 483 475 522 coro:
492 467 579 522 multi
602 465 753 522 volnerati
776 476 864 530 erunt
889 485 909 524 o
933 467 995 526 Do·

33 585 46 603 .
99 545 135 604 In
160 547 305 604 bonorum
320 549 516 626 promissione
542 544 591 623 [so
607 548 753 604 declinare
771 548 855 618 dicit,
869 545 915 628 ut]
941 548 996 606 flu-

44 631 151 706 pacis,
175 625 274 706 [quod]
292 629 421 710 profecto
441 631 646 689 abundantiam
663 632 742 706 pacis
765 632 843 706 illius
861 631 996 690 debemus

33 732 109 784 ere,
127 730 190 812 qua
194 716 288 770 maior
300 731 365 769 esse
377 731 438 771 nou
451 716 554 788 possit.
577 715 641 772 Hac
656 715 778 788 utiquc
769 733 801 771 ιιι
814 715 873 772 fine
884 713 998 794 rigabi-

58 791 96 853 de
109 815 166 873 qua
177 797 210 854 in
221 796 406 872 praecedenti
418 797 493 854 libro
507 796 689 858 abundanter
701 795 793 854 locuti
806 816 913 855 sumus.
931 799 996 856 Hoc

33 897 75 937 err
88 899 128 940 se
138 881 171 936 in
187 897 239 936 eos
258 880 404 936 declinare
408 880 510 977 dicit,
534 883 637 957 quibus
656 889 766 938 tantum
785 882 995 942 beatitudinem

33 974 135 1036 retur,
157 971 192 1019 ut
203 963 433 1041 intelligamus'
423 982 455 1020 ru
469 964 547 1019 illius
561 964 709 1020 felicitatis
722 965 855 1042 regione,
876 968 995 1041 quaein

33 1063 47 1100 ι
67 1056 125 1118 est,
140 1044 194 1103 boe
207 1045 326 1103 flumine
339 1047 440 1102 omnia'
450 1048 561 1104 satiari.
595 1046 655 1104 Sed
667 1047 734 1121 quia
748 1057 777 1103 et
791 1050 915 1105 terrenis
930 1063 995 1105 cor·

33 1146 82 1186 »us
96 1135 156 1204 pax
168 1130 393 1205 incorruptionis
408 1141 494 1205 atque
508 1131 736 1187 immortalitatis
756 1130 825 1187 inde
836 1128 930 1230 ι[ιίιιι]
948 1136 995 1188 in·

33 1251 39 1278 ‚
62 1213 130 1272 ideo
145 1214 300 1270 declinare
304 1232 336 1269 se
349 1211 420 1269 dicit
431 1211 486 1270 boo
499 1211 619 1286 flumen,
632 1221 666 1269 ut
677 1211 714 1268 de
727 1217 860 1288 supernis
874 1215 995 1290 quodam

33 1313 42 1346 ι
70 1298 160 1354 etiam
177 1296 320 1358 inferiora
336 1295 509 1371 perfundat,
530 1306 561 1354 et
572 1296 718 1354 homines
725 1299 860 1398 aequales
874 1297 995 1376 Angelis

33 1390 75 1436 ιι.
98 1379 298 1442 Hierusalem
315 1397 445 1455 quoque,
468 1397 529 1438 non
546 1382 627 1436 illam
645 1397 720 1455 quae
738 1381 831 1436 servit
849 1399 913 1437 eum
926 1381 995 1438 filiis
1088 1405 1091 1412 s

47 1463 105 1520 sed
116 1462 239 1520 liberam
251 1472 374 1520 matrem
386 1472 516 1520 noemam
528 1465 738 1541 intelligamus,
753 1463 910 1520 seeundum
919 1464 995 1539 Apo-

33 1561 81 1617 ni,
96 1548 292 1604 aeternamm
305 1547 404 1604 coelis.
432 1546 476 1604 Ibi
489 1547 680 1623 postlabores
693 1563 896 1603 aerumnarum
909 1567 994 1603 curo·
1059 1613 1060 1616 Ἴ
1118 1557 1120 1564 ’

33 1644 86 1701 [ue
98 1632 264 1688 mortalium
277 1630 508 1702 consolabimur,
534 1641 672 1705 tanquam
687 1630 803 1704 parvuli
816 1632 878 1686 eius
893 1632 925 1687 in
938 1629 994 1687 hu·

33 1727 48 1766 a
65 1715 250 1791 genibusque
264 1715 381 1788 portati.
415 1712 514 1772 Rudes
527 1715 606 1772 enim
623 1731 677 1770 nos
690 1721 721 1768 et
733 1731 824 1770 novos
838 1713 994 1770 blandissi·
1062 1778 1069 1802 Ι

33 1797 189 1854 adiutoriis
202 1799 320 1872 insolito
332 1797 418 1854 nobis
431 1799 482 1854 illa
495 1796 641 1857 beatitudo
654 1797 803 1870 suscipiet.
825 1796 869 1853 lbi
884 1796 993 1854 ridebi-

33 1899 36 1932 5
51 1890 84 1937 et
97 1873 301 1959 gaudebitfeor
313 1890 455 1938 nostrum.
489 1879 551 1938 Nee
565 1881 709 1956 expressit
718 1879 795 1954 “quid
805 1921 806 1932 ι
817 1879 992 1938 videbimus:
1036 1951 1037 1958 ι

33 1965 110 2035 wid,
123 1960 308 2020 uisiDeumi
321 1973 355 2020 ut
365 1962 518 2039 impleatur
530 1966 562 2021 in
575 1963 659 2022 nobis
672 1965 844 2038 promissum
855 1962 992 2041 Evange-

33 2061 65 2138 ι,
88 2045 183 2105 Beati
197 2048 302 2105 mundo
320 2050 425 2119 corde,
441 2051 579 2125 quoniam
597 2047 658 2127 ipsi
674 2045 769 2104 Deum
785 2046 939 2120 videbunt3
964 2055 993 2103 et

33 2127 60 2185 'la
72 2133 136 2202 illu,
151 2147 224 2205 quae
238 2149 317 2188 nunc
330 2149 390 2188 uon
403 2131 549 2230 ιιιιιιιιιιιι,
569 2131 720 2188 credentes
733 2139 842 2201 autem,
865 2149 917 2204 pro
930 2148 992 2186 mo-

40 2214 215 2290 capacitatis
225 2213 377 2286 humanae,
390 2217 479 2294 longe
490 2217 587 2272 minus
600 2232 686 2291 quam
698 2223 768 2272 sunt
779 2216 890 2289 atque
880 2232 992 2271 rneom·

33 2291 132 2354 biliter
146 2298 317 2375 cogitamus.
350 2297 392 2355 Et
404 2299 671 2376 videbitis,'1nquit,
684 2307 715 2355 et
725 2297 867 2374 guadebit
881 2317 931 2356 eor
942 2317 992 2356 oe-

33 2393 65 2438 ιι.
84 2379 145 2438 Hie
158 2379 287 2451 creditis,
300 2381 342 2438 ibi
353 2381 498 2438 videbitis.
836 2400 837 2403 ’

33 2457 85 2528 led
98 2465 237 2540 quoniam
250 2465 335 2536 dixit,
348 2463 389 2521 Et
398 2464 541 2541 gaudebit
551 2482 601 2521 cor
614 2450 761 2522 vestram·
774 2483 812 2521 ue
824 2475 992 2540 putaremus

33 2559 104 2606 lona
117 2546 304 2608 Hierusalem
323 2548 360 2604 ad
378 2557 514 2606 nostrum
531 2545 729 2604 tantummodo
747 2549 883 2619 spiritum
901 2551 992 2622 perti-

35 2641 45 2696 3
72 2631 117 2690 Et
130 2647 215 2702 osso,
233 2633 339 2707 inquit,
353 2641 456 2690 oestro
468 2641 503 2688 ut
515 2629 606 2689 terta
620 2630 808 2688 exoriantur:
830 2631 881 2686 ubi
893 2650 991 2688 resur-

33 2728 125 2773 ⁰mem
138 2731 293 2788 corporum
306 2716 441 2786 strinxit,
466 2717 549 2771 velut
561 2714 640 2790 quod
651 2731 712 2770 non
725 2712 842 2769 dixerat
853 2712 991 2772 reddens:

33 2813 55 2852 e
69 2801 228 2857 enimcum
240 2800 409 2869 viderimus,
419 2798 472 2854 fiet
485 2793 583 2877 [licut]
592 2812 600 2870 3
610 2797 662 2853 sed
674 2809 739 2852 eum
752 2796 842 2853 fuerit
856 2792 991 2874 [fuerint]
1075 2829 1076 2832 =
1095 2811 1099 2814 ·

33 2899 49 2948 a
63 2882 239 2941 videbimus.
260 2881 334 2940 Nem
348 2891 378 2939 et
391 2881 427 2938 de
439 2883 522 2939 coelo
537 2899 614 2939 noso
628 2899 661 2937 ae
674 2889 754 2937 terra
772 2895 848 2937 nova
867 2882 925 2936 ianr
942 2899 992 2937 su-

33 2957 156 3038 dixerat,
167 2965 235 3023 dum
247 2985 281 3024 aa
294 2985 368 3042 quae
381 2967 489 3023 mustis
502 2967 711 3040 promittuntur
722 2965 755 3021 iu
766 2962 840 3037 fine,
854 2981 946 3038 saepe
959 2982 993 3020 ac

32 3043 181 3108 {formiter
194 3050 317 3107 diceret:
330 3049 760 3125 Erst‚1uqu1t,eoelomnovam
770 3057 895 3104 elterrc
907 3065 992 3117 novo,
1098 3055 1102 3134 ι

33 3143 64 3190 lm
78 3145 169 3194 erunt
178 3151 318 3191 memores
325 3135 476 3212 priorum,
487 3151 540 3190 nec
549 3132 755 3189 adscendent
742 3151 772 3187 m
784 3132 992 3210 conopeorum:

33 3209 177 3276 aetitiam
189 3226 220 3275 et
230 3217 456 3275 exaultationem
469 3217 644 3274 invenient
630 3235 661 3272 m
673 3233 716 3272 cc
731 3211 991 3290 Ecoeegofociom
1005 3233 1008 3242 ⁴

33 3300 153 3358 msulem
167 3299 403 3370 exsultationem,
416 3309 447 3356 et
454 3299 597 3397 pupulam
609 3317 701 3356 meum
715 3297 880 3380 laetitiam,¹
899 3306 929 3352 et
943 3313 994 3351 ee-

33 3379 76 3441 lbo
90 3385 123 3440 im
136 3381 337 3452 Hierusalem,
355 3393 386 3439 et
398 3382 557 3439 laetabor
544 3402 576 3438 m
583 3381 694 3460 populo
707 3396 783 3452 meo,·
798 3387 828 3435 el
840 3379 923 3436 ultro
936 3397 994 3434 non
1070 3445 1072 3450 ι

33 3478 105 3524 etur
119 3466 404 3541 insllcvorfletus
418 3473 586 3534 stracten,
600 3481 674 3539 quac
687 3461 850 3538 qaudamad
863 3464 994 3518 carnales
1041 3497 1042 3504 ι

46 3551 131 3606 mille
144 3567 239 3606 anuos
262 3548 372 3605 referre
390 3557 543 3606 conantur.
570 3545 747 3604 locutiones
770 3545 850 3601 enim
867 3544 995 3617 tropicae

33 3633 88 3690 riis
102 3630 272 3708 prophetico
289 3649 370 3688 more
388 3634 562 3688 miscentur:
588 3637 622 3686 ut
633 3629 669 3685 ad
682 3630 865 3685 intellectum
878 3628 995 3702 spirite·
1053 3697 1061 3714 ,

33 3712 281 3774 intentiossobria
299 3731 366 3772 cum
382 3714 505 3790 quodam
521 3713 589 3770 utili
609 3730 644 3768 oe
658 3711 765 3768 salubri
779 3711 877 3768 labore
889 3727 993 3784 perve-

33 3799 179 3876 :pigritia
189 3815 260 3856 vcro
274 3799 415 3868 earnalis,
437 3797 487 3855 vel
504 3794 669 3856 ineruditae
678 3805 769 3870 atquc
781 3795 994 3852 inexercitatae
1054 3844 1057 3858 ,

33 3876 89 4016 dm
102 3882 210 3940 ruentis
224 3887 362 3940 contenta
379 3883 481 3940 literae
494 3877 661 3956 superficie,
681 3878 761 4020 dihss
774 3885 858 3950 putat
870 3877 999 3950 interius
