2400 4312
164 209 280 278 ΒΕ
300 203 518 270 clvlr'nln
531 207 621 280 DEI
642 209 724 272 ΒΙΒ.
746 210 837 270 VIII.
896 281 899 288 ¹
984 215 1045 272 243

34 363 58 414 Β
68 353 76 406 ἶ
93 374 156 414 noun
165 366 185 414 et
194 359 234 418 llir
245 371 271 418 et
281 329 464 434 hominibus,
483 327 567 420 ΒίΒΒ
565 364 657 438 petita
671 381 722 438 qur
712 365 880 448 'allegent,
894 361 962 420 inde
976 381 1046 420 con·
1127 363 1132 384 ⁸

34 447 70 513 plu
91 443 183 515 magur
192 455 338 520 apportent
352 446 632 504 ntvidelic‘cthomo
650 455 765 518 castus,
781 441 852 503 etob
867 449 976 502 artium
986 465 1047 530 ma·

87 525 173 618 giorum
188 523 323 584 sceleribu's
349 530 479 598 alienus,
506 547 556 586 cos
573 537 712 603 patronos
732 486 883 599 adhibeat,
909 546 962 603 per
975 524 1047 604 quo'r

34 607 43 656 J
61 665 62 676 ,
85 597 174 661 ilunlii
184 611 335 682 exaudiant,
361 630 411 702 qur
402 611 495 668 hoec
508 621 625 683 amant,
650 630 724 686 qnae
738 614 788 668 ille
800 630 860 668 non
874 611 999 667 amando
1012 611 1045 668 lit
1067 641 1073 678 f

55 697 56 700 ’
84 687 189 784 Iguiorg
189 711 239 749 ueuu
259 695 374 756 facilius
397 692 431 772 'et
446 685 586 751 libentius
605 695 744 751 exaudire
762 695 895 751 debeant
938 695 1070 750 Amant'

35 806 44 835 ι
67 772 159 848 {quippe
165 775 198 830 illi
216 779 342 834 scenicas
366 776 583 852 turpitudines,
608 795 679 852 quas
702 796 764 846 uon
791 786 870 834 amat
887 777 1044 852 pudicitia.
1104 805 1131 846 5

77 859 166 910 mant
159 875 182 913 Β
198 861 336 920 meleficiis
359 877 512 938 magorum
534 863 614 918 mille
633 861 761 918 nocendi
779 845 873 931 ΒΒΒΒ,
899 878 970 958 quas
985 879 1052 916 non-

73 946 128 992 tmt
142 940 291 1000 innocentia.
333 943 427 1021 Ergo
435 954 465 1000 et
481 943 623 1016 pudicitia
643 952 673 998 et
694 944 880 1014 innocentia,
906 945 931 998 si
945 942 1046 1018 quida
1070 957 1071 962 ’

34 1024 42 1082 l
62 1019 399 1106 ditiupcmrevoluerit,
425 1045 485 1083 non
498 1027 680 1101 poteritsuis
693 1027 822 1097 meritis,
849 1027 908 1082 nisi
921 1029 981 1082 suis
997 1027 1045 1081 in-
1097 1041 1098 1044 ’
1130 1063 1131 1066 =

48 1147 49 1152 ,
66 1107 270 1165 terreuientibus
260 1103 397 1170 rniniicis
420 1108 487 1166 Non
502 1109 635 1184 estquod
650 1111 705 1164 iste
718 1111 832 1183 poetica
844 1108 997 1186 figmenta,
1016 1118 1047 1164 et

64 1175 167 1246 theatrico
177 1192 291 1248 ludibria
303 1192 465 1248 iustificare
479 1201 611 1249 conetur
631 1191 787 1248 Habemus
802 1201 903 1248 ΒΒΒΒΒ
915 1194 971 1246 ista
984 1209 1045 1248 ma-

58 1272 152 1346 gistrum
163 1293 251 1331 rorum
265 1284 295 1330 et
308 1285 408 1332 tautae
421 1276 496 1350 apud
507 1294 560 1330 eos
574 1276 758 1331 auctoritatis
772 1259 939 1331 Platonem:
954 1275 979 1330 si
992 1291 1046 1348 pu·
1136 1299 1139 1304 ¹

35 1377 39 1388 =
57 1353 95 1408 lar
104 1353 244 1414 humanus
235 1359 326 1420 rtade
340 1377 371 1414 se
385 1361 461 1414 male
473 1367 618 1429 meretur,
642 1368 675 1413 ut
687 1361 854 1414 nouaclum
866 1356 972 1436 diligat
983 1366 1045 1412 tur-
1089 1377 1096 1382 ·

54 1439 99 1510 pia,
119 1443 304 1498 verumetiam
317 1443 406 1497 etiam
419 1441 567 1508 dirinitati
582 1441 731 1496 existimet
743 1441 837 1517 gnita.
1085 1431 1090 1448 ‘

388 1579 510 1648 ΟΒΡ.
553 1583 666 1646 XIX.

67 1681 123 1766 De
113 1685 244 1755 amplctere
257 1687 328 1740 artie
343 1687 479 1756 magices,
494 1702 567 1767 'quoe
577 1685 734 1754 patrocinio
749 1659 851 1738 nititur
865 1655 1011 1760 spirituum
1060 1745 1061 1750 ἵ
1132 1693 1134 1699 ’

434 1755 648 1826 malignorum

84 1859 166 1918 Porro
178 1861 316 1920 adversus
330 1863 459 1960 magicas
473 1869 566 1952 artes,
580 1863 615 1918 de
629 1859 732 1937 quibus
746 1828 929 1935 quosdam
899 1863 985 1916 nrmis
998 1863 1045 1918 in-

38 1943 116 2001 lrlices
130 1955 158 2001 et
171 1949 258 2002 nimis
271 1937 376 2018 impios
392 1939 481 2000 etlam
490 1947 635 2022 gloriari
628 1942 716 2016 libet,
732 1963 832 2000 nonne
846 1947 939 2018 ipsam
951 1946 1045 2018 publi·
1051 1987 1052 1990 η

37 2045 83 2083 cam
93 2031 183 2088 lucem
195 2039 299 2084 testem
318 2025 452 2084 citabol
460 2027 610 2084 curcurim
621 2037 683 2083 tarn
697 2029 828 2105 graviter
841 2029 899 2082 isto
911 2029 1042 2101 plectun-

36 2117 71 2166 tur
80 2114 230 2168 sereritatc
242 2114 357 2188 legum,
375 2111 401 2166 si
416 2129 504 2185 opero
518 2119 587 2167 sunt
600 2112 754 2168 numinum
768 2106 974 2165 colendoruml
999 2111 1046 2166 An

34 2192 90 2249 lorte
101 2198 169 2251 istas
183 2197 266 2274 leges
280 2193 439 2253 Christiani
453 2195 662 2265 instituerunt,
689 2194 795 2292 qulbus
813 2197 891 2248 artes
913 2195 1044 2270 magicae

34 2275 188 2348 puniuntorl
216 2276 386 2350 Secundum
399 2295 484 2351 quern
497 2279 586 2332 alium
597 2278 797 2345 sensum-nisu
788 2275 885 2351 quod
897 2275 968 2331 haee
981 2295 1044 2332 ma-

34 2359 106 2416 leieia
117 2378 221 2438 generi
212 2359 360 2420 humane
373 2361 547 2436 perniciosa
541 2377 616 2415 esse
630 2378 691 2415 non
704 2358 824 2415 dubium
834 2368 889 2428 est,
903 2362 1045 2434 aitpoeta
1117 2377 1121 2384 ‘

34 2443 201 2508 thrirsimus.
555 2469 556 2474 ¹
600 2477 605 2488 ·

94 2525 200 2586 Testor·
213 2543 282 2582 carr
288 2521 382 2596 deos,
404 2534 434 2580 et
446 2533 476 2582 te
489 2541 644 2603 germano,
657 2534 795 2598 tuumque
846 2547 849 2554 ¹

92 2608 184 2666 Dulce
198 2617 300 2682 caput,
313 2611 443 2688 magicas
458 2611 581 2666 inritam
593 2609 741 2684 accingier
756 2604 902 2672 artesl

34 2685 84 2747 llud
93 2693 179 2748 etiam
194 2692 271 2768 qnod
284 2693 341 2747 alio
355 2693 419 2748 loco
434 2688 469 2746 de
483 2691 529 2748 his
543 2692 653 2748 artibus
667 2690 753 2747 dicit.

92 2776 186 2851 Atque
200 2783 279 2831 satas
293 2776 350 2830 alio
362 2775 424 2832 ridi
436 2769 590 2830 traducere
603 2790 726 2829 messes:

34 2873 55 2910 eo
70 2858 144 2933 quud
159 2858 215 2914 hee
233 2859 375 2932 pestifera
395 2860 593 2940 scelerataque
615 2857 748 2912 doctrino
766 2833 877 2912 fructus
897 2857 1020 2913 alieni
1010 2877 1042 2914 un

34 2940 82 2995 ullas
93 2952 188 2998 terras
201 2941 357 3018 transferri
370 2935 571 3014 perhibentur.
586 2935 715 2996 Nonne
706 2957 738 2994 rn
752 2937 904 2996 duodecim
911 2919 1043 3013 Tabulis,

34 3022 111 3096 let,
138 3023 341 3082 Romanorum
358 3025 569 3098 antiquissimis
586 3019 739 3100 legibus
717 3020 818 3078 Cicero
837 3032 1044 3079 commemorat

34 3123 74 3162 'ste
86 3109 301 3182 conscriptum,
316 3116 347 3162 et
360 3108 388 3161 ei
401 3124 450 3181 qur
442 3103 518 3162 'hoc
532 3106 638 3162 lecerit
648 3083 821 3179 supplicium
832 3101 1043 3162 coustitutnml
1076 3125 1078 3130 ¹
1090 3165 1092 3174 ,

34 3185 160 3248 ’ochema
184 3190 247 3266 ipse
264 3190 402 3264 Apuleius
427 3188 568 3264 numquid
592 3185 667 3262 apud
682 3188 798 3243 iudices
812 3187 993 3246 Christianos
1007 3186 1043 3241 de
1123 3237 1138 3252 f

34 3276 129 3350 agnis
143 3273 257 3340 ertiluus
267 3267 497 3329 accusatusestl
525 3274 603 3340 Quas
615 3272 715 3346 utique
728 3271 784 3326 sibi
797 3271 943 3340 obiectas,
958 3287 984 3323 Β
975 3268 1041 3324 di-

34 3354 89 3412 inar
107 3370 138 3415 ct
157 3358 221 3432 pias
240 3373 305 3412 esse
324 3363 463 3426 noverat,
490 3364 520 3410 et
532 3355 696 3410 divinarum
710 3363 886 3428 potestatum
906 3351 1042 3424 operibus
1072 3373 1073 3376 ¹

34 3455 171 3517 capum,
198 3458 260 3496 non
273 3440 369 3506 solum
383 3455 431 3493 ces
445 3437 582 3494 confiteri
594 3437 707 3507 debuit,
733 3437 785 3492 sed
798 3438 886 3494 etlam
900 3433 1050 3507 profiteri,¹
1101 3459 1103 3464 ¹

34 3537 86 3598 'ger
100 3525 223 3598 culpans
237 3523 350 3596 potius,
373 3507 477 3595 quibus
487 3517 560 3576 ΒΒΒΒ
573 3519 814 3595 prohiberentur,
838 3525 868 3572 et
879 3516 1050 3572 damnanda-

34 3613 196 3677 tutarentur,
224 3623 298 3681 quae
312 3602 414 3661 haberi
427 3602 559 3664 miranda
572 3612 602 3657 et
613 3600 781 3659 veneranda
795 3607 951 3674 oporteret.
996 3598 1043 3656 Ita

34 3689 85 3744 uim
96 3692 145 3746 vel
158 3689 339 3746 sententiam
352 3705 435 3742 suam
446 3686 635 3760 persuaderet
653 3684 831 3753 iudicibus,
838 3684 886 3738 vel
899 3683 981 3737 suilli
994 3701 1040 3740 se-

34 3771 154 3830 undurn'
145 3773 263 3847 miqunr
277 3773 359 3846 leger
373 3778 525 3845 saperent,
548 3785 671 3842 eumque
684 3764 982 3824 teliaecraedicantem
995 3775 1040 3822 at-

34 3872 63 3910 re
76 3855 243 3936 laudantem
255 3862 350 3926 morte
365 3854 555 3924 mulctarent,
563 3850 653 3930 digua
665 3851 785 3908 eulnrne
778 3845 875 3909 illius
888 3842 1052 3916 daemones
1152 3893 1159 3900 .

692 3936 753 4008 (22
