2362 4320
47 263 48 266 a
118 183 208 286 ‘sar
337 189 655 276 numerarem
686 178 940 274 avousrmr
1060 217 1062 222 ’

65 490 67 496 ·
122 469 192 527 tem,
207 475 278 530 quos
290 457 332 509 illi
342 455 410 510 deos
424 452 561 508 libentius
576 455 731 527 appellant,
744 454 857 508 etiamsi
871 452 1010 509 adhibent
1021 455 1063 508 rel
1075 454 1127 507 iussi
1162 472 1163 475 ¹

121 544 169 598 vel
182 540 315 614 permissi
329 538 525 610 operationem
540 555 622 591 suam
632 537 718 592 rebus
730 553 803 610 quae
813 537 980 612 gignuntur
992 539 1023 592 in
1032 535 1127 605 mundo,

121 632 220 678 tamen
243 632 302 678 tam
320 639 379 676 non
397 637 446 675 eos
466 619 587 678 dicimus
610 629 758 684 creatores
782 619 1076 695 animalium-quam
1089 639 1127 676 ree

121 693 264 784 agricolas
277 703 394 780 frugum
407 711 492 776 atque
505 703 650 772 arborum.
1158 712 1163 719 “

123 949 232 1005 ornnem
252 946 399 1017 [Omnium]
419 958 547 1001 naturam
562 957 589 999 et
604 965 704 1001 ornnem
724 947 862 1014 [omnium]
882 946 997 1016 speeiem
1015 949 1126 1016 uniretur
1160 980 1161 983 =

177 1021 180 1026 ’
352 1028 496 1070 creaturae
510 1035 561 1070 non
572 1019 625 1070 nisi
636 1035 713 1098 opere
723 1017 778 1070 Dei
787 1019 920 1090 formari.

184 1124 257 1181 Cum
276 1126 353 1181 enim
372 1127 429 1180 alia
446 1127 485 1180 sit
503 1125 613 1198 species
632 1141 705 1198 quae
722 1124 873 1182 adhibetur
889 1119 1071 1182 extrinsecus
1084 1124 1125 1180 cui·

122 1228 236 1284 cunque
258 1211 397 1266 materiae
420 1209 577 1281 corporali,
603 1208 679 1262 sicut
697 1219 854 1282 operantur
871 1207 1007 1266 homines
1021 1209 1125 1287 figuliet
1148 1202 1149 1205 ¹

121 1295 196 1354 fabri
207 1301 294 1365 atque
304 1289 334 1346 id
344 1310 436 1369 genus
447 1291 574 1364 opifices,
589 1291 645 1364 qui
651 1292 738 1347 ctiam
750 1294 878 1369 pingunt
891 1303 922 1348 et
936 1292 1074 1370 effingunt
1085 1287 1126 1347 ior?
1153 1314 1181 1380 Ἰ

120 1377 304 1448 nrassimiles
323 1373 492 1448 corporibus
509 1375 690 1444 animalium3
718 1377 775 1431 alia
790 1389 861 1431 vero
881 1394 956 1450 quae
974 1378 1124 1432 intrinsecas
1152 1408 1181 1485 μ

121 1461 276 1516 efficientes
291 1476 391 1514 causas
405 1456 512 1513 habent
525 1457 560 1512 de
575 1467 686 1512 secreto
706 1467 736 1514 et
752 1461 865 1526 oeeulto
884 1468 1008 1514 naturae
1025 1459 1123 1516 vicem
1133 1475 1142 1520 j
1151 1492 1181 1547 Ι

121 1554 209 1618 atque
224 1542 417 1619 intelligentis
431 1537 561 1614 arbitrio,
577 1558 649 1616 quae
659 1559 718 1596 non
730 1544 824 1597 solum
835 1544 986 1598 naturales
1002 1558 1124 1616 eorponm
1153 1556 1181 1571 Γ

120 1629 241 1700 speeies,
255 1627 458 1690 verumetiam
471 1625 547 1698 ipsas
562 1625 751 1681 animantium
762 1627 884 1694 animas,
899 1619 968 1680 dum
978 1645 1038 1680 non
1050 1625 1087 1694 fit,
1098 1623 1123 1678 lr·
1151 1640 1154 1647 ⁴

119 1715 174 1766 eit:
192 1707 355 1782 supradicta
369 1709 418 1763 illa
432 1708 542 1780 speeies
558 1704 717 1762 artificibus
733 1703 893 1781 quibusque
907 1707 1066 1779 tribuatur;
1077 1705 1123 1762 hau
1145 1718 1148 1781 ξ

120 1804 217 1850 autem
232 1793 325 1846 altera
339 1809 398 1847 non
412 1791 470 1844 nisi
484 1791 536 1844 uni
550 1789 655 1844 artifici
670 1791 795 1846 creatori
809 1799 838 1844 et
850 1787 1000 1846 conditori
1013 1791 1082 1860 Deo,
1093 1786 1123 1862 qui
1145 1808 1146 1811 ¹

119 1876 258 1932 muudum
273 1875 367 1947 ipsum
380 1883 409 1928 et
422 1874 541 1948 angelos
556 1874 619 1927 sine
633 1873 691 1926 ullo
708 1861 814 1930 mundo
829 1883 858 1928 et
878 1875 942 1930 sine
958 1872 1025 1930 ullis
1039 1873 1122 1950 angeli!

87 2017 89 2026 x
119 1959 200 2014 fecit.
225 1958 287 2022 Qua
302 1958 379 2012 enim
391 1957 421 2022 ui
436 1956 545 2025 divina⁷
560 1964 599 2025 et,
614 1964 646 2010 ut
659 1956 700 2010 ita
714 1954 823 2027 dicam,
838 1954 987 2028 effectiva,
1002 1953 1126 2032 quaefieri'
1165 1978 1181 1989 -

119 2043 229 2109 nescit,
253 2037 423 2105 rediscere,
438 2039 552 2111 accepit
565 2039 699 2112 speciem,
715 2056 779 2094 eum
792 2038 918 2096 mundus
932 2040 1033 2110 fieret,
1046 2050 1122 2096 rotun·
1159 2056 1181 2071 a

55 2139 58 2158 ’
120 2125 196 2180 ditas
212 2123 284 2176 coeli
298 2130 327 2175 et
339 2119 501 2175 rotunditas
516 2120 600 2190 solis3
615 2120 713 2176 eadem
722 2123 753 2177 vi
764 2119 862 2178 divina
874 2132 903 2177 ct
917 2121 1060 2195 effectiva,
1071 2135 1121 2196 quat

119 2207 184 2262 fieri
197 2205 303 2272 nescit,
323 2203 373 2258 sed
391 2203 502 2273 facere,
527 2203 637 2277 aceepit
650 2205 774 2278 speeiem
786 2205 952 2261 rotunditas
968 2208 1044 2262 oculi
1057 2219 1082 2260 et
1091 2220 1121 2258 ra·

119 2287 248 2343 tunditas
262 2287 350 2359 pomi,
366 2296 394 2340 et
408 2295 538 2340 caeterae
548 2286 660 2362 figurae
671 2290 815 2346 naturales
830 2307 900 2363 quus
915 2289 1044 2354 videmus
1057 2290 1083 2343 in
1092 2303 1121 2341 re-

101 2411 102 2414 =
119 2371 173 2426 bus
187 2366 346 2443 qrdbusque
360 2369 616 2426 nascentibusnon
632 2371 813 2426 extrinsecus
828 2365 971 2444 adhiberi,
985 2369 1035 2444 sed
1047 2372 1123 2427 intim
1153 2382 1165 2405 ’ῑ

120 2452 267 2510 Creatoris
279 2455 419 2525 potentia,
435 2453 484 2525 qui
499 2451 588 2534 dixit,
608 2451 722 2510 Caelum
736 2463 765 2510 et
779 2464 892 2510 terram
906 2475 960 2530 ego
975 2445 1088 2532 impleo:
1106 2456 1122 2502 tl

47 2591 49 2598 ,
120 2537 202 2592 cuius
215 2536 357 2608 sapientia
368 2544 413 2590 est
425 2553 497 2609 quoe
508 2535 634 2610 attingit
648 2554 667 2590 ct
673 2535 739 2606 fine
753 2554 843 2612 respue
857 2537 1000 2608 adfinem
1006 2539 1122 2610 fortiter,

104 2615 105 2620 ¹
120 2629 149 2676 et
163 2619 293 2694 disponit
307 2619 402 2674 omnio
413 2619 554 2674 suaviter.
569 2612 695 2673 Proinde
708 2618 779 2674 faeti
791 2621 926 2692 primitus
940 2624 1039 2698 angeli
1052 2621 1122 2676 euius·

119 2700 198 2758 modi
211 2703 406 2756 ministerium
418 2701 605 2774 praebuerint
618 2699 751 2768 Creatori
770 2714 885 2760 caetera
898 2704 1021 2760 facienti
1034 2703 1123 2768 nescim

119 2803 174 2840 nec
189 2783 315 2840 tribuere
329 2785 386 2839 illis
401 2782 491 2839 audeo
510 2783 587 2856 quod
603 2782 678 2858 sorte
691 2803 753 2839 nou
767 2794 900 2859 possunt,
925 2806 980 2842 nee
996 2787 1080 2844 debeo
1091 2785 1123 2839 dt·
1146 2791 1147 2796 ’

44 2931 52 2945 ¹
77 2875 79 2880 ’
118 2886 225 2945 rogare
238 2867 314 2940 quod
326 2875 457 2940 possunt.
478 2861 661 2921 Creationem
674 2876 776 2947 tomen¹
786 2869 1043 2946 conditionemque
1055 2867 1124 2924 omni·
1171 2902 1181 2909 2-

101 398 103 412 ·
123 372 242 431 credere
256 390 290 428 ac
304 347 410 441 dicere,
425 371 512 426 etiam
525 379 594 426 aute
608 387 693 443 quam
706 371 798 444 possit
809 369 947 447 intelligi.
982 368 1080 446 Angeli
1091 388 1128 426 au·
1158 0 1181 715 ἔ

1156 824 1181 1145 ἐ

18 2957 20 2962 ’
96 2999 99 3004 .
118 2960 167 3005 mn
180 2959 396 3022 naturamque
408 2948 442 3004 lit
458 2959 491 3004 ut
504 2951 621 3004 omnino
636 2959 757 3004 naturae
771 2951 847 3021 sint,
862 2953 904 3006 eis
919 2969 1035 3028 quoque
1047 2953 1124 3008 laven·

118 3034 195 3089 tibus
210 3033 252 3086 illi
266 3031 327 3086 Deo
345 3033 456 3108 tribuo,
483 3033 531 3086 cui
550 3047 582 3086 se
599 3034 687 3087 etiam
704 3033 759 3111 ipsi
779 3033 882 3115 debcpe
904 3036 982 3109 quod
1001 3047 1067 3092 sunt
1081 3050 1126 3090 cun
1160 3064 1163 3071 ,

32 3121 37 3138 '
119 3118 278 3194 gratiarum
301 3117 416 3170 actione
435 3123 590 3170 noverant.
614 3114 680 3170 Non
700 3112 906 3194 solumigitur
925 3121 1126 3196 agricolarum
1158 3078 1181 3222 Ε

119 3200 240 3255 dicimus
254 3197 399 3253 lurotuum
413 3199 588 3273 quorumque
604 3208 761 3270 creatores,
789 3209 854 3256 culn
876 3201 1027 3278 legamus,
1051 3201 1127 3277 Neqtt

119 3282 299 3360 quipluatot
315 3292 360 3338 ert
374 3283 503 3358 aliquid,
525 3297 615 3357 neque
629 3284 784 3358 quirigat,
806 3285 859 3340 red
871 3287 923 3361 qui
943 3289 1128 3343 incrementat

120 3367 173 3422 dat
186 3365 268 3421 Deus
274 3383 285 3419 .·
299 3364 349 3419 sed
361 3385 398 3420 ne
407 3367 499 3438 ipsam
513 3364 627 3440 quidem
640 3369 905 3441 terram,=quomris
918 3380 1013 3425 mater
1022 3357 1129 3425 annila

87 3441 90 3446 ’
118 3447 262 3504 foecunda
273 3443 415 3519 uideatur,
423 3466 497 3522 quac
505 3443 683 3526 germinibus
692 3452 871 3522 erumpentia
880 3463 1046 3524 promovet,
1057 3449 1129 3507 ofin
1178 3494 1181 3495 γ

118 3532 263 3587 radicibus
277 3533 424 3602 continet,
450 3550 517 3586 cum
534 3530 634 3588 itidem
647 3533 791 3609 legamus:
818 3531 902 3590 Deus
916 3536 965 3592 itti
978 3539 1129 3611 detcorptt

120 3617 257 3689 quomodo
269 3615 406 3685 uoluerit,
424 3621 454 3671 et
468 3611 621 3690 unicuique
634 3617 773 3671 seminum
779 3621 1069 3695 propriumeorpus.
1099 3613 1130 3668 lit
1171 3654 1172 3661 ι

119 3715 173 3750 nec
187 3695 324 3764 feminam
342 3701 387 3753 sui
404 3699 549 3773 puerperii
568 3701 738 3754 creatricem
756 3702 900 3773 appellare
921 3700 1072 3770 debemus,
1094 3690 1131 3752 etl

117 3780 213 3851 potius
228 3781 308 3842 illum
320 3783 370 3853 qui
382 3781 495 3858 cuidam
508 3799 560 3834 suo
570 3781 676 3837 famulo
691 3781 778 3838 dixit:
793 3781 883 3839 Prius
895 3803 982 3860 paam
994 3775 1130 3856 tesam·

118 3879 179 3916 rem
202 3862 231 3916 in
255 3872 355 3934 utere,
382 3867 450 3920 noui
467 3875 504 3920 te.
549 3862 588 3920 Et
606 3867 738 3940 quamvis
758 3868 855 3923 anima
873 3870 917 3924 sic
931 3871 979 3925 vel
993 3863 1130 3925 sicaffeco
1172 3900 1174 3903 ·
