2362 4320
13 251 16 290 :
74 283 93 302 w,
175 174 798 271 usmvrrnrsnmnnnxu.
838 242 853 289 ·.
945 213 1004 276 375
1065 237 1067 240 ·

27 369 72 417 tue
82 361 230 434 condiderit,
258 381 325 420 cum
344 364 407 419 sine
421 363 480 420 illis
496 379 533 418 ex
552 363 732 441 aeternitate
739 364 829 420 'initio
843 371 963 422 carente
975 368 1005 428 iir

28 461 72 500 non
81 449 165 503 minore
176 446 316 502 beatitate
327 449 496 520 permansit.
531 481 534 492 ·

255 559 449 652 'unu
490 593 650 653 xv111.
748 571 750 588 '
852 642 859 662 ,

44 683 112 742 tonora
121 707 156 743 eoo
165 691 210 761 qni
219 691 327 756 dicunt,
346 707 377 745 eo
392 708 460 760 puae
469 691 580 812 inj'fnipia
594 700 715 770 eunt‘nec
724 690 780 746 Dei
789 709 867 761 posce
876 693 990 747 scicntia

110 771 111 780 ¹
396 777 500 828 compre
519 778 550 814 en
568 777 587 812 ι.

70 861 123 922 Illud
133 877 228 924 autem
245 865 325 922 aliud
343 865 420 941 quod
437 865 554 938 dieunt,
579 885 634 922 uec
645 862 703 922 Dei
715 869 838 938 scientia
851 887 925 945 quae
938 869 1005 926 inli-

28 943 124 1005 citusunt
133 967 218 1023 posse
231 939 451 1024 comprehendi:
476 957 570 1004 restat
583 950 625 1004 eis
638 959 671 1006 ut
682 949 944 1026 dicere'audeaut,
959 962 1005 1010 at-

32 1028 117 1096 quchuic
127 1052 158 1088 se
167 1031 306 1110 voragini
317 1031 479 1105 profundae
491 1033 647 1105 impictatis
657 1034 842 1112 immergant,
856 1036 932 1110 quod
945 1055 1005 1094 uon
1043 1057 1044 1064 ¹

32 1122 92 1168 lares
101 1133 229 1172 numeros
242 1116 323 1172 Deus
337 1117 463 1172 noverit.
505 1112 566 1170 Eos
579 1117 683 1190 quippe
697 1116 828 1174 inlicitos
843 1137 920 1188 esre,
941 1138 1004 1176 ccr-
1063 1185 1065 1190 Ι

24 1188 122 1254 tatinum
133 1209 190 1256 est:
217 1200 357 1273 quoniam
370 1200 402 1254 iu
414 1215 586 1273 quocunque
600 1218 722 1256 nurnero
737 1199 827 1256 finem
840 1202 1005 1258 laciendum

13 1281 139 1352 oloveris,
152 1281 230 1338 idem
242 1283 322 1356 ipse,
336 1300 396 1337 non
409 1282 474 1349 dico
488 1299 547 1336 uno
561 1281 661 1338 addito
674 1285 793 1359 augeri,
818 1284 868 1340 sed
881 1281 1004 1359 quamli-

13 1345 85 1440 βαιὴ
94 1383 212 1442 magnus
228 1375 258 1420 et
270 1365 429 1440 quamlibet
438 1366 595 1441 ingentem
614 1365 832 1424 multitudinem,
850 1370 1004 1426 continens

13 1442 87 1520 lipsa
97 1451 208 1504 ratione
222 1448 446 1523 atque-scicntia
459 1465 656 1518 numerorum,
670 1465 731 1504 non
743 1451 837 1504 solum
851 1449 1004 1523 duplicari,
1083 1475 1086 1482 ’

13 1529 81 1584 llfaro
92 1532 176 1586 etiam
193 1531 383 1604 multiplicari
401 1540 506 1604 potest.
549 1527 679 1604 [tenero
693 1532 752 1586 suis
766 1533 888 1606 quisque
901 1546 1002 1588 uume-

13 1615 37 1659 ΙΙ
53 1615 269 1688 proprietatibus
291 1615 484 1684 terminatur,
511 1621 545 1668 ut
564 1605 660 1668 nullus
679 1631 780 1668 eorum
798 1632 851 1686 par
864 1629 928 1670 esse
942 1618 1004 1671 cui-

13 1697 97 1770 lmqne
109 1699 194 1752 alteri
206 1699 307 1770 possit.
350 1695 431 1775 Ergo
451 1706 481 1752 et
499 1695 631 1770 dispares
649 1697 728 1752 inter
749 1715 782 1750 se
795 1689 1022 1771 atquc‘dirersi,
1074 1711 1075 1714 ’

13 1783 64 1850 ont,
77 1790 105 1836 ct
118 1782 227 1858 singuli
240 1783 347 1855 quique
360 1779 440 1838 liniti
451 1788 530 1848 suut,
544 1787 685 1834 etomues
698 1777 808 1836 infiniti
821 1788 899 1835 sunt.
922 1779 1004 1836 Itane

13 1867 108 1918 'noeros
126 1872 246 1938 prepter
263 1863 439 1919 infinitatem
457 1863 553 1918 nescit
569 1879 671 1917 omnes
691 1858 899 1938 [omnipotens]
913 1862 1004 1936 Deus,

20 1955 107 2020 usquc
121 1945 158 2002 ed
170 1945 317 2020 quandam
337 1964 479 2002 summam
492 1959 680 2001 numerorum
693 1946 818 2002 scientia
831 1943 1003 2021 Dei'perve-

13 2027 32 2091 l,
46 2039 174 2084 caeteros
187 2025 325 2106 ignorati
356 2029 429 2096 Quis
443 2028 498 2084 hoc
512 2029 600 2084 etiam
611 2030 660 2092 vel
673 2028 909 2106 dementissimus
921 2021 1004 2086 dixe·
1034 2041 1040 2054 ⁸

13 2104 36 2162 5?
56 2111 115 2168 Nec
128 2112 279 2168 audebunt
292 2113 343 2168 isti
356 2121 545 2169 contemnere
559 2129 710 2182 numeros,
738 2120 767 2168 ct
784 2131 832 2168 eos
854 2112 951 2168 dicere
968 2112 1005 2168 ad

13 2191 32 2245 ti
52 2196 205 2250 scientiam
227 2213 288 2250 uon
310 2197 476 2269 pertinere,
503 2193 579 2266 apud
592 2211 664 2268 quos
678 2194 761 2252 Plato
777 2193 875 2252 Deum
891 2207 1005 2273 'magna

13 2279 145 2334 utomtate
159 2279 344 2358 commendat
355 2278 495 2334 mundum
508 2278 636 2334 numeris
645 2277 855 2336 dominantem:
884 2290 913 2335 et
926 2280 1002 2352 opud

13 2360 102 2416 suco
116 2359 227 2416 dictum
240 2362 368 2438 iegitur,
398 2358 506 2418 Omnia
529 2361 559 2416 in
582 2361 739 2430 mensura,
766 2372 796 2419 et
816 2382 950 2431 numero,
974 2373 1004 2419 et

13 2444 99 2500 com
119 2435 305 2520 disposuisti.
348 2444 394 2500 De
408 2461 465 2518 quo
483 2443 555 2498 dicit
568 2452 597 2499 et
607 2442 768 2517 Propheta,
797 2443 860 2512 Qui
874 2445 1002 2522 profert

13 2537 121 2583 merore
135 2523 282 2602 [numero]
296 2526 453 2583 saeculnm.
494 2525 534 2581 Et
548 2524 684 2582 Salvator
697 2527 728 2582 in
742 2523 929 2604 Evangelio:¹
944 2526 1002 2584 Co·
1083 2555 1087 2566 s
1122 2507 1151 2532 Ἡ

13 2600 54 2677 li,
69 2610 182 2684 inquit,
195 2611 294 2666 oestro·
304 2627 401 2666 omnen
414 2611 566 2666 numerati
577 2617 663 2664 conc·
698 2608 782 2664 Absit
792 2609 889 2682 itaque
902 2619 935 2666 ut
947 2610 1000 2668 du-

13 2703 104 2762 ?emns,
118 2691 196 2767 quod
211 2693 239 2748 ei
252 2702 339 2748 notus
352 2694 390 2748 sit
403 2693 497 2748 omnis
511 2708 661 2762 numerus,
675 2692 759 2746 cuins
772 2690 1001 2765 intelligentiae,
1077 2727 1091 2748 x

13 2783 49 2828 ut
57 2775 88 2831 in
101 2774 216 2831 Psalmo
230 2778 359 2848 canitur,
370 2793 430 2832 non*
440 2785 486 2834 ert
498 2789 644 2832 numerose
686 2771 821 2838 Infinitcs
833 2774 933 2847 itaque
946 2794 1000 2831 nu-

13 2858 56 2926 cri,
68 2861 199 2932 quamvis
212 2858 396 2916 infinitorum
411 2875 600 2914 numerorum
613 2858 711 2912 nullus
724 2858 927 2928 situumerus,
940 2875 1001 2916 non
1013 2863 1017 2870 ”

13 2941 131 2998 ttamen
147 2940 449 3015 incomprehensibilia
468 2943 510 3012 ei,
538 2941 621 2995 cuius
644 2941 860 3018 intelligentiae
877 2957 936 2997 nou
957 2950 1002 2996 cst

13 3033 117 3080 merus.
161 3026 344 3099 Quapropter
373 3025 399 3080 si
425 3024 562 3100 quicquid
588 3025 712 3080 scientia
738 3023 1001 3098 comprehenditur,

13 3096 97 3162 'lautis‘
115 3106 376 3182 comprehensione
401 3107 519 3178 linitur;
544 3106 676 3180 profecto
691 3110 730 3162 ''et
752 3109 847 3164 omnis
870 3106 1000 3164 infinitae

13 3186 95 3246 ffidsm
106 3190 248 3248 ineffabili
261 3191 346 3248 medo
360 3190 423 3247 Deo
437 3191 522 3247 finita
536 3199 595 3261 est,
615 3192 684 3265 quia
697 3192 836 3248 scientiae
848 3192 940 3265 ipsius
953 3190 995 3244 in·
1097 3213 1100 3228 ι

13 3271 239 3344 reprehensibilis
253 3291 314 3330 uon
328 3283 379 3330 est.
395 3275 493 3341 Quare
506 3282 551 3330 est
564 3273 694 3329 infinitas
707 3292 894 3330 numerorum
907 3275 1002 3328 scicn-

13 3359 39 3403 le
47 3352 108 3428 Dei,
124 3377 182 3432 qua
195 3355 460 3432 comprehenditur,
475 3375 538 3411 esse
552 3374 613 3411 uon
623 3365 720 3430 potest
729 3357 861 3427 infinita,
875 3357 925 3429 qui
936 3365 1002 3410 tan-

13 3442 45 3490 ιπι
64 3457 114 3494 uos
138 3459 239 3497 sumus
263 3438 448 3511 homunculi,
475 3442 526 3515 qui
543 3441 606 3494 cius
623 3441 763 3494 scientiae
782 3440 887 3493 limites
912 3437 1003 3515 figere

13 3523 204 3596 hesumamus,
229 3522 376 3595 dicentes,
396 3522 474 3598 quod
487 3523 545 3579 nisi
558 3519 667 3577 eisdem
680 3515 880 3578 circumitibuc'
892 3529 1002 3594 tempo-

13 3607 46 3655 ¹¹1
56 3604 150 3662 eadem
160 3607 334 3684 ¹temporalia
347 3615 528 3678 repetantur,
542 3623 603 3661 non
616 3613 713 3678 potest
724 3603 802 3659 Deus
816 3613 919 3682 cuneta
930 3621 1003 3678 quac

13 3681 50 3762 {lt
64 3691 108 3744 sel
123 3691 272 3762 praescire
291 3699 325 3744 ut
342 3689 443 3758 faciat,
470 3690 517 3745 rel
537 3689 610 3743 scire
630 3705 694 3742 cum
714 3682 834 3740 fecerit?
858 3688 940 3743 cuius
954 3705 1001 3742 sa·

13 3771 83 3824 lenna
104 3774 276 3847 simpliciter
299 3773 450 3844 multiplex
470 3780 500 3826 et
518 3770 702 3827 uniformiter
716 3767 916 3838 multiformis,
943 3779 1003 3825 tom

13 3854 259 3928 t‘orrprchensibili
284 3856 544 3927 comprehensione
575 3853 671 3907 omnia
701 3850 1002 3934 incomprehensibilia
