2310 4306
38 237 40 244 .
124 193 452 268 mamuralia
478 198 795 300 narranaam
855 171 1011 282 21⁵⁵w
1101 179 1129 246 '·

342 347 455 406 cnr
506 343 614 420 xrs.
1116 315 1118 324 ¹

170 440 215 496 Do
223 444 312 496 studio
321 443 453 500 Desidia
464 447 597 514 positione
608 445 786 498 Psalmorum
1019 501 1021 507 ,

18 529 219 588 Ριοοιιιιοιιιι
233 533 324 609 igitur
336 551 390 608 per
402 535 532 608 tempora
545 533 670 592 Ciuitate
683 527 756 606 Dei,¹
777 534 870 609 primo
884 536 915 591 in
928 552 1003 592 unu·¹
1046 547 1053 566 ’·

22 613 133 683 futuri,
147 614 180 669 in
192 623 311 671 terrena
323 618 435 673 scilieet
447 615 631 690 Hierusalem
644 619 780 696 regnarit
793 615 896 673 David.
920 615 993 674 Erat
1009 674 1012 682 ,

18 711 60 751 un
72 694 172 751 David
185 699 232 753 vir
245 699 277 754 in
290 701 413 756 aantiois
427 699 574 771 eruditur,
601 702 651 775 qui
663 700 842 758 harmoniam
854 702 993 760 musicam
1030 721 1033 732 ·

18 825 19 830 ,
32 779 155 856 vulgari
167 769 326 855 voluptate,
339 784 390 839 sed
402 782 480 838 fideli
492 784 642 843 voluntate
656 782 802 854 dilexerit;
822 801 914 858 eaque
922 782 991 840 fuso
1036 823 1038 830 a

22 897 33 929 ,
57 863 108 942 qui
125 879 214 917 verus
229 864 384 936 eatbam,
410 867 533 940 mystica
545 867 590 921 rei
603 884 727 944 magnae
740 866 915 946 figuratione
929 884 992 922 ser.-

18 943 60 998 rit.
103 942 298 1004 Diversarum
327 949 405 1003 enim
435 966 574 1004 sonarum
603 949 784 1008 rationabilis
809 949 991 1008 moderatus·

18 1041 27 1076 ι
38 1036 193 1096 ooneentu
207 1030 344 1086 concordi
357 1032 500 1087 varietate
514 1041 690 1110 pompaetam
701 1031 775 1088 bans
786 1032 936 1088 ordinatae
949 1031 992 1090 eie
1061 1065 1064 1074 ι

18 1109 67 1164 atis
77 1111 212 1167 insinuat
223 1114 372 1170 unitatem.
391 1112 527 1189 Denique
541 1115 633 1172 omnis
647 1115 709 1170 fere
723 1113 873 1194 prophetia
886 1117 947 1172 eius
960 1115 993 1172 in

18 1190 86 1247 suda
100 1202 163 1264 est,
186 1213 260 1268 quos
279 1205 396 1253 eentum
416 1197 630 1273 quinquaginta
648 1196 722 1254 liher
736 1199 884 1270 aautinet,
907 1216 993 1273 quern

18 1271 147 1331 tinorum
159 1295 307 1334 vocamus.
330 1278 364 1335 ln
379 1281 482 1355 quibus
496 1281 631 1340 nonnulli
643 1282 765 1352 volunt,
789 1282 933 1339 sossolos
947 1280 992 1336 la-

18 1369 39 1409 u
49 1375 107 1414 esse
120 1376 138 1414 a
152 1359 265 1432 David,
289 1364 339 1438 qui
357 1365 419 1420 eius
439 1363 557 1425 nomine
574 1364 709 1436 inseripti
722 1371 801 1420 lunt.
834 1363 911 1421 Sunt
922 1365 994 1420 itam
1023 1403 1025 1414 .

18 1435 140 1514 {patena
155 1461 216 1499 nou
229 1443 264 1500 ab
279 1463 313 1501 eo
326 1445 428 1518 factos,
441 1446 501 1502 nisi
513 1446 564 1520 qui
576 1455 797 1519 praenotantur,
811 1443 909 1525 Iprsius
924 1445 991 1506 Da,-
1007 1449 1033 1502 a
1133 1471 1136 1480 ⁴

18 1517 94 1598 liqui
107 1543 176 1580 vero
189 1524 340 1588 habentia
354 1526 541 1606 titulis,„1pss'
553 1527 664 1598 David,
678 1528 713 1584 ab
727 1529 792 1586 aliis
807 1528 910 1598 factos,
924 1548 991 1602 per-

18 1619 58 1660 nas
69 1609 163 1680 ipsius,
171 1607 262 1664 fuisse
275 1621 438 1686 coaptatas,
448 1611 528 1678 Quae
535 1613 633 1686 opinio
646 1630 719 1667 vooe
730 1610 913 1688 Euangeliou
926 1611 992 1668 Sal·
1009 1628 1011 1631 ’

18 1691 75 1744 loris
92 1692 185 1764 ipsius
204 1693 363 1766 refutatur,
388 1691 513 1764 abiait,
538 1694 614 1768 quod
633 1697 694 1767 ipse
713 1693 809 1750 David
829 1695 861 1750 in
880 1693 992 1768 Spiritu

18 1772 110 1848 numm
123 1772 234 1834 dixerit
246 1765 482 1834 esse·Dominum
499 1794 598 1834 suum:
625 1777 763 1852 quoniam
774 1776 905 1834 Psahnus
920 1795 993 1833 *oen-

18 1853 86 1910 sinus
100 1875 195 1916 nonus
209 1858 252 1914 sia
265 1860 382 1934 incipit:
395 1860 487 1916 Dixit
501 1858 643 1916 Dominus
655 1857 783 1916 Domino
798 1879 869 1930 meo,
883 1857 959 1916 Sede
974 1881 994 1916 a

18 1940 96 1993 neris
109 1940 190 2008 meis,
205 1940 409 2018 doneopoaam
423 1943 555 2010 inimicos
569 1952 634 1998 tuos
647 1942 916 2019 scabellumpedum
930 1953 994 1999 tuo·
1026 2005 1030 2008 ,
1102 1943 1107 1948 ’

18 2035 44 2073 ιι.
60 2019 97 2076 Et
109 2031 190 2076 oerte
202 2022 423 2081 idemPsahnus
437 2039 496 2081 non
508 2022 596 2081 hahet
606 2027 639 2080 in
650 2026 747 2095 titulo,
766 2023 864 2102 Ipsius
877 2023 994 2092 David:
1098 2081 1102 2088 ι

18 2099 105 2179 LIpsi
116 2103 230 2176 David,
245 2107 320 2162 siout
332 2108 458 2180 plurimi.
480 2106 554 2164 Mihi
566 2118 665 2164 autem
679 2107 844 2164 credibilius
857 2107 994 2164 videntur

18 2183 145 2257 iutimare,
167 2189 218 2261 qui
233 2181 338 2246 omnes
347 2192 412 2250 illos
426 2199 544 2247 eentum
557 2184 771 2269 quinquaginta
782 2190 914 2248 Psalmos
929 2192 992 2247 eius

18 2268 204 2341 uitrihuunt,
231 2289 352 2347 eumque
376 2275 485 2350 aliquos
506 2283 693 2347 praenotasse
716 2276 802 2330 etiam
825 2275 992 2338 nominihus

18 2363 102 2424 mum,
126 2353 236 2428 aliquid
249 2354 325 2429 quad
339 2354 375 2413 ad
392 2375 454 2412 rem
472 2357 619 2434 pertineat
630 2355 839 2438 figurantibus,
862 2367 993 2414 caeteros

18 2437 63 2490 ttn
80 2437 188 2492 nullius
210 2433 335 2498 hominis
355 2457 463 2498 nomen
476 2433 507 2496 in
521 2440 612 2496 titulis
626 2437 733 2494 hahere
746 2441 889 2498 voluisse:
917 2441 993 2497 siout
1043 2439 1051 2461 '

18 2520 157 2590 varietatis
171 2517 255 2575 huius
268 2521 497 2596 dispositionem,
519 2523 649 2597 quamvis
662 2521 851 2593 latebrosam,
874 2542 934 2578 non
947 2534 993 2608 tq·
1059 2579 1062 2582 .
1076 2573 1080 2582 ,
1115 2541 1120 2554 “

18 2613 39 2652 *a
49 2601 164 2656 inanem
177 2599 320 2660 Dominus
333 2615 496 2679 inspiravit.
511 2604 571 2660 hoo
584 2621 702 2662 nuovare
716 2603 800 2659 dehet
813 2603 849 2659 ad
862 2603 917 2660 hoo
931 2624 992 2662 non
1091 2645 1099 2681 ,1

18 2678 150 2754 dandum,
165 2685 243 2759 quod
255 2689 460 2744 nonnullorum
476 2689 594 2744 nomina
603 2684 825 2759 Prophetarum,
839 2689 890 2760 qui
903 2688 992 2766 longe

18 2763 139 2822 ahavid
153 2769 232 2844 regis
247 2778 377 2842 tempora
390 2770 520 2841 fuerunt,
544 2768 713 2848 qmbusdam,
725 2767 848 2824 Psalmis
862 2770 893 2824 in
908 2787 941 2825 eo
954 2773 992 2826 li-

18 2846 171 2926 tleguntur
189 2851 345 2926 inseripta3
370 2862 400 2908 et
418 2871 490 2928 quas
509 2853 550 2908 ihi
568 2852 715 2922 dicuntur,
737 2853 817 2908 velut
829 2851 863 2908 ab
878 2853 919 2927 eis
933 2852 993 2909 diei
1079 2867 1080 2870 ’

18 2921 108 2988 hatur.
137 2931 238 3010 Neque
253 2937 330 2992 enim
347 2954 407 2992 non
419 2937 515 3010 potuit
529 2934 714 3010 propheticus
728 2933 856 3008 Spiritus
868 2933 993 3009 prophe-

18 3011 42 3064 ui
61 3017 126 3092 regi
140 3014 241 3072 David
262 3016 333 3074 haee
355 3020 441 3074 etiam
464 3020 628 3086 futurorum
645 3017 853 3092 Prophetarum
872 3019 991 3074 aaruina
1040 3063 1044 3066 .
1124 3005 1128 3014 ¹

18 3093 109 3166 lehre,
135 3100 304 3174 utaliquid,
332 3101 410 3176 quod
429 3118 528 3166 earum
545 3119 687 3175 personae
711 3101 896 3170 conveniret,
921 3117 991 3172 pro-

18 3177 80 3236 ttioe
105 3191 250 3238 cantaret:
277 3185 354 3240 siout
379 3201 432 3240 rex
457 3183 557 3240 lorias·
576 3193 732 3251 exorturus
759 3193 789 3239 et
813 3193 989 3260 regnaturus

18 3262 32 3308 l
56 3281 149 3321 annos
172 3267 298 3339 amplius
314 3285 399 3340 quam
416 3276 578 3336 meeentos,
605 3265 717 3322 cuidam
739 3264 915 3338 Prophetae,
939 3267 990 3339 qui
1086 3331 1089 3344 s

18 3355 53 3402 *lu
70 3347 147 3404 faeta
172 3349 240 3404 eius
260 3349 360 3406 futura
379 3349 541 3423 praedixit,
567 3367 631 3406 oum
656 3368 708 3406 suo
734 3351 851 3406 nonnus
877 3350 989 3412 revela,

26 3437 78 3486 em
160 3461 164 3466 ·
581 3446 583 3450 “
613 3447 616 3464 ”
988 3441 994 3450 ’

301 3517 304 3522 ’
354 3527 475 3622 aaa.
518 3561 596 3620 xv.

23 3661 113 3714 omaso
127 3677 195 3730 quoe
209 3660 238 3712 in
252 3658 369 3712 Psalmis
385 3660 415 3711 de
427 3659 534 3712 Christo
549 3671 576 3712 et
586 3637 708 3732 Erotesio
723 3659 936 3728 prophetantur,
957 3661 993 3712 ad
1002 3654 1012 3672 '¹
1059 3723 1065 3738 ,

185 3738 339 3782 contextum
349 3727 427 3781 huius
439 3727 535 3798 Operis
545 3731 694 3797 coaptanda
705 3729 767 3781 siat.
948 3743 951 3752 ’

32 3829 117 3894 Nune
138 3837 196 3894 iam
216 3829 412 3912 exspectaris
432 3851 478 3892 me
495 3835 596 3908 video,
619 3845 652 3894 ut
669 3835 723 3892 hoe
742 3837 806 3890 loeo
827 3833 894 3897 libri
906 3821 991 3896 huius
1027 3867 1028 3872 κ
1089 3829 1091 3835 ’
