2266 4312
164 223 206 278 ιι
278 183 280 186 ’
363 183 990 316 tumrummurumsrmr

165 371 279 447 quaerit
292 367 418 439 referre,
438 367 515 443 quod
528 388 680 445 perperam
692 369 776 428 fecit:
805 371 942 447 superbia
954 373 1069 428 mulieris
1078 371 1119 427 ins

163 463 302 529 pentem,
316 452 452 526 superbia
464 454 522 508 viri
537 455 567 508 in
581 457 742 510 mulierem.
773 455 833 519 Sed
847 457 994 516 accusatio
1008 457 1085 530 potior
1096 471 1120 528 qa

166 538 316 592 excusatio
333 541 408 598 vera
428 543 487 606 est,
511 536 561 591 ubi
575 538 704 594 mandati
717 537 811 596 divini
826 548 871 600 est
882 547 984 612 aperta
996 547 1120 614 beragros

112 640 114 644 ·
164 618 266 696 Neque
288 621 367 674 enim
386 617 440 672 hoc
459 626 614 694 propterca
632 639 692 681 nan
711 621 864 693 fecerunt,
892 624 961 701 quia
972 621 1004 676 id
1017 623 1120 680 souliers

76 715 80 723 ’
164 713 254 778 pente
268 700 424 770 suadente,
438 697 485 762 vir
499 704 622 758 muliere
636 705 821 779 impertiente
836 705 996 774 commisit,
1021 705 1090 784 quasi
1100 719 1120 775 qo

164 805 252 861 quam
266 784 347 862 Deo,
371 785 484 847 tui-vel
498 784 682 858 crederetur,
705 787 753 844 rel
772 788 942 862 cederetur,
964 783 1120 868 anteponent

163 869 264 926 fuerit.
369 901 376 910 κ

562 909 838 1028 cre'xu,

158 1047 208 1102 ¹De
228 1031 339 1110 iustitia
356 1045 557 1111 retributionis,
577 1045 755 1116 daramprion'
770 1047 887 1107 borsines
898 1065 953 1124 pro
964 1046 1120 1103 ruoiaoledio

188 1149 189 1154 =
330 1129 333 1134 “
424 1128 431 1136 “
536 1143 538 1146 ·
601 1126 770 1185 receperant.
914 1127 916 1140 '

230 1208 305 1274 Quia
318 1227 390 1290 crgo
403 1213 565 1262 contemtus
576 1217 621 1262 est
631 1207 712 1262 Deus
724 1209 847 1278 iubens,
874 1209 925 1281 qui
940 1204 1120 1284 [hominem]o

131 1355 132 1358 Ἴ
163 1287 265 1361 uerat,
292 1293 341 1364 qui
359 1288 395 1345 ad
408 1306 490 1345 suam
504 1290 661 1366 imaginem
677 1286 765 1369 [eum]
780 1287 908 1358 fecerat,
935 1294 986 1366 qui
1004 1291 1120 1346 caeteris]¹

166 1373 289 1430 nralibus
303 1387 527 1448 praeposuerat,
553 1373 603 1446 qui
616 1375 648 1428 in
661 1373 795 1447 paradiso
807 1367 1021 1443 constituerat,
1044 1375 1120 1447 quire

154 1456 300 1513 -omnium
313 1459 425 1536 copiam
440 1455 603 1528 salutisque
613 1451 818 1530 praestiterat,
833 1457 883 1532 qui
895 1459 1055 1534 praeceptis
1069 1473 1109 1510 uec
1117 1471 1120 1526 Ι

168 1542 248 1596 ribus
262 1551 318 1594 n'co
331 1538 491 1616 grandibus
505 1555 560 1592 nec
574 1537 737 1601 difficilibus
752 1550 944 1610 oneraverat,
959 1539 1011 1595 sed
1023 1558 1074 1594 uno
1084 1537 1119 1593 b're

170 1625 243 1679 sima
267 1631 355 1696 atque
379 1621 527 1681 levissimo
547 1620 582 1676 ad
602 1621 786 1683 obedientiae
801 1621 1004 1678 salubritatem
1017 1621 1120 1678 adminie

167 1715 268 1775 verat,
296 1724 432 1780 quo-eam
447 1713 627 1774 creaturam,
656 1705 813 1763 cui'libera
831 1707 961 1760 servitus
982 1705 1120 1780 expediret,

138 1777 157 1802 ψ
168 1807 233 1845 esse
247 1788 406 1854 Dominum
421 1788 639 1850 commonebat!
664 1789 742 1842 iusta
755 1787 905 1843 damnatio
921 1789 1069 1844 subsecuta
1080 1793 1120 1851 est,

168 1875 263 1948 lisque
285 1871 448 1941 damnatio,
472 1879 505 1932 ut
526 1868 611 1933 berrao
632 1871 681 1944 qui
700 1870 891 1926 eustodiendo
912 1869 1073 1927 mandatum
1084 1869 1120 1923 fun

168 1956 265 2011 luerat
278 1957 367 2008 etiam
380 1971 470 2008 earne
487 1953 642 2024 spiritalis,
656 1952 741 2017 fieret
753 1955 840 2022 etiam
850 1963 949 2009 mente
962 1956 1091 2021 earnalis3
1102 1957 1120 2003 et

120 2080 122 2084 .
169 2035 262 2113 [quia]
278 2055 331 2092 sua
345 2035 481 2112 superbia
503 2035 558 2096 sibi
571 2037 734 2109 placuerat,
761 2033 819 2114 Dei
837 2039 951 2097 iustitia
965 2040 1021 2093 sibi
1034 2037 1120 2092 donaro

74 2119 77 2125 ’
168 2139 223 2177 nce
237 2121 282 2174 sid
295 2128 328 2174 ut
343 2113 533 2195 [affectabat]
549 2120 580 2172 in
595 2137 648 2176 sua
662 2129 740 2183 essct
753 2119 928 2179 omnimodis
943 2125 1090 2194 potestate,
1109 2133 1120 2169 ι

169 2223 201 2258 se
224 2204 288 2274 ipse
312 2209 438 2278 quaque
451 2199 646 2273 dissentiens,
675 2203 728 2257 sub
742 2203 793 2258 illo
808 2204 857 2265 oui
876 2205 1026 2276 peccando
1045 2217 1120 2256 conse

166 2301 219 2359 pro
234 2285 369 2346 libertate
383 2301 470 2358 quam
483 2281 662 2358 concupivit,
677 2283 780 2354 duram
792 2287 987 2360 miseramque
1002 2293 1092 2365 ageret
1101 2299 1120 2335 se

86 2395 88 2398 ·
125 2399 130 2405 ·
166 2373 273 2436 tutcm3
300 2375 432 2422 mortuus
455 2368 560 2439 spiritu
581 2369 700 2438 volens,
729 2377 758 2436 et
772 2363 893 2442 corpore
908 2363 1119 2425 moriturusinri

168 2449 300 2504 desertor
313 2459 451 2512 aeternae
472 2439 567 2521 vitae‘,
596 2452 683 2514 etiam
706 2459 840 2521 aeterna,
867 2453 927 2506 nisi
947 2455 1042 2530 gratia
1056 2450 1120 2505 libera

99 2549 100 2552 ¹
166 2541 260 2587 morte
273 2525 435 2590 damnatus.
460 2534 599 2607 Quisquis
612 2531 778 2594 huiusmodi
790 2533 1009 2597 damnationem
1019 2537 1063 2590 vel
1072 2527 1120 2586 uiui

166 2617 213 2671 vel
229 2617 367 2672 iniustam
380 2611 484 2691 putat,
493 2617 590 2673 metiri
603 2617 734 2690 profecto
748 2619 859 2687 nescit,
874 2629 986 2691 quanta
1000 2613 1120 2674 fueritinl

146 2751 147 2756 ,
166 2708 211 2753 tas
230 2701 261 2754 in
279 2699 428 2772 peccando
438 2711 452 2769 ,'
474 2698 523 2754 ubi
537 2708 619 2759 tanta
639 2709 701 2754 erat
714 2700 929 2772 nonpeccandi
943 2701 1074 2756 facilitas.
1107 2693 1120 2750 S

132 2821 134 2827 ι
167 2784 245 2837 eninr
268 2781 400 2838 Abrabae
425 2799 485 2838 non
512 2783 658 2838 immerito
685 2799 791 2866 magna
817 2782 987 2854 obedientia
1012 2781 1120 2859 praedict

168 2867 234 2939 quia
247 2875 280 2920 ut
293 2864 439 2924 occideret
452 2865 561 2934 lilium,
575 2883 622 2919 res
636 2863 804 2920 difficillima
818 2874 863 2920 est
876 2868 1032 2940 imperata:
1056 2867 1090 2920 ita
1100 2863 1120 2915 in

121 2975 123 2980 v
165 2947 264 3004 radiso
284 2956 366 3004 tanta
390 2949 484 3003 maior
502 2947 701 3010 inobedientia
723 2943 792 3015 fuit,
821 2959 933 3025 quanto
947 2951 977 3006 id
992 2947 1065 3025 quod
1080 2963 1119 3021 pra

18 3027 19 3036 ’
78 3093 86 3100 ,
166 3041 248 3103 ptum
262 3040 320 3099 est,
340 3032 448 3090 nullius
463 3028 640 3090 difficultatis
654 3031 720 3086 fuit.
763 3031 803 3094 Et
816 3033 892 3088 sicut
907 3033 1068 3088 obedientia
1081 3045 1120 3084 seo

165 3112 291 3188 hominis
315 3132 349 3169 eo
372 3112 607 3186 praedicabilior,
633 3133 691 3190 quo
715 3114 809 3170 factus
833 3125 879 3170 est
902 3116 1043 3172 obediens
1060 3129 1119 3186 usqu

164 3205 303 3250 mortemz
330 3197 371 3249 ita
389 3194 587 3258 inobedientia
603 3191 690 3269 primi
708 3195 836 3258 hominis
856 3217 890 3254 eo
905 3198 1110 3264 detestabilior,

164 3278 259 3333 factrus
275 3287 319 3332 cst
332 3273 503 3334 inobediens
522 3295 613 3356 usque
636 3279 672 3335 ad
693 3289 826 3338 mortem.
870 3279 927 3336 Vbi
948 3285 1029 3338 enim
1042 3285 1120 3358 magos

163 3361 379 3421 inobedientiae
397 3373 492 3434 poena
509 3364 674 3435 preposita,
701 3372 731 3418 et
748 3375 798 3418 res
811 3382 828 3419 a
840 3363 981 3422 Creatore
1001 3365 1089 3421 facilis
1105 3362 1120 3414 i1

164 3451 238 3512 rata,
253 3445 388 3516 quisnam
401 3445 472 3498 satis
485 3445 621 3517 explicet,
634 3457 775 3520 quantum
788 3447 896 3503 malum
910 3444 1120 3521 sit,uonobedi1

163 3543 195 3578 re
207 3525 296 3593 facili,
311 3538 340 3580 ct
351 3532 450 3581 tantae
461 3529 613 3600 potestatis
625 3530 757 3602 imperio,
770 3539 798 3584 ct
810 3540 892 3586 tanta
904 3535 1033 3596 terrenti
1040 3527 1120 3606 ,suppli

225 3607 360 3683 Denique
373 3609 546 3664 utbreviter
559 3609 681 3681 dicatur,
695 3610 727 3667 in
744 3613 823 3668 illius
838 3617 952 3687 peceati
967 3603 1061 3687 poena
1073 3611 1120 3687 qui(

167 3688 350 3745 obedientiae
365 3693 423 3746 uisi
436 3691 635 3748 inobedientia
654 3695 796 3751 retributa
810 3694 873 3752 esti
896 3696 970 3753 Nam
986 3716 1060 3772 quae
1073 3695 1120 3749 hor

165 3778 210 3823 est
229 3773 285 3825 alia
303 3775 440 3844 miseria,
466 3776 525 3829 nisi
547 3774 685 3832 adversus
710 3797 776 3833 eum
798 3781 894 3854 ipsum
917 3779 1107 3836 inobedientia

99 3905 108 3918 N
163 3851 269 3924 ipsius,
297 3865 330 3910 ut
345 3857 484 3931 quoniam
496 3859 591 3913 noluit
604 3859 681 3934 quod
694 3862 807 3935 potuit,
832 3863 910 3938 qrrod
930 3881 991 3920 nou
1004 3870 1120 3939 potesta

166 4099 186 4130 ’ὓ
