2266 4312
172 161 190 214 o
401 121 511 212 mvi
526 152 720 230 ,tvnusu
740 139 994 214 AVGVST-tlit
1009 107 1025 166 ⁴·

83 297 84 302 ἵ
172 307 312 379 tristitiis,
337 307 397 366 nisi
417 308 552 386 voluntas
569 307 600 364 in
623 306 838 372 dissensionem
850 307 892 364 -ab
906 307 1040 382 hisquae
1054 311 1099 366 nol

173 392 231 452 Sed
246 411 313 448 oum
327 393 526 456 consentimus
545 391 706 463 oppetendo
729 410 762 447 on
781 410 857 465 quos
871 393 1024 462 volumus,
1053 412 1099 466 cup

172 495 239 532 oum
250 484 347 537 nutem
362 473 700 534 oonsontimusfruondo
714 473 758 530 his
772 492 846 548 quas
861 477 1011 546 volumus,
1033 477 1099 550 lpoti

174 568 266 614 catur.
299 557 428 631 ltomquo
444 574 510 614 oum
520 555 713 612 dissentimus
728 556 763 611 ab
779 576 812 618 so
828 556 908 631 quod
921 558 1055 613 aooidore
1068 577 1099 614 nt

172 644 240 697 tulis
254 643 388 697 voluntas
403 649 497 694 motus
512 647 575 708 est3
602 657 668 694 oum
691 650 788 698 nutem
811 639 1000 700 dissentimus
1025 642 1060 697 ab
1081 661 1099 698 o

173 724 342 782 nolentibus·
356 721 478 792 accidit,
507 723 573 776 tulis
589 723 726 781 voluntas
740 723 943 792 tristitiasst„
974 723 1014 785 Et
1027 743 1099 782 omn:

119 810 122 814 ’
173 809 317 864 vsristoto
332 824 430 860 rorum
445 822 517 878 quoe
530 813 708 878 appetuntur
721 813 809 878 atquo
821 803 994 882 fugiuntur,
1021 809 1098 866 siout

172 883 223 946 ¹tur
236 892 284 948 vol
297 886 455 956 ofl'sntlitui
467 889 604 948 voluntas
617 887 760 956 hominis,
784 890 825 946 ita
837 889 869 944 in
882 887 940 952 lios
951 893 1001 946 vel
1014 891 1080 948 illos
1093 910 1099 945 i

173 982 303 1028 mutatur
323 980 354 1025 ot
370 973 510 1026 vertitur..
549 971 730 1046 Quapropter
747 969 836 1028 homo
855 973 906 1046 qui
927 971 1089 1032 seeundum

175 1074 235 1111 non
250 1053 408 1110 secundum
419 1049 566 1110 homiuem
579 1055 663 1122 vivit,
678 1063 840 1127 oportetut
852 1057 893 1114 sit
909 1065 1024 1112 amator
1038 1057 1099 1112 boni

175 1139 210 1194 iit
223 1147 454 1211 oonsoqusnsut
465 1139 572 1192 molum
587 1136 690 1191 odorit.
712 1135 752 1194 Et
765 1139 904 1211 quonium
914 1158 1006 1196 ,nonio
1021 1149 1099 1198 nstul

176 1223 308 1295 quisquis
322 1223 414 1275 malus
430 1230 491 1290 ost,
505 1221 579 1275 vitio
593 1221 687 1276 molus
703 1228 761 1276 ost:
774 1219 934 1292 perfectum
946 1222 1047 1278 odium
1058 1222 1099 1278 dol

175 1305 229 1374 lis‚'
254 1305 306 1378 qui
324 1303 490 1358 'secundum
512 1302 608 1362 ll'oum
631 1304 721 1372 uivit3
747 1312 780 1358 ut
800 1322 853 1358 noo
871 1314 993 1382 proptor
1005 1301 1099 1364 vitius

175 1385 347 1458 hominnm,
350 1405 403 1442 uos
418 1385 495 1453 umet
507 1388 610 1442 vitium
624 1395 743 1459 proptor
756 1373 920 1458 liominsni3
934 1387 987 1442 sod
998 1387 1099 1444 oderit

176 1468 422 1526 nmethominom.
467 1468 773 1538 Sanatooniinvitio,
801 1478 898 1528 totum
911 1471 990 1548 quod
1005 1489 1099 1568 aninro

34 1601 37 1624 ,
176 1563 275 1609 autom
287 1552 362 1664 quod
377 1553 479 1608 dolent
486 1551 605 1624 odisse,
626 1553 798 1612 remanebit

520 1679 687 1760 CAP.
730 1702 818 1761 Vll.

149 1785 151 1788 .
176 1798 302 1852 Amorem
312 1807 339 1852 et
350 1799 517 1856 dilectionem
527 1798 719 1921 indpffsrontsr
730 1810 757 1851 et
767 1798 872 1880 {sindono
884 1808 912 1851 et
921 1799 950 1852 in
961 1803 1033 1866 niolo
1043 1817 1099 1868 opu

480 1880 484 1888 ’
590 1879 674 1922 steros
685 1886 810 1922 inventus.

239 1975 323 2032 ¹Nam
336 1975 419 2029 ouius
432 1975 613 2047 propositum
632 1987 677 2032 nst
689 1995 786 2032 omaro
800 1963 911 2047 Doum3
939 1985 969 2032 ot
982 1997 1044 2034 non
1057 1997 1099 2032 sot

86 2076 88 2083 ’
176 2061 342 2128 hominem,
367 2055 417 2110 sod
430 2057 590 2114 secundum
604 2059 698 2115 Deum
712 2078 810 2114 atnam
827 2061 1012 2133 proximum,
1040 2063 1099 2116 sicu

178 2163 209 2199 so
223 2145 317 2215 ipsum
323 2155 332 2215 3
358 2142 461 2211 procul
481 2139 566 2194 dubio
586 2135 801 2214 propter'huno
815 2161 944 2197 umorum
959 2144 1067 2199 dieitur
1079 2163 1097 2199 v

176 2229 215 2282 tis
238 2224 346 2293 bonno,
375 2239 449 2295 quas
466 2224 603 2278 usitatius
622 2223 826 2297 inSs1·ipturis
851 2228 942 2280 sacris
967 2229 1099 2288 onritnso

176 2309 238 2364 tur':
266 2306 317 2361 sod
335 2307 417 2362 umor
434 2324 548 2380 quoque
569 2307 728 2362 secundum
739 2307 858 2363 ousdom
871 2325 971 2370 saeros
985 2312 1099 2366 literas*

176 2389 252 2448 Nom
266 2401 295 2444 ot
308 2397 467 2444 amatorem
479 2388 549 2444 boni
569 2389 642 2450 dicit,
653 2390 810 2466 Apostolus
831 2407 895 2444 osso
919 2390 1042 2462 doloro,
1070 2411 1099 2466 qu

176 2473 272 2552 gendo
291 2473 396 2546 populo
417 2467 560 2546 pineoipit
577 2473 754 2549 eligendum.
797 2472 837 2527 Et
858 2475 921 2546 ipso
936 2473 1099 2531 Dominus]

175 2558 345 2629 Apostolum
359 2557 557 2632 interrogans,
568 2575 638 2611 cum
654 2555 798 2624 dixisset,
806 2555 923 2630 Diligis
937 2576 982 2614 me
990 2559 1063 2652 plus
1076 2558 1099 2614 ln

174 2639 340 2718 respondit:
370 2637 508 2707 Domino,
527 2649 560 2695 tu
573 2656 633 2693 sous
648 2657 718 2715 quio
732 2657 796 2695 omo
811 2649 850 2694 ts
893 2638 919 2694 F
922 2649 934 2696 t
947 2637 1099 2697 iterumD

176 2724 336 2798 quaesivit,
351 2739 417 2777 non
425 2732 523 2776 utrum
537 2731 663 2791 omnrst,
682 2721 732 2776 ssd
746 2711 844 2776 utrum
859 2721 1001 2798 diligeret
1014 2723 1099 2780 euml

175 2815 205 2862 nt
219 2808 268 2860 illo
282 2803 454 2878 rospondit
446 2813 566 2876 iterum,
593 2803 729 2871 Domine,
743 2807 849 2860 tuscis
864 2807 935 2879 quio
949 2825 1015 2864 omo
1030 2818 1069 2864 te

136 2905 159 2950 ’,
174 2907 245 2946 voro
256 2888 489 2964 interrogatione
504 2890 555 2943 o't
547 2905 608 2961 ipso
622 2887 764 2943 Dominus
784 2906 846 2943 non
858 2890 918 2958 uit,
945 2889 1057 2968 Diligis
1076 2909 1099 2945 m

173 2972 265 3030 Amos
278 2968 342 3027 mo?
368 2970 418 3024 ubi
435 2979 551 3024 sooutus
571 2972 614 3025 ait
631 2958 838 3047 Euangelistdz
868 2969 1099 3034 Contristotus

175 3068 252 3124 tros,
267 3055 336 3130 quio
351 3053 429 3110 dixit
444 3054 471 3108 ei
485 3054 590 3122 tortio,
604 3052 695 3108 Amos
709 3051 771 3109 me?
791 3053 863 3110 Cum
877 3052 1025 3112 Dominus
1040 3076 1098 3112 non

74 3163 85 3207 χ
110 3193 113 3200 .
175 3138 227 3194 sod
246 3137 335 3196 somol
356 3136 481 3206 dixerit,
506 3134 675 3192 Amostae?
701 3135 745 3192 bis
760 3136 999 3210 nutomd1x0r1t‚
1027 3140 1099 3214 dilig

173 3221 258 3276 Vnde
271 3211 481 3294 intelligimus,
508 3219 686 3292 quodetiam
701 3237 765 3274 oum
781 3219 896 3274 (lioobnt
909 3220 1099 3292 Dominus,

173 3301 257 3360 me?
265 3301 339 3358 nihil
353 3301 430 3356 aliud
444 3301 575 3372 dicebat,
590 3319 691 3375 quom,
711 3300 803 3358 Amos
817 3300 882 3358 nte?
924 3302 1032 3360 Potrus
1046 3315 1099 3360 nuti

174 3388 300 3441 mutant
311 3382 398 3439 huius
412 3385 499 3438 unius
512 3402 556 3438 rot
549 3384 710 3454 Qvorbum
725 3386 777 3440 sed
793 3387 881 3442 etiam
894 3389 1002 3459 tortio,
1016 3387 1099 3444 Domi

92 3483 95 3488 “
175 3470 305 3542 quit,tu
320 3483 503 3534 notmannis,
518 3469 624 3522 tuscis
639 3469 840 3554 puioomote

239 3549 305 3605 lloo
324 3559 477 3622 propteroa
492 3534 777 3605 commemorandum
789 3554 906 3625 putavi,
935 3557 1005 3628 quia
1018 3571 1099 3612 nonu

71 3640 75 3648 ’
175 3631 338 3702 intrantur,
353 3631 431 3687 aliud
446 3651 511 3686 esse
525 3632 746 3687 dilectionem
722 3651 785 3690 sivo
801 3638 972 3710 caritatem,
986 3638 1099 3694 nliudtn

176 3713 288 3771 Dicunt
301 3717 378 3770 enim
392 3713 577 3769 dileotionom
590 3715 789 3788 accipiundum
803 3737 868 3784 csso
884 3721 914 3775 in
928 3721 1023 3793 bono,
1041 3738 1099 3776 nmo

176 3799 260 3852 malo.
305 3796 354 3852 Sic
373 3807 470 3851 sutem
486 3815 541 3852 nec
559 3797 636 3871 ipsos
652 3808 786 3857 auctores
800 3805 992 3862 saecularium
1006 3807 1099 3860 litetur
