2362 4312
125 243 166 298 ss
290 183 293 188 ¹
338 233 438 294 orvs
469 179 967 291 svnsun⁵svevsurnr'

125 395 195 451 bere
208 407 311 467 paoem
323 396 354 444 ct
366 387 446 443 omni
466 403 577 466 genere
597 379 748 461 copiarum
761 386 927 460 abundare,
956 398 989 444 ut
1008 387 1054 444 his
1074 390 1170 459 bonis,

85 512 87 517 ·
125 478 251 534 honeste
277 471 417 542 utamini,
447 468 504 525 hoe
531 469 766 550 elst,n10deste,
795 471 914 543 sobrie,
946 480 1170 548 temperantem,

125 564 189 637 pie:
202 599 205 604 -
218 559 270 616 sed
289 564 323 613 ut
348 553 467 636 infinita
485 555 613 610 varietas
628 555 813 627 voluptatum
830 556 943 610 insanis
963 553 1170 632 effusionibus,

100 676 101 682 κ
126 646 317 720 exquiratur,
342 637 542 712 secundisque
559 636 648 694 rebus
661 655 701 694 ea
718 639 795 694 mala
805 639 950 695 ,oriantur
962 641 994 696 in
1013 642 1177 716 moribus„

126 747 202 806 quac
215 722 415 786 saevientibus
435 722 545 795 peiora·
558 721 618 778 sint
628 719 779 790 ¹drovstibus.
822 723 865 778 At
880 724 930 778 illc
943 722 1045 799 Scipio
1058 728 1152 801 ponti-

79 795 84 808 s
124 814 176 869 fex
192 791 337 867 maximus
355 814 473 875 vester,
498 807 548 861 ille
566 804 679 862 iudicio
695 809 788 862 totius
812 815 933 863 senatus
950 810 998 864 vir
1015 811 1151 882 optimus,

123 899 211 954 istam
226 893 311 960 vobis
324 899 461 960 metuens
481 890 691 961 calamitatem,
716 891 1001 959 nolebatacmulam
1013 899 1088 949 tune
1102 893 1150 948 im-

64 1002 66 1006 ’
119 979 200 1054 ‘perii
214 975 341 1033 Ριοηιαηί
353 971 563 1051 Carthaginem
579 967 675 1043 dirui,
702 982 733 1028 et
746 972 920 1030 decernenti
932 985 969 1033 ut
986 974 1151 1032 dirueretur

8 1073 12 1088 ⁴
108 1075 114 1093 ³
125 1056 346 1120 contradicebat
358 1056 481 1128 Catoni,
509 1057 616 1113 timens
631 1055 756 1113 infirmis
770 1059 878 1114 animis
890 1057 1016 1132 hostem,
1041 1063 1149 1116 securi-

89 1149 91 1164 ’
121 1155 230 1216 tatem,
257 1151 287 1198 et
305 1150 447 1217 tanquam
463 1141 582 1214 pupillis
595 1141 708 1197 civibus
723 1139 862 1198 idoneum
880 1150 1025 1215 tutorem,
1051 1157 1148 1200 neces-

80 1233 83 1248 '
123 1231 233 1286 sarium
246 1225 350 1283 videns
364 1243 429 1280 csse
448 1233 603 1279 terrorem.
633 1222 710 1280 'Nee
725 1243 793 1280 eum
811 1227 961 1282 sententia
972 1227 1095 1284 fefellit:
1120 1245 1148 1282 re

63 1300 68 1307 s
121 1315 185 1388 ipsa
197 1312 352 1386 probatum
365 1316 426 1379 est,
452 1305 656 1382 quamverum
670 1301 791 1364 diceret.
834 1307 942 1365 Deleta
958 1313 1067 1385 quippe
1084 1309 1148 1369 Car·

76 1423 77 1430 ¹
123 1396 256 1474 thagine,
282 1392 519 1469 magno‘seilicet
532 1399 653 1446 terrore
664 1389 815 1448 Romanae
833 1389 1012 1466 reipublicae
1031 1395 1147 1469 depulso

121 1489 151 1536 et
165 1479 331 1547 exstineto,
345 1473 478 1531 tantade
490 1473 578 1530 rebus
591 1477 742 1556 prosperis
756 1485 822 1534 orta
835 1477 912 1532 mala
926 1479 1071 1534 continuo
1084 1479 1146 1535 sub·

122 1569 311 1631 secutasunt,
322 1569 356 1616 ut
362 1566 502 1632 corrupta
515 1557 707 1633 disruptaque
721 1559 972 1633 eoncordiaprius
981 1564 1078 1619 saevis
1087 1581 1147 1620 cro·

120 1649 257 1721 entisque
270 1641 481 1713 seditionibus,
508 1639 614 1696 deinde
635 1659 705 1699 mox
722 1645 866 1700 malarum
881 1647 1070 1714 connexione
1084 1665 1145 1703 eau-

17 1721 21 1723 ’
120 1749 230 1801 sarum,
256 1729 340 1785 bellis
354 1728 443 1782 etiam
456 1725 592 1782 civilibus
607 1733 707 1781 tantae
721 1735 840 1804 strages
855 1725 1025 1800 ederentur,
1052 1737 1147 1786 tantus

121 1815 244 1892 sanguis
258 1808 488 1880 effunderetur,¹
501 1815 587 1864 tanta
612 1807 773 1881 cupiditate
790 1813 1044 1884 proscriptionum
1056 1832 1090 1872 ac
1104 1833 1146 1869 ra.

45 1927 48 1936 .
119 1900 258 1973 pinorum
271 1895 401 1950 ferveret
414 1892 597 1961 immanitate,
621 1899 656 1946 ut
668 1889 795 1948 Romani
808 1893 852 1949 illi
866 1897 917 1968 qui
931 1897 993 1952 vita
1007 1899 1146 1975 integrio-

117 2001 151 2039 re
165 1983 242 2037 mala
254 1976 426 2034 metuebant
439 1974 474 2030 ab
487 1971 637 2046 hostibus,
656 1974 772 2047 perdita
792 1977 964 2054 integritate
982 1982 1074 2036 vitae
1084 1985 1146 2037 cru-

119 2065 231 2122 deliora
244 2059 418 2134 paterentur
430 2075 449 2113 a
462 2057 591 2113 civibuse
610 2071 702 2132 eaque
710 2059 773 2132 ipsa
786 2059 875 2116 libido
882 2060 1065 2134 dominandi,
1079 2081 1147 2140 quac

118 2151 199 2206 inter
211 2146 270 2201 alia
281 2143 356 2201 vitia
374 2141 495 2220 generis
514 2138 636 2200 humani
653 2141 873 2201 immoderatior
891 2146 990 2202 inerat
1011 2149 1146 2206 universo

116 2231 226 2306 populo
249 2226 401 2302 Romano,
428 2229 621 2299 posteaquam
647 2225 679 2280 in
703 2227 805 2299 paucis
827 2231 1045 2301 potentioribus
1071 2234 1146 2300 vicit,

56 2331 57 2335 ’
119 2315 244 2372 obtritos
258 2310 458 2388 fatigatosque
473 2316 606 2366 caeteros
619 2309 708 2364 etiam
728 2310 799 2388 iugo
820 2313 973 2368 servitutis
995 2317 1145 2389 oppressit,

409 2425 796 2517 ‘clr.xxxn

153 2562 256 2628 Quibus
266 2555 394 2613 citiorum
400 2552 534 2628 gradibus
549 2557 719 2611 auctoricio
729 2556 858 2612 Romanis
868 2561 964 2630 cupido
974 2564 1115 2633 regnandi.

181 2652 257 2709 Nam
269 2647 388 2726 quando
402 2648 455 2703 illa
466 2649 632 2722 quiesceret
645 2650 677 2705 in
690 2649 906 2722 superbissimis
918 2653 1080 2724 mentibus,
1098 2653 1145 2708 do·

117 2756 173 2794 nec
191 2735 372 2795 continuatis
391 2729 610 2788 honoribus'ad
628 2740 805 2806 potestatem
828 2736 942 2811 regiam
959 2732 1144 2808 perveniret?

115 2819 274 2883 Honorum
284 2834 378 2893 porro,
388 2811 658 2872 eontinuandorum
675 2814 800 2872 facultas
815 2835 876 2874 non
891 2830 988 2888 esset,
1014 2822 1076 2876 nisi
1088 2839 1144 2876 am-

115 2905 188 2961 bitio
202 2903 395 2975 praevaleret.
438 2897 560 2956 Minime
574 2908 671 2972 autern
684 2903 869 2973 praevaleret
882 2903 1019 2973 ambitio,
1044 2905 1105 2960 nisi
1116 2906 1144 2960 in

116 2987 225 3063 populo
239 2986 365 3042 avaritia
387 2984 566 3059 luxuriaque
586 2993 735 3056 corrupto.
777 2985 893 3043 Avarus
916 3005 988 3043 vero
1010 2987 1144 3044 luxurio-

116 3088 227 3146 susque
239 3070 364 3143 populus
377 3066 517 3136 secundis
535 3063 623 3122 rebus
641 3063 763 3123 effectus
784 3077 845 3139 est,
873 3087 947 3144 quas
968 3069 1079 3127 Nasica
1098 3073 1145 3127 ille

115 3153 373 3229 providentissime
386 3148 531 3207 cavendas
548 3167 614 3204 esse
628 3151 778 3222 censebat,
798 3151 916 3226 qnando
929 3155 1081 3211 civitatem
1094 3149 1144 3211 hb-

116 3240 205 3300 stium
229 3236 408 3308 maximam,
423 3233 645 3302 fortissimam,
669 3236 922 3307 opulentissimam
947 3239 1068 3294 nolebat
1093 3257 1144 3295 au-

25 3371 30 3394 ,
85 3355 86 3358 =
115 3322 202 3395 ferri;
228 3331 262 3377 ut
275 3322 381 3377 timore
393 3316 484 3372 libido
497 3325 691 3389 premeretur,
716 3317 805 3374 libido
818 3337 922 3392 pressa
935 3339 996 3377 non
1009 3324 1144 3379 luxuria-

114 3416 214 3477 retur,
241 3404 420 3477 luxuriaque
434 3398 562 3456 eohibita
579 3418 635 3456 nec
655 3403 779 3458 avaritia
805 3413 1009 3480 grassaretur:
1040 3407 1145 3480 quibus

113 3491 195 3545 vitiis
211 3488 374 3556 obseratis,
401 3485 516 3544 civitati
528 3485 611 3540 utilis
622 3485 718 3542 virtus
731 3483 853 3544 floreret
866 3496 896 3542 et
910 3500 1076 3562 cresceret,
1103 3491 1144 3545 ei·

10 3615 12 3620 .
115 3589 172 3645 que
199 3571 304 3628 virtuti
315 3570 436 3626 libertas
459 3586 592 3646 congrua
614 3578 809 3642 permaneret.
851 3569 933 3640 Hine
959 3573 1049 3628 etiam
1071 3582 1144 3636 erat,

114 3663 144 3708 et
158 3671 196 3708 cx
209 3653 263 3708 hae
275 3651 535 3726 providentissima
546 3654 796 3728 patriaccaritate
810 3654 959 3726 veniebat,
977 3655 1057 3730 quod
1069 3654 1144 3711 idem

111 3737 175 3808 ipse
190 3735 287 3792 vcstc'r
299 3736 436 3809 pontifex
448 3737 613 3808 maximus,
639 3754 657 3791 a
668 3744 773 3793 senatu
787 3741 928 3811 temporis
947 3740 1028 3794 illius
1050 3737 1143 3815 (quod

111 3835 199 3892 saepe
212 3815 369 3876 dicendnm
383 3823 442 3890 est)
464 3821 575 3876 electus
590 3821 655 3875 sine
667 3822 728 3875 ulla
744 3822 959 3878 sententiarum
972 3821 1143 3897 discrepan-

110 3902 154 3960 tia
167 3903 214 3960 vir
231 3902 377 3980 optimus.
404 3921 523 3962 caveam
543 3901 652 3962 theatri
670 3913 806 3962 senatum
825 3914 999 3962 construere
1018 3908 1142 3964 molien-
