<?xml version="1.0" encoding="UTF-8"?>
<!DOCTYPE html PUBLIC "-//W3C//DTD XHTML 1.0 Transitional//EN"
    "http://www.w3.org/TR/xhtml1/DTD/xhtml1-transitional.dtd">
<html xmlns="http://www.w3.org/1999/xhtml" xml:lang="en" lang="en">
 <head>
  <title>
</title>
<meta http-equiv="Content-Type" content="text/html;charset=utf-8" />
  <meta name='ocr-system' content='tesseract 3.04.00' />
  <meta name='ocr-capabilities' content='ocr_page ocr_carea ocr_par ocr_line ocrx_word'/>
</head>
<body>
  <div class='ocr_page' id='page_1' title='image "./saureliiaugusti00augugoog_0536.png"; bbox 0 0 2340 4312; ppageno 0'>
   <div class='ocr_carea' id='block_1_1' title="bbox 27 168 931 258">
    <p class='ocr_par' dir='ltr' id='par_1_1' title="bbox 27 168 931 258">
     <span class='ocr_line' id='line_1_1' title="bbox 27 168 931 258; baseline -0.012 1"><span class='ocrx_word' id='word_1_1' title='bbox 27 171 28 174; x_wconf 53' lang='lat'>‘</span> <span class='ocrx_word' id='word_1_2' title='bbox 121 204 179 258; x_wconf 73' lang='grc' dir='ltr'><em>ιιι</em></span> <span class='ocrx_word' id='word_1_3' title='bbox 346 193 442 253; x_wconf 86' lang='lat' dir='ltr'><em>u1v1</em></span> <span class='ocrx_word' id='word_1_4' title='bbox 465 168 931 255; x_wconf 75' lang='lat' dir='ltr'><em>svnuuunvc&#39;vsr&#39;rur</em></span> 
     </span>
    </p>
   </div>
   <div class='ocr_carea' id='block_1_2' title="bbox 110 338 1166 569">
    <p class='ocr_par' dir='ltr' id='par_1_2' title="bbox 110 338 1166 569">
     <span class='ocr_line' id='line_1_2' title="bbox 124 338 1111 418; baseline -0.009 -13"><span class='ocrx_word' id='word_1_5' title='bbox 124 348 252 405; x_wconf 81' lang='lat' dir='ltr'><em>claudus.</em></span> <span class='ocrx_word' id='word_1_6' title='bbox 285 345 361 402; x_wconf 90' lang='lat' dir='ltr'><em>Nam</em></span> <span class='ocrx_word' id='word_1_7' title='bbox 374 345 497 402; x_wconf 80' lang='lat' dir='ltr'><em>semoris</em></span> <span class='ocrx_word' id='word_1_8' title='bbox 508 343 642 412; x_wconf 83' lang='lat' dir='ltr'><em>latitudo,</em></span> <span class='ocrx_word' id='word_1_9' title='bbox 656 338 834 418; x_wconf 58' lang='lat' dir='ltr'><em>generis&#39;est</em></span> <span class='ocrx_word' id='word_1_10' title='bbox 846 341 1004 398; x_wconf 88' lang='lat' dir='ltr'><em>multitudo.</em></span> <span class='ocrx_word' id='word_1_11' title='bbox 1040 341 1111 396; x_wconf 81' lang='lat' dir='ltr'><em>Plures</em></span> 
     </span>
     <span class='ocr_line' id='line_1_3' title="bbox 121 423 1166 504; baseline -0.008 -19"><span class='ocrx_word' id='word_1_12' title='bbox 121 433 228 504; x_wconf 78' lang='lat' dir='ltr'>quippe</span> <span class='ocrx_word' id='word_1_13' title='bbox 243 438 312 485; x_wconf 87' lang='lat' dir='ltr'><em>sunt</em></span> <span class='ocrx_word' id='word_1_14' title='bbox 325 430 357 484; x_wconf 88' lang='lat' dir='ltr'><em>in</em></span> <span class='ocrx_word' id='word_1_15' title='bbox 369 447 403 482; x_wconf 91' lang='lat' dir='ltr'><em>ea</em></span> <span class='ocrx_word' id='word_1_16' title='bbox 417 431 522 502; x_wconf 84' lang='lat' dir='ltr'><em>stirpe,</em></span> <span class='ocrx_word' id='word_1_17' title='bbox 550 427 585 481; x_wconf 88' lang='lat' dir='ltr'><em>de</em></span> <span class='ocrx_word' id='word_1_18' title='bbox 606 427 709 499; x_wconf 84' lang='lat' dir='ltr'><em>quibus</em></span> <span class='ocrx_word' id='word_1_19' title='bbox 724 423 893 499; x_wconf 80' lang='lat' dir='ltr'><strong>prophetice</strong></span> <span class='ocrx_word' id='word_1_20' title='bbox 905 425 1110 498; x_wconf 69' lang='lat' dir='ltr'><em>praedicturos.</em></span> <span class='ocrx_word' id='word_1_21' title='bbox 1146 429 1166 464; x_wconf 83' lang='lat'>¹</span> 
     </span>
     <span class='ocr_line' id='line_1_4' title="bbox 110 509 1166 569; baseline -0.013 0"><span class='ocrx_word' id='word_1_22' title='bbox 110 511 164 569; x_wconf 80' lang='lat' dir='ltr'><em>‘Et</em></span> <span class='ocrx_word' id='word_1_23' title='bbox 179 512 425 569; x_wconf 73' lang='lat' dir='ltr'><strong><em>claudicaverunt</em></strong></span> <span class='ocrx_word' id='word_1_24' title='bbox 438 529 458 567; x_wconf 94' lang='lat' dir='ltr'><em>a</em></span> <span class='ocrx_word' id='word_1_25' title='bbox 472 511 584 566; x_wconf 82' lang='lat' dir='ltr'><em>semitis</em></span> <span class='ocrx_word' id='word_1_26' title='bbox 599 509 671 564; x_wconf 82' lang='lat' dir='ltr'><em>auis.</em></span> <span class='ocrx_word' id='word_1_27' title='bbox 1012 531 1014 534; x_wconf 95' lang='lat'>·</span> <span class='ocrx_word' id='word_1_28' title='bbox 1145 528 1146 533; x_wconf 14' lang='grc' dir='ltr'><strong>κ</strong></span> <span class='ocrx_word' id='word_1_29' title='bbox 1163 513 1166 518; x_wconf 90' lang='grc'><em>·</em></span> 
     </span>
    </p>
   </div>
   <div class='ocr_carea' id='block_1_3' title="bbox 517 663 757 730">
    <p class='ocr_par' dir='ltr' id='par_1_3' title="bbox 517 663 757 730">
     <span class='ocr_line' id='line_1_5' title="bbox 517 663 757 730; baseline -0.008 0"><span class='ocrx_word' id='word_1_30' title='bbox 517 663 589 730; x_wconf 49' lang='lat' dir='ltr'><em>CA¹</em></span> <span class='ocrx_word' id='word_1_31' title='bbox 608 672 639 728; x_wconf 88' lang='lat' dir='ltr'><em>P.</em></span> <span class='ocrx_word' id='word_1_32' title='bbox 682 671 757 728; x_wconf 87' lang='lat' dir='ltr'><em>XL.</em></span> 
     </span>
    </p>
   </div>
   <div class='ocr_carea' id='block_1_4' title="bbox 124 758 1166 979">
    <p class='ocr_par' dir='ltr' id='par_1_4' title="bbox 124 758 1166 979">
     <span class='ocr_line' id='line_1_6' title="bbox 124 758 1166 838; baseline -0.009 -12"><span class='ocrx_word' id='word_1_33' title='bbox 124 773 258 838; x_wconf 76' lang='lat' dir='ltr'><em>Quomodo</em></span> <span class='ocrx_word' id='word_1_34' title='bbox 270 770 349 822; x_wconf 81' lang='lat' dir='ltr'><em>Iacob</em></span> <span class='ocrx_word' id='word_1_35' title='bbox 359 777 419 822; x_wconf 82' lang='lat' dir='ltr'><em>cam</em></span> <span class='ocrx_word' id='word_1_36' title='bbox 432 769 609 838; x_wconf 70' lang='lat' dir='ltr'><em>septuaginta</em></span> <span class='ocrx_word' id='word_1_37' title='bbox 625 769 739 835; x_wconf 81' lang='lat' dir='ltr'><em>quiaque</em></span> <span class='ocrx_word' id='word_1_38' title='bbox 753 769 893 820; x_wconf 79' lang='lat' dir='ltr'><em>aninrabus</em></span> <span class='ocrx_word' id='word_1_39' title='bbox 905 768 1110 837; x_wconf 78' lang='lat' dir='ltr'><em>Aegyptamscae</em></span> <span class='ocrx_word' id='word_1_40' title='bbox 1142 758 1166 810; x_wconf 61' lang='grc' dir='ltr'><strong><em>Ρ</em></strong></span> 
     </span>
     <span class='ocr_line' id='line_1_7' title="bbox 192 836 1143 908; baseline -0.004 -16"><span class='ocrx_word' id='word_1_41' title='bbox 192 852 239 893; x_wconf 85' lang='lat' dir='ltr'><em>tur</em></span> <span class='ocrx_word' id='word_1_42' title='bbox 248 841 385 908; x_wconf 80' lang='lat' dir='ltr'><em>ingressus</em></span> <span class='ocrx_word' id='word_1_43' title='bbox 391 853 473 899; x_wconf 70' lang='lat' dir='ltr'><em>ream</em></span> <span class='ocrx_word' id='word_1_44' title='bbox 481 838 602 906; x_wconf 74' lang='lat' dir='ltr'><em>plerique</em></span> <span class='ocrx_word' id='word_1_45' title='bbox 613 855 645 888; x_wconf 82' lang='lat' dir='ltr'><em>ex</em></span> <span class='ocrx_word' id='word_1_46' title='bbox 656 837 693 887; x_wconf 83' lang='lat' dir='ltr'><em>eis</em></span> <span class='ocrx_word' id='word_1_47' title='bbox 705 836 751 903; x_wconf 82' lang='lat' dir='ltr'><em>qai</em></span> <span class='ocrx_word' id='word_1_48' title='bbox 762 847 1010 902; x_wconf 78' lang='lat' dir='ltr'><em>eornmemorantar,</em></span> <span class='ocrx_word' id='word_1_49' title='bbox 1023 845 1071 889; x_wconf 87' lang='lat' dir='ltr'><em>ten·</em></span> <span class='ocrx_word' id='word_1_50' title='bbox 1142 850 1143 857; x_wconf 57' lang='lat'>¹</span> 
     </span>
     <span class='ocr_line' id='line_1_8' title="bbox 446 905 841 979; baseline 0 -21"><span class='ocrx_word' id='word_1_51' title='bbox 446 924 512 979; x_wconf 82' lang='lat' dir='ltr'><em>pore</em></span> <span class='ocrx_word' id='word_1_52' title='bbox 522 905 671 974; x_wconf 82' lang='lat' dir='ltr'><em>posteriore</em></span> <span class='ocrx_word' id='word_1_53' title='bbox 681 905 736 957; x_wconf 80' lang='lat' dir='ltr'><em>sint</em></span> <span class='ocrx_word' id='word_1_54' title='bbox 741 907 841 976; x_wconf 86' lang='lat' dir='ltr'><em>geniti.</em></span> 
     </span>
    </p>
   </div>
   <div class='ocr_carea' id='block_1_5' title="bbox 126 1009 1148 1174">
    <p class='ocr_par' dir='ltr' id='par_1_5' title="bbox 126 1009 1148 1174">
     <span class='ocr_line' id='line_1_9' title="bbox 188 1009 1148 1091; baseline -0.006 -21"><span class='ocrx_word' id='word_1_55' title='bbox 188 1014 318 1091; x_wconf 85' lang='lat' dir='ltr'><em>ingressi</em></span> <span class='ocrx_word' id='word_1_56' title='bbox 331 1014 429 1086; x_wconf 89' lang='lat' dir='ltr'><em>itaque</em></span> <span class='ocrx_word' id='word_1_57' title='bbox 442 1012 612 1068; x_wconf 86' lang='lat' dir='ltr'><em>referuntur</em></span> <span class='ocrx_word' id='word_1_58' title='bbox 630 1013 662 1067; x_wconf 92' lang='lat' dir='ltr'><em>in</em></span> <span class='ocrx_word' id='word_1_59' title='bbox 674 1011 840 1088; x_wconf 81' lang='lat' dir='ltr'><em>Aegyptum</em></span> <span class='ocrx_word' id='word_1_60' title='bbox 857 1013 946 1066; x_wconf 87' lang='lat' dir='ltr'><em>simul</em></span> <span class='ocrx_word' id='word_1_61' title='bbox 958 1031 1019 1068; x_wconf 87' lang='lat' dir='ltr'><em>cum</em></span> <span class='ocrx_word' id='word_1_62' title='bbox 1029 1009 1109 1084; x_wconf 70' lang='lat' dir='ltr'><em>ipati</em></span> <span class='ocrx_word' id='word_1_63' title='bbox 1139 1010 1148 1017; x_wconf 69' lang='grc'><em>“’</em></span> 
     </span>
     <span class='ocr_line' id='line_1_10' title="bbox 126 1092 1110 1174; baseline -0.009 -19"><span class='ocrx_word' id='word_1_64' title='bbox 126 1100 179 1154; x_wconf 90' lang='lat' dir='ltr'><em>cob</em></span> <span class='ocrx_word' id='word_1_65' title='bbox 194 1097 380 1174; x_wconf 76' lang='lat' dir='ltr'><em>septuaginta</em></span> <span class='ocrx_word' id='word_1_66' title='bbox 397 1097 526 1170; x_wconf 89' lang='lat' dir='ltr'><em>quinque</em></span> <span class='ocrx_word' id='word_1_67' title='bbox 544 1094 692 1165; x_wconf 83' lang='lat' dir='ltr'><em>homines,</em></span> <span class='ocrx_word' id='word_1_68' title='bbox 718 1102 909 1150; x_wconf 88' lang='lat' dir='ltr'><em>annumerato</em></span> <span class='ocrx_word' id='word_1_69' title='bbox 928 1096 990 1168; x_wconf 87' lang='lat' dir='ltr'><em>ipso</em></span> <span class='ocrx_word' id='word_1_70' title='bbox 1007 1111 1060 1150; x_wconf 86' lang='lat' dir='ltr'><em>cun</em></span> <span class='ocrx_word' id='word_1_71' title='bbox 1072 1092 1110 1147; x_wconf 79' lang='lat' dir='ltr'><em>iiis</em></span> 
     </span>
    </p>
   </div>
   <div class='ocr_carea' id='block_1_6' title="bbox 12 1161 1110 1262">
    <p class='ocr_par' dir='ltr' id='par_1_6' title="bbox 12 1161 1110 1262">
     <span class='ocr_line' id='line_1_11' title="bbox 12 1161 1110 1262; baseline -0.009 -25"><span class='ocrx_word' id='word_1_72' title='bbox 12 1249 20 1262; x_wconf 39' lang='grc'>,</span> <span class='ocrx_word' id='word_1_73' title='bbox 52 1161 70 1218; x_wconf 59' lang='grc' dir='ltr'> </span> <span class='ocrx_word' id='word_1_74' title='bbox 93 1209 96 1214; x_wconf 87' lang='lat'>.</span> <span class='ocrx_word' id='word_1_75' title='bbox 126 1183 196 1236; x_wconf 87' lang='lat' dir='ltr'><em>suis.</em></span> <span class='ocrx_word' id='word_1_76' title='bbox 236 1178 269 1233; x_wconf 88' lang='lat' dir='ltr'><em>ln</em></span> <span class='ocrx_word' id='word_1_77' title='bbox 289 1196 346 1251; x_wconf 92' lang='lat' dir='ltr'><em>quo</em></span> <span class='ocrx_word' id='word_1_78' title='bbox 364 1195 485 1233; x_wconf 87' lang='lat' dir='ltr'><em>numero</em></span> <span class='ocrx_word' id='word_1_79' title='bbox 507 1177 581 1232; x_wconf 77' lang='lat' dir='ltr'><em>duae</em></span> <span class='ocrx_word' id='word_1_80' title='bbox 599 1185 712 1232; x_wconf 90' lang='lat' dir='ltr'><em>tantum</em></span> <span class='ocrx_word' id='word_1_81' title='bbox 735 1174 863 1233; x_wconf 74' lang='lat' dir='ltr'><em>fenenne</em></span> <span class='ocrx_word' id='word_1_82' title='bbox 886 1184 1110 1240; x_wconf 81' lang='lat' dir='ltr'><em>commemorantur,</em></span> 
     </span>
    </p>
   </div>
   <div class='ocr_carea' id='block_1_7' title="bbox 69 1247 1163 1826">
    <p class='ocr_par' dir='ltr' id='par_1_7' title="bbox 69 1247 1163 1826">
     <span class='ocr_line' id='line_1_12' title="bbox 126 1247 1109 1333; baseline -0.009 -15"><span class='ocrx_word' id='word_1_83' title='bbox 126 1281 184 1318; x_wconf 91' lang='lat' dir='ltr'><em>una</em></span> <span class='ocrx_word' id='word_1_84' title='bbox 198 1261 269 1330; x_wconf 83' lang='lat' dir='ltr'><em>filia,</em></span> <span class='ocrx_word' id='word_1_85' title='bbox 290 1261 386 1332; x_wconf 88' lang='lat' dir='ltr'><em>neptis</em></span> <span class='ocrx_word' id='word_1_86' title='bbox 401 1261 514 1314; x_wconf 75' lang='lat' dir='ltr'><em>altera·</em></span> <span class='ocrx_word' id='word_1_87' title='bbox 537 1257 597 1315; x_wconf 86' lang='lat' dir='ltr'><em>Sed</em></span> <span class='ocrx_word' id='word_1_88' title='bbox 609 1277 655 1314; x_wconf 85' lang='lat' dir='ltr'><em>res</em></span> <span class='ocrx_word' id='word_1_89' title='bbox 669 1247 828 1333; x_wconf 70' lang='lat' dir='ltr'><em>diligenter</em></span> <span class='ocrx_word' id='word_1_90' title='bbox 842 1259 1023 1316; x_wconf 87' lang='lat' dir='ltr'><em>considerata</em></span> <span class='ocrx_word' id='word_1_91' title='bbox 1033 1258 1109 1313; x_wconf 85' lang='lat' dir='ltr'><em>noric-</em></span> 
     </span>
     <span class='ocr_line' id='line_1_13' title="bbox 127 1340 1163 1416; baseline -0.01 -16"><span class='ocrx_word' id='word_1_92' title='bbox 127 1345 215 1414; x_wconf 84' lang='lat' dir='ltr'><em>dicat,</em></span> <span class='ocrx_word' id='word_1_93' title='bbox 230 1340 306 1415; x_wconf 87' lang='lat' dir='ltr'><em>quod</em></span> <span class='ocrx_word' id='word_1_94' title='bbox 319 1350 420 1397; x_wconf 85' lang='lat' dir='ltr'><em>tantus</em></span> <span class='ocrx_word' id='word_1_95' title='bbox 434 1359 570 1397; x_wconf 84' lang='lat' dir='ltr'><em>numerus</em></span> <span class='ocrx_word' id='word_1_96' title='bbox 584 1340 673 1397; x_wconf 80' lang='lat' dir='ltr'><em>fircrit</em></span> <span class='ocrx_word' id='word_1_97' title='bbox 685 1341 717 1394; x_wconf 91' lang='lat' dir='ltr'><em>in</em></span> <span class='ocrx_word' id='word_1_98' title='bbox 728 1341 873 1416; x_wconf 86' lang='lat' dir='ltr'><em>progenie</em></span> <span class='ocrx_word' id='word_1_99' title='bbox 886 1340 974 1397; x_wconf 84' lang='lat' dir='ltr'><em>Iacob</em></span> <span class='ocrx_word' id='word_1_100' title='bbox 987 1342 1029 1396; x_wconf 82' lang='lat' dir='ltr'><em>die</em></span> <span class='ocrx_word' id='word_1_101' title='bbox 1038 1341 1109 1396; x_wconf 84' lang='lat' dir='ltr'><em>relu-</em></span> <span class='ocrx_word' id='word_1_102' title='bbox 1156 1340 1163 1398; x_wconf 75' lang='lat' dir='ltr'><em>J</em></span> 
     </span>
     <span class='ocr_line' id='line_1_14' title="bbox 127 1420 1143 1500; baseline -0.01 -17"><span class='ocrx_word' id='word_1_103' title='bbox 127 1447 166 1483; x_wconf 90' lang='lat' dir='ltr'><em>no</em></span> <span class='ocrx_word' id='word_1_104' title='bbox 181 1445 237 1500; x_wconf 88' lang='lat' dir='ltr'><em>quo</em></span> <span class='ocrx_word' id='word_1_105' title='bbox 252 1425 403 1500; x_wconf 83' lang='lat' dir='ltr'><em>ingressus</em></span> <span class='ocrx_word' id='word_1_106' title='bbox 418 1433 463 1479; x_wconf 86' lang='lat' dir='ltr'><em>est</em></span> <span class='ocrx_word' id='word_1_107' title='bbox 475 1424 648 1500; x_wconf 83' lang='lat' dir='ltr'><em>Aegyptum.</em></span> <span class='ocrx_word' id='word_1_108' title='bbox 684 1421 907 1490; x_wconf 84' lang='lat' dir='ltr'><em>Commemorati</em></span> <span class='ocrx_word' id='word_1_109' title='bbox 926 1433 994 1480; x_wconf 86' lang='lat' dir='ltr'><em>sunt</em></span> <span class='ocrx_word' id='word_1_110' title='bbox 1008 1420 1109 1497; x_wconf 83' lang='lat' dir='ltr'><em>quippeir</em></span> <span class='ocrx_word' id='word_1_111' title='bbox 1142 1436 1143 1439; x_wconf 45' lang='lat'>¹</span> 
     </span>
     <span class='ocr_line' id='line_1_15' title="bbox 69 1503 1151 1580; baseline -0.007 -16"><span class='ocrx_word' id='word_1_112' title='bbox 69 1563 78 1570; x_wconf 86' lang='grc'><em>,</em></span> <span class='ocrx_word' id='word_1_113' title='bbox 128 1511 169 1564; x_wconf 86' lang='lat' dir='ltr'><em>eis</em></span> <span class='ocrx_word' id='word_1_114' title='bbox 184 1510 271 1562; x_wconf 88' lang='lat' dir='ltr'><em>etiam</em></span> <span class='ocrx_word' id='word_1_115' title='bbox 283 1517 457 1580; x_wconf 85' lang='lat' dir='ltr'><em>pronepotes</em></span> <span class='ocrx_word' id='word_1_116' title='bbox 470 1504 590 1578; x_wconf 84' lang='lat' dir='ltr'><em>Ioseph,</em></span> <span class='ocrx_word' id='word_1_117' title='bbox 615 1506 667 1578; x_wconf 82' lang='lat' dir='ltr'><em>qui</em></span> <span class='ocrx_word' id='word_1_118' title='bbox 682 1507 763 1559; x_wconf 90' lang='lat' dir='ltr'><em>nullo</em></span> <span class='ocrx_word' id='word_1_119' title='bbox 777 1503 864 1560; x_wconf 85' lang='lat' dir='ltr'><em>modo</em></span> <span class='ocrx_word' id='word_1_120' title='bbox 878 1507 938 1560; x_wconf 88' lang='lat' dir='ltr'><em>iam</em></span> <span class='ocrx_word' id='word_1_121' title='bbox 950 1515 1109 1574; x_wconf 81' lang='lat' dir='ltr'><em>tuncernp</em></span> <span class='ocrx_word' id='word_1_122' title='bbox 1148 1511 1151 1514; x_wconf 83' lang='lat'>&#39;</span> 
     </span>
     <span class='ocr_line' id='line_1_16' title="bbox 128 1581 1109 1663; baseline -0.013 -15"><span class='ocrx_word' id='word_1_123' title='bbox 128 1599 263 1648; x_wconf 83' lang='lat' dir='ltr'><em>tuerunt:</em></span> <span class='ocrx_word' id='word_1_124' title='bbox 291 1591 427 1662; x_wconf 84' lang='lat' dir='ltr'><em>quoniam</em></span> <span class='ocrx_word' id='word_1_125' title='bbox 449 1597 520 1643; x_wconf 90' lang='lat' dir='ltr'><em>tunc</em></span> <span class='ocrx_word' id='word_1_126' title='bbox 545 1596 661 1642; x_wconf 84' lang='lat' dir='ltr'><em>centum</em></span> <span class='ocrx_word' id='word_1_127' title='bbox 684 1588 808 1663; x_wconf 85' lang='lat' dir='ltr'><em>triginta</em></span> <span class='ocrx_word' id='word_1_128' title='bbox 826 1603 971 1644; x_wconf 85' lang='lat' dir='ltr'><em>annorum</em></span> <span class='ocrx_word' id='word_1_129' title='bbox 988 1581 1109 1649; x_wconf 73' lang='lat' dir='ltr'><em>cratini,</em></span> 
     </span>
     <span class='ocr_line' id='line_1_17' title="bbox 128 1665 1109 1746; baseline -0.009 -19"><span class='ocrx_word' id='word_1_130' title='bbox 128 1674 204 1746; x_wconf 74' lang='lat' dir='ltr'><em>iilius</em></span> <span class='ocrx_word' id='word_1_131' title='bbox 218 1690 289 1728; x_wconf 83' lang='lat' dir='ltr'><em>vero</em></span> <span class='ocrx_word' id='word_1_132' title='bbox 304 1672 367 1725; x_wconf 83' lang='lat' dir='ltr'><em>eius</em></span> <span class='ocrx_word' id='word_1_133' title='bbox 379 1668 482 1743; x_wconf 89' lang='lat' dir='ltr'><em>loseph</em></span> <span class='ocrx_word' id='word_1_134' title='bbox 495 1671 618 1746; x_wconf 82' lang='lat' dir='ltr'><em>triginta</em></span> <span class='ocrx_word' id='word_1_135' title='bbox 632 1683 753 1740; x_wconf 82' lang='lat' dir='ltr'><em>norcm3</em></span> <span class='ocrx_word' id='word_1_136' title='bbox 767 1685 853 1741; x_wconf 88' lang='lat' dir='ltr'><em>quem</em></span> <span class='ocrx_word' id='word_1_137' title='bbox 866 1689 934 1726; x_wconf 85' lang='lat' dir='ltr'><em>eum</em></span> <span class='ocrx_word' id='word_1_138' title='bbox 947 1671 1073 1743; x_wconf 85' lang='lat' dir='ltr'><em>accepisse</em></span> <span class='ocrx_word' id='word_1_139' title='bbox 1081 1665 1109 1718; x_wconf 84' lang='lat' dir='ltr'><em>ri·</em></span> 
     </span>
     <span class='ocr_line' id='line_1_18' title="bbox 129 1745 1109 1826; baseline -0.009 -16"><span class='ocrx_word' id='word_1_140' title='bbox 129 1757 234 1810; x_wconf 89' lang='lat' dir='ltr'><em>cesimo</em></span> <span class='ocrx_word' id='word_1_141' title='bbox 249 1771 327 1808; x_wconf 88' lang='lat' dir='ltr'><em>anno</em></span> <span class='ocrx_word' id='word_1_142' title='bbox 341 1771 404 1823; x_wconf 87' lang='lat' dir='ltr'><em>suo,</em></span> <span class='ocrx_word' id='word_1_143' title='bbox 417 1755 464 1808; x_wconf 90' lang='lat' dir='ltr'><em>vel</em></span> <span class='ocrx_word' id='word_1_144' title='bbox 477 1753 611 1825; x_wconf 84' lang='lat' dir='ltr'><em>amplius,</em></span> <span class='ocrx_word' id='word_1_145' title='bbox 625 1759 739 1807; x_wconf 88' lang='lat' dir='ltr'><em>constet</em></span> <span class='ocrx_word' id='word_1_146' title='bbox 751 1767 889 1822; x_wconf 76' lang='lat' dir='ltr'><em>uxorem,</em></span> <span class='ocrx_word' id='word_1_147' title='bbox 911 1752 1043 1826; x_wconf 82' lang='lat' dir='ltr'><em>quomodo</em></span> <span class='ocrx_word' id='word_1_148' title='bbox 1053 1745 1109 1823; x_wconf 82' lang='lat' dir='ltr'><em>pouit</em></span> 
     </span>
    </p>
   </div>
   <div class='ocr_carea' id='block_1_8' title="bbox 25 1829 1166 1914">
    <p class='ocr_par' dir='ltr' id='par_1_8' title="bbox 25 1829 1166 1914">
     <span class='ocr_line' id='line_1_19' title="bbox 25 1829 1166 1914; baseline -0.01 -21"><span class='ocrx_word' id='word_1_149' title='bbox 25 1845 33 1859; x_wconf 90' lang='grc'><strong>“</strong></span> <span class='ocrx_word' id='word_1_150' title='bbox 128 1855 304 1914; x_wconf 67' lang='lat' dir='ltr'><em>pernoram</em></span> <span class='ocrx_word' id='word_1_151' title='bbox 322 1853 416 1890; x_wconf 88' lang='lat' dir='ltr'><em>annos</em></span> <span class='ocrx_word' id='word_1_152' title='bbox 435 1832 541 1889; x_wconf 85' lang='lat' dir='ltr'><em>habere</em></span> <span class='ocrx_word' id='word_1_153' title='bbox 559 1842 734 1907; x_wconf 76' lang='lat' dir='ltr'><em>pronepotes</em></span> <span class='ocrx_word' id='word_1_154' title='bbox 754 1832 789 1889; x_wconf 89' lang='lat' dir='ltr'><em>de</em></span> <span class='ocrx_word' id='word_1_155' title='bbox 806 1833 893 1906; x_wconf 86' lang='lat' dir='ltr'><em>filiis,</em></span> <span class='ocrx_word' id='word_1_156' title='bbox 920 1829 1109 1909; x_wconf 81' lang='lat' dir='ltr'><em>qucsexesier</em></span> <span class='ocrx_word' id='word_1_157' title='bbox 1163 1888 1166 1897; x_wconf 36' lang='grc' dir='ltr'>Ι</span> 
     </span>
    </p>
   </div>
   <div class='ocr_carea' id='block_1_9' title="bbox 75 1908 1166 3705">
    <p class='ocr_par' dir='ltr' id='par_1_9' title="bbox 127 1908 1165 2398">
     <span class='ocr_line' id='line_1_20' title="bbox 129 1908 1123 1991; baseline -0.011 -17"><span class='ocrx_word' id='word_1_158' title='bbox 129 1937 221 1974; x_wconf 88' lang='lat' dir='ltr'><em>uxore</em></span> <span class='ocrx_word' id='word_1_159' title='bbox 234 1913 380 1990; x_wconf 67' lang='lat' dir='ltr'><em>suscepit?</em></span> <span class='ocrx_word' id='word_1_160' title='bbox 395 1917 490 1982; x_wconf 78' lang='lat' dir='ltr'><em>Quum</em></span> <span class='ocrx_word' id='word_1_161' title='bbox 501 1916 594 1991; x_wconf 90' lang='lat' dir='ltr'><em>igitur</em></span> <span class='ocrx_word' id='word_1_162' title='bbox 604 1934 658 1976; x_wconf 85' lang='lat' dir='ltr'><em>nee</em></span> <span class='ocrx_word' id='word_1_163' title='bbox 668 1915 745 1971; x_wconf 85' lang='lat' dir='ltr'><em>filias</em></span> <span class='ocrx_word' id='word_1_164' title='bbox 756 1913 898 1972; x_wconf 87' lang='lat' dir='ltr'><em>haberent</em></span> <span class='ocrx_word' id='word_1_165' title='bbox 907 1915 1043 1990; x_wconf 86' lang='lat' dir='ltr'><em>Ephraem</em></span> <span class='ocrx_word' id='word_1_166' title='bbox 1051 1908 1108 1968; x_wconf 81' lang='lat' dir='ltr'><em>etiir·</em></span> <span class='ocrx_word' id='word_1_167' title='bbox 1122 1916 1123 1919; x_wconf 77' lang='grc'>’</span> 
     </span>
     <span class='ocr_line' id='line_1_21' title="bbox 129 1987 1109 2072; baseline -0.006 -16"><span class='ocrx_word' id='word_1_168' title='bbox 129 2019 230 2057; x_wconf 83' lang='lat' dir='ltr'><em>nasses</em></span> <span class='ocrx_word' id='word_1_169' title='bbox 245 1999 301 2052; x_wconf 86' lang='lat' dir='ltr'><em>filii</em></span> <span class='ocrx_word' id='word_1_170' title='bbox 313 1996 433 2072; x_wconf 86' lang='lat' dir='ltr'><em>loseph,</em></span> <span class='ocrx_word' id='word_1_171' title='bbox 457 1997 508 2052; x_wconf 86' lang='lat' dir='ltr'><em>sed</em></span> <span class='ocrx_word' id='word_1_172' title='bbox 526 2014 576 2052; x_wconf 88' lang='lat' dir='ltr'><em>ecs</em></span> <span class='ocrx_word' id='word_1_173' title='bbox 595 2015 703 2069; x_wconf 89' lang='lat' dir='ltr'><em>pucros</em></span> <span class='ocrx_word' id='word_1_174' title='bbox 714 1995 796 2052; x_wconf 81' lang='lat' dir='ltr'><em>infra</em></span> <span class='ocrx_word' id='word_1_175' title='bbox 810 2015 896 2070; x_wconf 87' lang='lat' dir='ltr'><em>quam</em></span> <span class='ocrx_word' id='word_1_176' title='bbox 910 2015 1050 2054; x_wconf 77' lang='lat' dir='ltr'><em>novennes</em></span> <span class='ocrx_word' id='word_1_177' title='bbox 1059 1987 1109 2050; x_wconf 75' lang='lat' dir='ltr'><em>{rai</em></span> 
     </span>
     <span class='ocr_line' id='line_1_22' title="bbox 127 2073 1162 2157; baseline -0.001 -20"><span class='ocrx_word' id='word_1_178' title='bbox 127 2083 291 2157; x_wconf 84' lang='lat' dir='ltr'><em>Aegyptum</em></span> <span class='ocrx_word' id='word_1_179' title='bbox 305 2082 456 2156; x_wconf 85' lang='lat' dir='ltr'><em>ingressus</em></span> <span class='ocrx_word' id='word_1_180' title='bbox 471 2081 630 2149; x_wconf 88' lang='lat' dir='ltr'><em>invenerit,</em></span> <span class='ocrx_word' id='word_1_181' title='bbox 645 2097 701 2153; x_wconf 83' lang='lat' dir='ltr'><em>quo</em></span> <span class='ocrx_word' id='word_1_182' title='bbox 711 2088 796 2153; x_wconf 86' lang='lat' dir='ltr'><em>paeto</em></span> <span class='ocrx_word' id='word_1_183' title='bbox 808 2098 910 2135; x_wconf 91' lang='lat' dir='ltr'><em>eorum</em></span> <span class='ocrx_word' id='word_1_184' title='bbox 921 2099 982 2136; x_wconf 88' lang='lat' dir='ltr'><em>uon</em></span> <span class='ocrx_word' id='word_1_185' title='bbox 993 2073 1110 2136; x_wconf 58' lang='lat' dir='ltr'><em>solamitis</em></span> <span class='ocrx_word' id='word_1_186' title='bbox 1142 2078 1145 2079; x_wconf 40' lang='lat'><em>⁷</em></span> <span class='ocrx_word' id='word_1_187' title='bbox 1158 2084 1162 2089; x_wconf 83' lang='grc'><strong>’</strong></span> 
     </span>
     <span class='ocr_line' id='line_1_23' title="bbox 129 2150 1155 2236; baseline -0.005 -18"><span class='ocrx_word' id='word_1_188' title='bbox 129 2164 180 2218; x_wconf 87' lang='lat' dir='ltr'><em>sed</em></span> <span class='ocrx_word' id='word_1_189' title='bbox 194 2165 280 2216; x_wconf 86' lang='lat' dir='ltr'><em>etiam</em></span> <span class='ocrx_word' id='word_1_190' title='bbox 294 2171 425 2232; x_wconf 76' lang='lat' dir='ltr'><em>nepotes,</em></span> <span class='ocrx_word' id='word_1_191' title='bbox 440 2162 541 2216; x_wconf 85' lang='lat' dir='ltr'><em>inillis</em></span> <span class='ocrx_word' id='word_1_192' title='bbox 554 2162 739 2236; x_wconf 80' lang='lat' dir='ltr'><em>septuaginta</em></span> <span class='ocrx_word' id='word_1_193' title='bbox 752 2161 883 2234; x_wconf 88' lang='lat' dir='ltr'><em>quinque</em></span> <span class='ocrx_word' id='word_1_194' title='bbox 897 2170 1077 2227; x_wconf 77' lang='lat' dir='ltr'><em>numerantur,</em></span> <span class='ocrx_word' id='word_1_195' title='bbox 1085 2150 1111 2227; x_wconf 74' lang='lat' dir='ltr'><em>pi</em></span> <span class='ocrx_word' id='word_1_196' title='bbox 1153 2213 1155 2224; x_wconf 24' lang='lat' dir='ltr'><em>A</em></span> 
     </span>
     <span class='ocr_line' id='line_1_24' title="bbox 129 2239 1165 2318; baseline -0.004 -19"><span class='ocrx_word' id='word_1_197' title='bbox 129 2255 199 2299; x_wconf 90' lang='lat' dir='ltr'><em>tunc</em></span> <span class='ocrx_word' id='word_1_198' title='bbox 213 2243 378 2317; x_wconf 85' lang='lat' dir='ltr'><em>Aegyptum</em></span> <span class='ocrx_word' id='word_1_199' title='bbox 392 2243 520 2318; x_wconf 82' lang='lat' dir='ltr'><em>ingrcssi</em></span> <span class='ocrx_word' id='word_1_200' title='bbox 533 2252 602 2298; x_wconf 84' lang='lat' dir='ltr'><em>sunt</em></span> <span class='ocrx_word' id='word_1_201' title='bbox 616 2261 680 2297; x_wconf 86' lang='lat' dir='ltr'><em>eum</em></span> <span class='ocrx_word' id='word_1_202' title='bbox 694 2239 797 2298; x_wconf 76' lang='lat' dir='ltr'><em>iacobi</em></span> <span class='ocrx_word' id='word_1_203' title='bbox 827 2242 904 2299; x_wconf 89' lang='lat' dir='ltr'><em>Nam</em></span> <span class='ocrx_word' id='word_1_204' title='bbox 918 2245 1111 2300; x_wconf 66' lang='lat' dir='ltr'><em>commemorati!</em></span> <span class='ocrx_word' id='word_1_205' title='bbox 1149 2242 1165 2255; x_wconf 82' lang='grc'>”</span> 
     </span>
     <span class='ocr_line' id='line_1_25' title="bbox 127 2315 1111 2398; baseline -0.002 -18"><span class='ocrx_word' id='word_1_206' title='bbox 127 2326 169 2381; x_wconf 82' lang='lat' dir='ltr'><em>ibi</em></span> <span class='ocrx_word' id='word_1_207' title='bbox 182 2322 294 2380; x_wconf 86' lang='lat' dir='ltr'><em>Machir</em></span> <span class='ocrx_word' id='word_1_208' title='bbox 308 2323 385 2377; x_wconf 87' lang='lat' dir='ltr'><em>filius</em></span> <span class='ocrx_word' id='word_1_209' title='bbox 399 2323 546 2395; x_wconf 73' lang='lat' dir='ltr'><em>Macetae,</em></span> <span class='ocrx_word' id='word_1_210' title='bbox 560 2341 649 2398; x_wconf 88' lang='lat' dir='ltr'><em>nepos</em></span> <span class='ocrx_word' id='word_1_211' title='bbox 664 2321 776 2397; x_wconf 77' lang='lat' dir='ltr'><em>Ioseph,</em></span> <span class='ocrx_word' id='word_1_212' title='bbox 792 2333 823 2379; x_wconf 93' lang='lat' dir='ltr'><em>et</em></span> <span class='ocrx_word' id='word_1_213' title='bbox 835 2326 967 2382; x_wconf 87' lang='lat' dir='ltr'><em>eiusdem</em></span> <span class='ocrx_word' id='word_1_214' title='bbox 978 2323 1072 2382; x_wconf 87' lang='lat' dir='ltr'><em>Maeh&#39;u</em></span> <span class='ocrx_word' id='word_1_215' title='bbox 1080 2315 1111 2374; x_wconf 71' lang='lat' dir='ltr'><em>fili·</em></span> 
     </span>
    </p>

    <p class='ocr_par' dir='ltr' id='par_1_10' title="bbox 75 2400 1165 2973">
     <span class='ocr_line' id='line_1_26' title="bbox 128 2400 1164 2482; baseline -0.002 -19"><span class='ocrx_word' id='word_1_216' title='bbox 128 2425 174 2475; x_wconf 82' lang='lat' dir='ltr'><em>us,</em></span> <span class='ocrx_word' id='word_1_217' title='bbox 188 2405 217 2459; x_wconf 87' lang='lat' dir='ltr'><em>id</em></span> <span class='ocrx_word' id='word_1_218' title='bbox 231 2413 285 2474; x_wconf 86' lang='lat' dir='ltr'><em>cst,</em></span> <span class='ocrx_word' id='word_1_219' title='bbox 301 2403 421 2477; x_wconf 87' lang='lat' dir='ltr'><em>Galaad,</em></span> <span class='ocrx_word' id='word_1_220' title='bbox 442 2425 531 2479; x_wconf 85' lang='lat' dir='ltr'><em>nepos</em></span> <span class='ocrx_word' id='word_1_221' title='bbox 545 2406 695 2476; x_wconf 86' lang='lat' dir='ltr'><em>Manasse,</em></span> <span class='ocrx_word' id='word_1_222' title='bbox 720 2424 865 2480; x_wconf 87' lang='lat' dir='ltr'><em>pronepos</em></span> <span class='ocrx_word' id='word_1_223' title='bbox 879 2406 996 2482; x_wconf 81' lang='lat' dir='ltr'><em>loseph:</em></span> <span class='ocrx_word' id='word_1_224' title='bbox 1017 2407 1052 2462; x_wconf 87' lang='lat' dir='ltr'><em>ibi</em></span> <span class='ocrx_word' id='word_1_225' title='bbox 1062 2405 1112 2457; x_wconf 65' lang='lat' dir='ltr'><em>esti</em></span> <span class='ocrx_word' id='word_1_226' title='bbox 1152 2400 1164 2423; x_wconf 64' lang='lat'><em>&#39;²</em></span> 
     </span>
     <span class='ocr_line' id='line_1_27' title="bbox 128 2480 1161 2563; baseline 0.002 -22"><span class='ocrx_word' id='word_1_227' title='bbox 128 2506 213 2560; x_wconf 87' lang='lat' dir='ltr'><em>quem</em></span> <span class='ocrx_word' id='word_1_228' title='bbox 238 2489 343 2563; x_wconf 85' lang='lat' dir='ltr'><em>genuit</em></span> <span class='ocrx_word' id='word_1_229' title='bbox 363 2487 524 2560; x_wconf 82' lang='lat' dir='ltr'><em>Ephraem,</em></span> <span class='ocrx_word' id='word_1_230' title='bbox 548 2480 716 2545; x_wconf 59' lang='lat' dir='ltr'><em>alter&#39;tilius</em></span> <span class='ocrx_word' id='word_1_231' title='bbox 740 2487 860 2561; x_wconf 82' lang='lat' dir='ltr'><em>ioseph,</em></span> <span class='ocrx_word' id='word_1_232' title='bbox 884 2490 914 2544; x_wconf 89' lang='lat' dir='ltr'><em>id</em></span> <span class='ocrx_word' id='word_1_233' title='bbox 935 2500 997 2561; x_wconf 86' lang='lat' dir='ltr'><em>est,</em></span> <span class='ocrx_word' id='word_1_234' title='bbox 1016 2487 1113 2544; x_wconf 69' lang='lat' dir='ltr'><em>valna</em></span> <span class='ocrx_word' id='word_1_235' title='bbox 1151 2486 1161 2497; x_wconf 65' lang='lat'><em>&#39;¹</em></span> 
     </span>
     <span class='ocr_line' id='line_1_28' title="bbox 129 2567 1157 2645; baseline 0.002 -21"><span class='ocrx_word' id='word_1_236' title='bbox 129 2587 219 2642; x_wconf 85' lang='lat' dir='ltr'><em>nepos</em></span> <span class='ocrx_word' id='word_1_237' title='bbox 237 2568 354 2642; x_wconf 81' lang='lat' dir='ltr'><em>loseph3</em></span> <span class='ocrx_word' id='word_1_238' title='bbox 381 2579 410 2625; x_wconf 90' lang='lat' dir='ltr'><em>et</em></span> <span class='ocrx_word' id='word_1_239' title='bbox 430 2569 508 2624; x_wconf 84' lang='lat' dir='ltr'><em>filius</em></span> <span class='ocrx_word' id='word_1_240' title='bbox 522 2571 613 2643; x_wconf 86' lang='lat' dir='ltr'><em>ipsius</em></span> <span class='ocrx_word' id='word_1_241' title='bbox 627 2568 746 2624; x_wconf 88' lang='lat' dir='ltr'><em>Vtalaae</em></span> <span class='ocrx_word' id='word_1_242' title='bbox 764 2567 874 2642; x_wconf 83' lang='lat' dir='ltr'><em>Edem,</em></span> <span class='ocrx_word' id='word_1_243' title='bbox 900 2590 992 2645; x_wconf 83' lang='lat' dir='ltr'><em>nepos</em></span> <span class='ocrx_word' id='word_1_244' title='bbox 1004 2569 1114 2644; x_wconf 66' lang='lat' dir='ltr'><em>Epicur.</em></span> <span class='ocrx_word' id='word_1_245' title='bbox 1149 2572 1157 2579; x_wconf 63' lang='lat'><em>¹</em></span> 
     </span>
     <span class='ocr_line' id='line_1_29' title="bbox 75 2641 1150 2727; baseline 0.002 -24"><span class='ocrx_word' id='word_1_246' title='bbox 75 2645 83 2654; x_wconf 75' lang='lat'><strong><em>‘</em></strong></span> <span class='ocrx_word' id='word_1_247' title='bbox 129 2668 273 2724; x_wconf 85' lang='lat' dir='ltr'><em>pronepos</em></span> <span class='ocrx_word' id='word_1_248' title='bbox 299 2649 415 2724; x_wconf 82' lang='lat' dir='ltr'><em>loseph:</em></span> <span class='ocrx_word' id='word_1_249' title='bbox 453 2653 505 2725; x_wconf 86' lang='lat' dir='ltr'><em>qui</em></span> <span class='ocrx_word' id='word_1_250' title='bbox 535 2653 615 2706; x_wconf 89' lang='lat' dir='ltr'><em>nullo</em></span> <span class='ocrx_word' id='word_1_251' title='bbox 640 2651 725 2707; x_wconf 87' lang='lat' dir='ltr'><em>modo</em></span> <span class='ocrx_word' id='word_1_252' title='bbox 756 2669 819 2707; x_wconf 88' lang='lat' dir='ltr'><em>esse</em></span> <span class='ocrx_word' id='word_1_253' title='bbox 843 2662 1018 2726; x_wconf 76' lang='lat' dir='ltr'><em>penserunt,</em></span> <span class='ocrx_word' id='word_1_254' title='bbox 1039 2641 1114 2727; x_wconf 69' lang='lat' dir='ltr'><em>quatit</em></span> <span class='ocrx_word' id='word_1_255' title='bbox 1142 2656 1150 2663; x_wconf 83' lang='lat'><em>&#39;</em></span> 
     </span>
     <span class='ocr_line' id='line_1_30' title="bbox 128 2723 1155 2808; baseline 0.013 -22"><span class='ocrx_word' id='word_1_256' title='bbox 128 2730 213 2787; x_wconf 88' lang='lat' dir='ltr'><em>laceb</em></span> <span class='ocrx_word' id='word_1_257' title='bbox 228 2734 259 2787; x_wconf 94' lang='lat' dir='ltr'><em>in</em></span> <span class='ocrx_word' id='word_1_258' title='bbox 269 2729 538 2808; x_wconf 76' lang='lat' dir='ltr'><em>Aegyptum&#39;venit‚</em></span> <span class='ocrx_word' id='word_1_259' title='bbox 565 2733 683 2789; x_wconf 86' lang='lat' dir='ltr'><em>etfilios</em></span> <span class='ocrx_word' id='word_1_260' title='bbox 708 2732 812 2806; x_wconf 90' lang='lat' dir='ltr'><em>Ioseph</em></span> <span class='ocrx_word' id='word_1_261' title='bbox 838 2723 961 2808; x_wconf 78' lang='lat' dir='ltr'><em>nepotes</em></span> <span class='ocrx_word' id='word_1_262' title='bbox 974 2755 1050 2806; x_wconf 84' lang='lat' dir='ltr'><em>suos,</em></span> <span class='ocrx_word' id='word_1_263' title='bbox 1075 2739 1115 2786; x_wconf 67' lang='lat' dir='ltr'><em>att</em></span> <span class='ocrx_word' id='word_1_264' title='bbox 1146 2742 1155 2747; x_wconf 65' lang='grc'><em>“’</em></span> 
     </span>
     <span class='ocr_line' id='line_1_31' title="bbox 98 2801 1156 2889; baseline 0.004 -21"><span class='ocrx_word' id='word_1_265' title='bbox 98 2834 100 2846; x_wconf 39' lang='grc' dir='ltr'>ι</span> <span class='ocrx_word' id='word_1_266' title='bbox 127 2815 263 2884; x_wconf 83' lang='lat' dir='ltr'><em>istorum,</em></span> <span class='ocrx_word' id='word_1_267' title='bbox 297 2816 426 2869; x_wconf 83' lang='lat' dir='ltr'><em>minoret</em></span> <span class='ocrx_word' id='word_1_268' title='bbox 441 2833 526 2888; x_wconf 88' lang='lat' dir='ltr'><em>quam</em></span> <span class='ocrx_word' id='word_1_269' title='bbox 538 2833 643 2886; x_wconf 79' lang='lat' dir='ltr'><em>norem</em></span> <span class='ocrx_word' id='word_1_270' title='bbox 661 2832 928 2889; x_wconf 82' lang='lat' dir='ltr'><em>annorumpucros</em></span> <span class='ocrx_word' id='word_1_271' title='bbox 942 2819 1058 2874; x_wconf 78' lang='lat' dir='ltr'><em>invenit.</em></span> <span class='ocrx_word' id='word_1_272' title='bbox 1085 2801 1117 2867; x_wconf 65' lang='lat' dir='ltr'><em>Sti</em></span> <span class='ocrx_word' id='word_1_273' title='bbox 1147 2822 1156 2833; x_wconf 93' lang='grc'><strong>’</strong></span> 
     </span>
     <span class='ocr_line' id='line_1_32' title="bbox 128 2896 1117 2973; baseline -0.003 -22"><span class='ocrx_word' id='word_1_274' title='bbox 128 2897 267 2959; x_wconf 84' lang='lat' dir='ltr'><em>nimirum</em></span> <span class='ocrx_word' id='word_1_275' title='bbox 279 2896 417 2967; x_wconf 80' lang='lat' dir='ltr'><em>introitus</em></span> <span class='ocrx_word' id='word_1_276' title='bbox 432 2896 515 2953; x_wconf 85' lang='lat' dir='ltr'><em>Iacob</em></span> <span class='ocrx_word' id='word_1_277' title='bbox 534 2899 565 2951; x_wconf 90' lang='lat' dir='ltr'><em>in</em></span> <span class='ocrx_word' id='word_1_278' title='bbox 581 2898 760 2973; x_wconf 77' lang='lat' dir='ltr'><em>Aegyptum,</em></span> <span class='ocrx_word' id='word_1_279' title='bbox 783 2897 900 2970; x_wconf 87' lang='lat' dir='ltr'><em>quaudo</em></span> <span class='ocrx_word' id='word_1_280' title='bbox 915 2918 983 2955; x_wconf 88' lang='lat' dir='ltr'><em>eum</em></span> <span class='ocrx_word' id='word_1_281' title='bbox 998 2902 1028 2955; x_wconf 91' lang='lat' dir='ltr'><em>in</em></span> <span class='ocrx_word' id='word_1_282' title='bbox 1039 2905 1117 2968; x_wconf 77' lang='lat' dir='ltr'><em>septu</em></span> 
     </span>
    </p>

    <p class='ocr_par' dir='ltr' id='par_1_11' title="bbox 82 2977 1166 3705">
     <span class='ocr_line' id='line_1_33' title="bbox 128 2977 1156 3053; baseline -0.001 -21"><span class='ocrx_word' id='word_1_283' title='bbox 128 2979 212 3053; x_wconf 82' lang='lat' dir='ltr'><em>ginta</em></span> <span class='ocrx_word' id='word_1_284' title='bbox 236 2977 365 3049; x_wconf 89' lang='lat' dir='ltr'><em>quinque</em></span> <span class='ocrx_word' id='word_1_285' title='bbox 388 2979 538 3034; x_wconf 78' lang='lat' dir='ltr'><em>animabus</em></span> <span class='ocrx_word' id='word_1_286' title='bbox 557 2977 708 3051; x_wconf 79' lang='lat' dir='ltr'><em>Scriptura</em></span> <span class='ocrx_word' id='word_1_287' title='bbox 733 2990 957 3052; x_wconf 86' lang='lat' dir='ltr'><em>commemorat,</em></span> <span class='ocrx_word' id='word_1_288' title='bbox 996 2999 1051 3038; x_wconf 85' lang='lat' dir='ltr'><em>nan</em></span> <span class='ocrx_word' id='word_1_289' title='bbox 1073 2985 1119 3031; x_wconf 73' lang='lat' dir='ltr'><em>unt!</em></span> <span class='ocrx_word' id='word_1_290' title='bbox 1152 2986 1156 2995; x_wconf 93' lang='lat'>&#39;</span> 
     </span>
     <span class='ocr_line' id='line_1_34' title="bbox 127 3053 1166 3136; baseline 0.001 -23"><span class='ocrx_word' id='word_1_291' title='bbox 127 3059 205 3128; x_wconf 82' lang='lat' dir='ltr'><em>dies,</em></span> <span class='ocrx_word' id='word_1_292' title='bbox 230 3059 501 3130; x_wconf 73' lang='lat' dir='ltr'><em>attenuemus,</em></span> <span class='ocrx_word' id='word_1_293' title='bbox 528 3059 579 3114; x_wconf 82' lang='lat' dir='ltr'><em>sed</em></span> <span class='ocrx_word' id='word_1_294' title='bbox 602 3069 694 3115; x_wconf 88' lang='lat' dir='ltr'><em>totum</em></span> <span class='ocrx_word' id='word_1_295' title='bbox 711 3059 783 3114; x_wconf 85' lang='lat' dir='ltr'><em>iliud</em></span> <span class='ocrx_word' id='word_1_296' title='bbox 805 3069 849 3116; x_wconf 86' lang='lat' dir='ltr'><em>est</em></span> <span class='ocrx_word' id='word_1_297' title='bbox 868 3071 1000 3136; x_wconf 84' lang='lat' dir='ltr'><em>tempus,</em></span> <span class='ocrx_word' id='word_1_298' title='bbox 1025 3053 1121 3136; x_wconf 73' lang='lat' dir='ltr'><em>quantit</em></span> <span class='ocrx_word' id='word_1_299' title='bbox 1163 3123 1166 3128; x_wconf 88' lang='lat'><em>.</em></span> 
     </span>
     <span class='ocr_line' id='line_1_35' title="bbox 126 3137 1166 3214; baseline 0.001 -19"><span class='ocrx_word' id='word_1_300' title='bbox 126 3141 203 3195; x_wconf 84' lang='lat' dir='ltr'><em>vixit</em></span> <span class='ocrx_word' id='word_1_301' title='bbox 216 3137 327 3211; x_wconf 84' lang='lat' dir='ltr'><em>loseph,</em></span> <span class='ocrx_word' id='word_1_302' title='bbox 347 3157 399 3211; x_wconf 90' lang='lat' dir='ltr'><em>pcr</em></span> <span class='ocrx_word' id='word_1_303' title='bbox 417 3159 502 3214; x_wconf 82' lang='lat' dir='ltr'><em>quem</em></span> <span class='ocrx_word' id='word_1_304' title='bbox 521 3141 688 3202; x_wconf 79' lang='lat' dir='ltr'><em>factumest</em></span> <span class='ocrx_word' id='word_1_305' title='bbox 703 3151 737 3196; x_wconf 91' lang='lat' dir='ltr'><em>ut</em></span> <span class='ocrx_word' id='word_1_306' title='bbox 754 3143 911 3198; x_wconf 88' lang='lat' dir='ltr'><em>intrarent.</em></span> <span class='ocrx_word' id='word_1_307' title='bbox 955 3143 1071 3200; x_wconf 80' lang='lat' dir='ltr'><em>Nande</em></span> <span class='ocrx_word' id='word_1_308' title='bbox 1084 3141 1121 3211; x_wconf 72' lang='lat' dir='ltr'><em>iptt</em></span> <span class='ocrx_word' id='word_1_309' title='bbox 1160 3137 1166 3156; x_wconf 72' lang='lat'>⁴</span> 
     </span>
     <span class='ocr_line' id='line_1_36' title="bbox 125 3217 1166 3301; baseline 0.005 -27"><span class='ocrx_word' id='word_1_310' title='bbox 125 3218 230 3293; x_wconf 85' lang='lat' dir='ltr'><em>loseph</em></span> <span class='ocrx_word' id='word_1_311' title='bbox 248 3219 347 3275; x_wconf 87' lang='lat' dir='ltr'><em>eadem</em></span> <span class='ocrx_word' id='word_1_312' title='bbox 360 3219 512 3296; x_wconf 87' lang='lat' dir='ltr'><em>Scriptura</em></span> <span class='ocrx_word' id='word_1_313' title='bbox 533 3225 575 3279; x_wconf 87' lang='lat' dir='ltr'><em>sie</em></span> <span class='ocrx_word' id='word_1_314' title='bbox 594 3223 736 3296; x_wconf 84' lang='lat' dir='ltr'><em>loquitur:</em></span> <span class='ocrx_word' id='word_1_315' title='bbox 761 3222 804 3278; x_wconf 85' lang='lat' dir='ltr'><em>Et</em></span> <span class='ocrx_word' id='word_1_316' title='bbox 829 3223 980 3282; x_wconf 76' lang='lat' dir='ltr'><em>habitavit</em></span> <span class='ocrx_word' id='word_1_317' title='bbox 997 3221 1089 3301; x_wconf 78' lang='lat' dir='ltr'><em>Iasepi</em></span> <span class='ocrx_word' id='word_1_318' title='bbox 1107 3218 1123 3272; x_wconf 73' lang='lat' dir='ltr'><em>t&#39;t</em></span> <span class='ocrx_word' id='word_1_319' title='bbox 1153 3217 1166 3260; x_wconf 53' lang='lat' dir='ltr'><em>i</em></span> 
     </span>
     <span class='ocr_line' id='line_1_37' title="bbox 82 3299 1166 3382; baseline 0.005 -27"><span class='ocrx_word' id='word_1_320' title='bbox 82 3367 85 3372; x_wconf 19' lang='grc' dir='ltr'>ι</span> <span class='ocrx_word' id='word_1_321' title='bbox 125 3299 275 3377; x_wconf 81' lang='lat' dir='ltr'><em>Aegypta,</em></span> <span class='ocrx_word' id='word_1_322' title='bbox 308 3303 372 3378; x_wconf 84' lang='lat' dir='ltr'><em>ipse</em></span> <span class='ocrx_word' id='word_1_323' title='bbox 390 3314 420 3359; x_wconf 90' lang='lat' dir='ltr'><em>et</em></span> <span class='ocrx_word' id='word_1_324' title='bbox 439 3306 567 3375; x_wconf 81' lang='lat' dir='ltr'><em>fratres</em></span> <span class='ocrx_word' id='word_1_325' title='bbox 586 3307 664 3375; x_wconf 83' lang='lat' dir='ltr'><em>eius,</em></span> <span class='ocrx_word' id='word_1_326' title='bbox 688 3314 718 3360; x_wconf 87' lang='lat' dir='ltr'><em>et</em></span> <span class='ocrx_word' id='word_1_327' title='bbox 737 3306 830 3361; x_wconf 85' lang='lat' dir='ltr'><em>omnis</em></span> <span class='ocrx_word' id='word_1_328' title='bbox 848 3305 1030 3365; x_wconf 78' lang='lat' dir='ltr'><em>cohabitatio</em></span> <span class='ocrx_word' id='word_1_329' title='bbox 1050 3299 1123 3382; x_wconf 80' lang='lat' dir='ltr'><em>paui</em></span> <span class='ocrx_word' id='word_1_330' title='bbox 1156 3303 1166 3342; x_wconf 67' lang='lat'><em>¹·</em></span> 
     </span>
     <span class='ocr_line' id='line_1_38' title="bbox 127 3365 1166 3466; baseline 0.009 -28"><span class='ocrx_word' id='word_1_331' title='bbox 127 3385 208 3438; x_wconf 82' lang='lat' dir='ltr'><em>eiua:</em></span> <span class='ocrx_word' id='word_1_332' title='bbox 236 3392 265 3438; x_wconf 92' lang='lat' dir='ltr'><em>et</em></span> <span class='ocrx_word' id='word_1_333' title='bbox 289 3385 367 3440; x_wconf 76' lang='lat' dir='ltr'><em>vixit</em></span> <span class='ocrx_word' id='word_1_334' title='bbox 391 3395 612 3444; x_wconf 80' lang='lat' dir='ltr'><em>canescentem</em></span> <span class='ocrx_word' id='word_1_335' title='bbox 632 3395 661 3441; x_wconf 86' lang='lat' dir='ltr'><em>et</em></span> <span class='ocrx_word' id='word_1_336' title='bbox 675 3387 782 3454; x_wconf 85' lang='lat' dir='ltr'><em>decem,</em></span> <span class='ocrx_word' id='word_1_337' title='bbox 808 3395 838 3442; x_wconf 90' lang='lat' dir='ltr'><em>et</em></span> <span class='ocrx_word' id='word_1_338' title='bbox 856 3389 934 3444; x_wconf 84' lang='lat' dir='ltr'><em>vidit</em></span> <span class='ocrx_word' id='word_1_339' title='bbox 952 3388 1054 3466; x_wconf 78' lang='lat' dir='ltr'><em>Iorepls</em></span> <span class='ocrx_word' id='word_1_340' title='bbox 1067 3382 1124 3460; x_wconf 65' lang='lat' dir='ltr'><em>filit*</em></span> <span class='ocrx_word' id='word_1_341' title='bbox 1157 3365 1166 3426; x_wconf 52' lang='lat' dir='ltr'><em>i</em></span> 
     </span>
     <span class='ocr_line' id='line_1_39' title="bbox 126 3461 1166 3543; baseline 0.004 -25"><span class='ocrx_word' id='word_1_342' title='bbox 126 3461 278 3538; x_wconf 76' lang='lat' dir='ltr'><em>Ephraem</em></span> <span class='ocrx_word' id='word_1_343' title='bbox 291 3481 380 3539; x_wconf 83' lang='lat' dir='ltr'><em>usqae</em></span> <span class='ocrx_word' id='word_1_344' title='bbox 394 3469 423 3521; x_wconf 84' lang='lat' dir='ltr'><em>in</em></span> <span class='ocrx_word' id='word_1_345' title='bbox 437 3470 559 3523; x_wconf 85' lang='lat' dir='ltr'><em>tertiam</em></span> <span class='ocrx_word' id='word_1_346' title='bbox 571 3469 801 3541; x_wconf 81' lang='lat' dir='ltr'><em>generationem.</em></span> <span class='ocrx_word' id='word_1_347' title='bbox 829 3468 895 3542; x_wconf 82' lang='lat' dir='ltr'><em>lpse</em></span> <span class='ocrx_word' id='word_1_348' title='bbox 915 3481 963 3526; x_wconf 81' lang='lat' dir='ltr'><em>est</em></span> <span class='ocrx_word' id='word_1_349' title='bbox 980 3472 1029 3526; x_wconf 87' lang='lat' dir='ltr'><em>ille</em></span> <span class='ocrx_word' id='word_1_350' title='bbox 1047 3480 1124 3543; x_wconf 74' lang='lat' dir='ltr'><em>prout</em></span> <span class='ocrx_word' id='word_1_351' title='bbox 1159 3472 1166 3516; x_wconf 79' lang='lat'>¹</span> 
     </span>
     <span class='ocr_line' id='line_1_40' title="bbox 126 3543 1166 3625; baseline 0.006 -28"><span class='ocrx_word' id='word_1_352' title='bbox 126 3560 178 3614; x_wconf 81' lang='lat' dir='ltr'><em>poc</em></span> <span class='ocrx_word' id='word_1_353' title='bbox 193 3546 253 3598; x_wconf 83' lang='lat' dir='ltr'><em>eius</em></span> <span class='ocrx_word' id='word_1_354' title='bbox 267 3546 302 3600; x_wconf 85' lang='lat' dir='ltr'><em>ab</em></span> <span class='ocrx_word' id='word_1_355' title='bbox 314 3545 459 3620; x_wconf 87' lang='lat' dir='ltr'><em>Ephracm</em></span> <span class='ocrx_word' id='word_1_356' title='bbox 472 3549 586 3602; x_wconf 88' lang='lat' dir='ltr'><em>tertius.</em></span> <span class='ocrx_word' id='word_1_357' title='bbox 621 3548 849 3622; x_wconf 78' lang='lat' dir='ltr'><em>Generationeru</em></span> <span class='ocrx_word' id='word_1_358' title='bbox 861 3552 971 3625; x_wconf 89' lang='lat' dir='ltr'><em>quippe</em></span> <span class='ocrx_word' id='word_1_359' title='bbox 983 3554 1087 3607; x_wconf 82' lang='lat' dir='ltr'><em>tertiam</em></span> <span class='ocrx_word' id='word_1_360' title='bbox 1096 3543 1122 3597; x_wconf 73' lang='lat' dir='ltr'><em>d&#39;r</em></span> <span class='ocrx_word' id='word_1_361' title='bbox 1160 3551 1166 3604; x_wconf 68' lang='lat' dir='ltr'><em>i</em></span> 
     </span>
     <span class='ocr_line' id='line_1_41' title="bbox 125 3623 1166 3705; baseline -0.005 -19"><span class='ocrx_word' id='word_1_362' title='bbox 125 3625 176 3691; x_wconf 64' lang='lat' dir='ltr'><em>eit,</em></span> <span class='ocrx_word' id='word_1_363' title='bbox 189 3623 293 3694; x_wconf 88' lang='lat' dir='ltr'><em>filium,</em></span> <span class='ocrx_word' id='word_1_364' title='bbox 307 3638 453 3700; x_wconf 89' lang='lat' dir='ltr'><em>nepotem,</em></span> <span class='ocrx_word' id='word_1_365' title='bbox 467 3637 665 3702; x_wconf 87' lang='lat' dir='ltr'><em>pronepotem.</em></span> <span class='ocrx_word' id='word_1_366' title='bbox 679 3628 795 3686; x_wconf 86' lang='lat' dir='ltr'><em>Deinde</em></span> <span class='ocrx_word' id='word_1_367' title='bbox 808 3634 951 3705; x_wconf 84' lang='lat' dir='ltr'><em>sequitur:</em></span> <span class='ocrx_word' id='word_1_368' title='bbox 965 3633 1007 3688; x_wconf 84' lang='lat' dir='ltr'><em>Et</em></span> <span class='ocrx_word' id='word_1_369' title='bbox 1011 3632 1070 3702; x_wconf 76' lang='lat' dir='ltr'><em>fita·</em></span> <span class='ocrx_word' id='word_1_370' title='bbox 1079 3623 1123 3682; x_wconf 78' lang='lat' dir='ltr'><em>ttr·</em></span> <span class='ocrx_word' id='word_1_371' title='bbox 1162 3635 1166 3666; x_wconf 83' lang='lat'><strong>¹</strong></span> 
     </span>
    </p>
   </div>
   <div class='ocr_carea' id='block_1_10' title="bbox 25 3701 1164 3788">
    <p class='ocr_par' dir='ltr' id='par_1_12' title="bbox 25 3701 1164 3788">
     <span class='ocr_line' id='line_1_42' title="bbox 25 3701 1164 3788; baseline 0.007 -33"><span class='ocrx_word' id='word_1_372' title='bbox 25 3733 26 3736; x_wconf 61' lang='lat'><em>=</em></span> <span class='ocrx_word' id='word_1_373' title='bbox 125 3701 205 3770; x_wconf 75' lang='lat' dir='ltr'><em>ebir,</em></span> <span class='ocrx_word' id='word_1_374' title='bbox 216 3705 282 3772; x_wconf 80' lang='lat' dir='ltr'><em>filit</em></span> <span class='ocrx_word' id='word_1_375' title='bbox 293 3706 444 3779; x_wconf 75' lang='lat' dir='ltr'><em>Monetae,</em></span> <span class='ocrx_word' id='word_1_376' title='bbox 458 3712 526 3766; x_wconf 85' lang='lat' dir='ltr'><em>nati</em></span> <span class='ocrx_word' id='word_1_377' title='bbox 538 3720 606 3766; x_wconf 84' lang='lat' dir='ltr'><em>sant</em></span> <span class='ocrx_word' id='word_1_378' title='bbox 620 3711 844 3788; x_wconf 84' lang='lat' dir='ltr'><em>saprafcmcra</em></span> <span class='ocrx_word' id='word_1_379' title='bbox 858 3710 973 3788; x_wconf 78' lang='lat' dir='ltr'><em>Ioseph.</em></span> <span class='ocrx_word' id='word_1_380' title='bbox 994 3714 1033 3768; x_wconf 86' lang='lat' dir='ltr'><em>Et</em></span> <span class='ocrx_word' id='word_1_381' title='bbox 1043 3711 1081 3765; x_wconf 78' lang='lat' dir='ltr'><em>irie</em></span> <span class='ocrx_word' id='word_1_382' title='bbox 1091 3705 1123 3759; x_wconf 82' lang='lat' dir='ltr'><em>iis</em></span> <span class='ocrx_word' id='word_1_383' title='bbox 1163 3713 1164 3722; x_wconf 76' lang='grc'>’</span> 
     </span>
    </p>
   </div>
   <div class='ocr_carea' id='block_1_11' title="bbox 125 3782 1121 3878">
    <p class='ocr_par' dir='ltr' id='par_1_13' title="bbox 125 3782 1121 3878">
     <span class='ocr_line' id='line_1_43' title="bbox 125 3782 1121 3878; baseline 0.016 -46"><span class='ocrx_word' id='word_1_384' title='bbox 125 3782 186 3853; x_wconf 85' lang='lat' dir='ltr'><em>ipse</em></span> <span class='ocrx_word' id='word_1_385' title='bbox 201 3793 246 3838; x_wconf 85' lang='lat' dir='ltr'><em>est</em></span> <span class='ocrx_word' id='word_1_386' title='bbox 258 3803 347 3858; x_wconf 88' lang='lat' dir='ltr'><em>nepos</em></span> <span class='ocrx_word' id='word_1_387' title='bbox 361 3789 505 3860; x_wconf 71' lang='lat' dir='ltr'><em>Mauorte,</em></span> <span class='ocrx_word' id='word_1_388' title='bbox 519 3808 662 3866; x_wconf 83' lang='lat' dir='ltr'><em>pronepes</em></span> <span class='ocrx_word' id='word_1_389' title='bbox 677 3792 789 3867; x_wconf 88' lang='lat' dir='ltr'><em>loseph.</em></span> <span class='ocrx_word' id='word_1_390' title='bbox 810 3793 883 3878; x_wconf 27' lang='lat' dir='ltr'><em>&#39;Set</em></span> <span class='ocrx_word' id='word_1_391' title='bbox 895 3796 1041 3868; x_wconf 85' lang='lat' dir='ltr'><em>pluraliter</em></span> <span class='ocrx_word' id='word_1_392' title='bbox 1052 3786 1121 3864; x_wconf 70' lang='lat' dir='ltr'><em>sppd‘</em></span> 
     </span>
    </p>
   </div>
   <div class='ocr_carea' id='block_1_12' title="bbox 0 0 1179 4308">
    <p class='ocr_par' dir='ltr' id='par_1_14' title="bbox 0 0 1179 4308">
     <span class='ocr_line' id='line_1_44' title="bbox 0 0 1179 4308; baseline 0 0"><span class='ocrx_word' id='word_1_393' title='bbox 0 0 1179 4308; x_wconf 95' lang='lat' dir='ltr'><em> </em></span> 
     </span>
    </p>
   </div>
  </div>
 </body>
</html>
