2266 4312
71 232 80 240 ·
188 213 241 286 eis
514 223 841 282 ,unsucavs

194 349 278 404 off.
300 345 429 404 XXVII.
458 348 502 402 De
521 349 596 401 bello
625 348 697 399 civili
751 351 813 398 ctus
832 347 949 399 deorum
969 347 1011 399 rel
1030 349 1097 400 iuven

162 434 164 437 ’
227 419 701 487 MarianoatqueSyllano.Pag.98
750 419 915 467 descrantur
930 419 1041 468 auxilio.
1086 421 1097 469 l

196 488 279 540 CAP.
286 487 346 540 XX
353 488 430 542 VIII.
443 490 538 550 Qualis
546 487 699 552 fueritSyl-
718 484 800 536 CAP.
809 484 886 536 VIII.
894 488 1097 546 Quorumdeoru

165 566 166 569 ’
226 560 292 609 lana
301 560 426 620 victoria,
446 558 547 608 vindex
557 557 698 608 Marianae
749 555 821 606 sidio
833 555 1058 620 putentRomani
1071 559 1097 606 in

227 627 400 678 crudelitatis
403 660 628 676 ......
664 623 698 673 98
750 639 829 674 suum
847 629 961 673 auctum
976 632 1057 691 atque
1073 641 1097 675 sc

193 696 278 748 CAV.
291 692 406 750 XXIX.
431 695 474 744 De
494 693 698 759 comparatione
750 707 812 742 cum
823 693 940 758 singulis
950 695 995 743 vix
1005 695 1097 760 singull

227 763 363 815 Gothicae
377 765 554 828 irruptionis,
574 777 635 811 curn
658 763 698 811 eis
749 777 811 812 rurn
831 763 979 830 tuitionem
1000 765 1095 812 commi

227 834 364 893 cladibus,
390 847 458 898 quas
479 833 596 882 Ronraui
617 829 698 880 vela
751 830 1002 880 essecrediderint.
1039 867 1045 880 .
1082 869 1089 881 .

227 901 328 966 Gallis,
347 901 392 950 vel
403 917 419 950 a
429 900 565 950 bellorum
577 899 697 950 civilium
717 895 798 948 CAP.
810 896 864 950 IX.
883 899 1097 963 Animperiilton

120 1012 121 1015 ,
226 969 386 1019 auctoribus
405 974 579 1034 acceperunt.
621 1003 628 1016 .
663 965 698 1016 99
750 967 1097 1032 plitudoctdiuturnitasl

150 1093 153 1104 ¹
192 1037 276 1088 CAP.
288 1034 388 1088 XXX.
407 1037 450 1087 Ile
462 1038 630 1096 connexione
640 1035 698 1085 bel·
749 1038 787 1084 rit
798 1035 990 1098 adscribenda,
1001 1052 1097 1102 querna

154 1101 155 1104 ’
220 1107 324 1169 lorum,
345 1101 581 1172 quaeradventum
597 1104 697 1154 Christi
724 1129 725 1132 =
749 1105 840 1154 Deum
861 1104 985 1155 cultores
1006 1108 1091 1170 ipsius

225 1176 345 1241 plurima
360 1181 389 1226 et
403 1175 566 1241 gravissima
575 1187 697 1239 praeces·
748 1179 802 1222 tur.
858 1209 864 1222 .
903 1209 909 1221 .
948 1209 955 1222 .
993 1210 1000 1222 .
1039 1211 1045 1224 .
1084 1211 1090 1224 .

225 1251 330 1295 serunt.
378 1279 384 1293 .
422 1279 429 1292 .
468 1279 475 1292 .
603 1277 610 1290 .
648 1239 698 1290 100
716 1237 845 1290 GARX.
871 1242 947 1300 Quas
969 1245 1097 1307 opinione

192 1311 276 1364 OAP.
287 1305 402 1364 XXXI.
423 1313 510 1372 Quam
521 1310 698 1376 impudenter
749 1311 813 1370 sint,
833 1311 880 1375 qui
900 1310 1027 1360 diverses
1049 1313 1097 1362 deo

225 1385 382 1448 praesentia
395 1381 571 1430 incommoda
588 1378 696 1428 Cbn'sto
749 1381 787 1426 sis
810 1379 903 1428 mundi
927 1381 1055 1443 partibus
1083 1397 1097 1447 p

202 1509 204 1514 Ι
223 1454 369 1517 imputent,
389 1443 518 1516 qui'deos
534 1449 625 1498 colere
641 1462 695 1496 non
749 1452 814 1496 runt
817 1479 1090 1498 .......

101 1549 102 1558 .
224 1523 368 1582 sinuntur,
398 1535 458 1569 cum
483 1522 577 1567 tantae
603 1516 696 1567 clades
717 1512 798 1564 CAP.
809 1513 863 1566 XI.
888 1514 931 1566 Dc
951 1516 1048 1566 multis
1067 1519 1097 1568 dil

122 1637 124 1640 .
225 1595 323 1640 contra
342 1604 390 1639 cos
406 1595 529 1652 tempore
549 1599 604 1652 quo
624 1585 696 1636 cole·
749 1585 1097 1650 doctorespaganorumun

159 1709 164 1716 ,
224 1659 324 1710 bantur
340 1657 507 1709 exstiterint.
542 1683 562 1704 ».
600 1689 607 1702 .
645 1651 693 1702 101
747 1653 865 1770 gensque
900 1655 995 1704 Iovem
1032 1671 1092 1707 esse

248 1774 390 1852 LIBER
416 1764 634 1838 QVARTVS·
718 1728 879 1841 CAIIItXII.
901 1758 946 1840 lie
966 1759 1096 1857 oninione

146 1901 147 1904 η
224 1861 320 1928 lnquo
331 1861 473 1926 probatur,
487 1857 695 1923 amplitudinem
749 1860 795 1926 qui
817 1860 906 1910 Deum
927 1862 1048 1910 animam
1070 1879 1095 1912 m

188 1929 305 1979 Romani
321 1931 428 1994 imperii
442 1943 474 1978 ac
484 1927 694 1977 diuturnitatem
748 1929 881 1980 mundum
892 1944 994 1995 corpus
1006 1931 1061 1981 Dei
1072 1947 1097 1982 es

188 1998 398 2048 adscribendam
410 2011 479 2056 esse,
500 2010 555 2044 non
565 1996 623 2045 lovi
634 1997 696 2045 diis·
748 1999 849 2047 rerunt
849 2033 1089 2050 ......

188 2082 222 2117 vc
233 2080 413 2132 paganorum,
423 2064 696 2130 quihussingulisvix
718 2061 797 2116 OAP.
809 2063 894 2116 XIII.
919 2066 964 2117 De
980 2065 1023 2117 his
1038 2071 1085 2135 qui

189 2135 315 2199 singulae
340 2148 384 2183 res
405 2138 433 2182 et
453 2134 547 2182 intima
571 2149 695 2200 quaeque
747 2133 864 2185 tionalia
879 2137 1034 2194 animantia
1054 2154 1097 2204 par

189 2199 388 2252 committenda
402 2200 586 2250 credebantur·
597 2202 696 2263 officia,
748 2207 827 2252 unius
839 2203 891 2252 Dei
907 2211 1046 2255 asserunt.
1083 2241 1090 2254 .

188 2270 238 2320 sed
249 2271 297 2318 uni
307 2285 372 2319 vero
379 2269 439 2319 Deo
451 2268 593 2319 felicitatis
603 2277 696 2321 aucto·
717 2268 796 2321 CAP.
804 2268 891 2337 XIV.
907 2273 1064 2338 Augmenta
1074 2290 1097 2324 rt

187 2340 223 2399 ri,
234 2337 696 2407 cuiuspotestateaeiud'icioregna
746 2341 804 2390 lovi
836 2341 1056 2406 incongruenter
1089 2359 1097 2393 ε

187 2411 301 2456 terrena
312 2407 517 2457 constituuntur
537 2413 620 2474 atquc
639 2424 695 2460 ser·
748 2425 820 2471 curn,
830 2410 997 2472 siVictoria,
1012 2417 1045 2460 ut
1055 2411 1097 2462 rol

95 2493 98 2498 ¹
187 2480 296 2524 vantur.
748 2483 798 2539 est,
809 2481 870 2542 ipsa
881 2476 945 2528 huic
955 2483 1097 2546 negotiosi

107 2591 110 2602 .
188 2557 356 2612 CAPVTI.
376 2559 694 2627 Debisquacprimovo-
748 2552 864 2598 celeb·
901 2581 909 2596 ·
947 2583 955 2602 -·
993 2585 1001 2598 ·
1039 2585 1046 2598 ·
1085 2587 1091 2599 ·

222 2628 562 2696 luminedisputatasunt.
600 2666 606 2680 .
645 2629 694 2680 102
713 2613 788 2698 ΜΡ
788 2612 868 2666 ·XV
866 2651 872 2664 ·
891 2616 931 2664 ΛΠ
944 2620 1097 2683 9011099011

191 2693 275 2748 CAP.
287 2698 327 2749 II.
346 2698 693 2765 Dehisquaclibrosecun·
744 2684 1046 2750 ²¹¹¹⁸V⁰¹¹⁰¹⁸⁰g⁰³lflw
1084 2723 1091 2738 ·

222 2766 258 2815 do
274 2773 302 2817 et
315 2769 400 2820 tertio
421 2769 606 2818 continentur.
644 2767 693 2818 103
715 2769 794 2821 CAP.
805 2767 887 2820 XVI.
906 2770 981 2830 Quid
993 2771 1097 2838 fueritr,

188 2831 272 2885 CAP.
289 2835 345 2887 III.
377 2838 417 2885 dn
437 2837 555 2886 latitudo
577 2838 693 2901 imperii,
746 2839 1097 2904 maniomnibusrcbusct

221 2919 295 2970 quac
307 2919 362 2954 non
373 2906 424 2954 nisi
436 2905 517 2955 bellis
532 2907 693 2972 acquiritur,
747 2906 939 2957 motibusdeos
951 2909 1097 2975 singulos(

221 2973 251 3022 in
262 2974 341 3023 bonis
352 2975 582 3038 siresapiontium
594 2973 693 3025 haben-
742 2983 797 3038 tos,
809 2976 905 3027 aedem
916 2978 1026 3037 Quietis
1037 2986 1097 3030 extr

222 3039 259 3090 da
268 3043 314 3102 sit,
325 3043 381 3094 sire
392 3041 524 3092 felicium.
553 3079 560 3094 .
598 3079 605 3092 .
645 3043 694 3094 105
747 3044 1000 3096 essevoluerunt..
1039 3084 1046 3098 .
1084 3084 1091 3096 .

187 3105 332 3162 CAPJV.
352 3112 441 3173 Quam
461 3111 562 3162 similia
580 3113 636 3162 sint
655 3113 694 3164 la·
713 3110 902 3165 CARXVII.
922 3116 964 3164 An
985 3117 1010 3164 si
1024 3115 1097 3166 lovis

221 3179 347 3230 trociniis
375 3195 461 3246 regna
488 3181 591 3247 absque
617 3182 694 3234 iusti-
746 3185 1097 3248 potestasest‚etiamvict

109 3273 111 3276 ·
207 3247 323 3306 tia...
330 3284 605 3299 .......
644 3249 693 3300 100
747 3253 1050 3304 debueritexistimari.
1084 3291 1091 3304 .

191 3311 275 3366 ΟΑΡ.
293 3312 323 3366 V.
342 3317 386 3368 De
397 3315 521 3383 fugitivis
531 3318 692 3384 gladiatori-
714 3318 796 3370 CAP.
808 3315 923 3370 XVIII.
937 3320 1097 3373 Felicitates

221 3386 286 3447 bus,
311 3400 429 3452 quorum
449 3389 576 3451 potentia
595 3385 693 3437 similis
745 3393 841 3438 tunam
853 3390 899 3454 qui
910 3389 978 3438 deas
990 3397 1097 3455 putant,

221 3451 306 3504 fuerit
317 3456 410 3520 regiae
423 3455 561 3521 dignitati.
598 3491 605 3505 .
644 3455 693 3507 106
745 3458 822 3506 tione
842 3464 1000 3518 secernunt.
1038 3496 1045 3508 .
1083 3495 1089 3507 .

189 3519 273 3572 CAP.
291 3522 337 3573 VI.
356 3523 400 3573 Dc
415 3523 565 3588 cupiditate
575 3523 638 3574 Nini
651 3540 692 3576 re·
712 3523 792 3582 02¹ss
804 3522 889 3575 XIX.
915 3525 960 3576 De
981 3526 1097 3576 Fortuna

222 3593 272 3656 gis,
292 3594 338 3657 qui
355 3597 386 3644 ut
400 3590 485 3642 latius
495 3592 692 3654 dominaretur,
722 3595 826 3644 ·'bri..
856 3631 862 3643 .
901 3631 908 3643 .
947 3629 953 3643 .

221 3661 325 3722 primus
366 3661 462 3711 intulit
503 3661 578 3712 bella
611 3663 693 3711 liniti-
712 3660 874 3713 CARXX.
904 3663 947 3712 De
967 3665 1079 3715 Virtute

222 3729 283 3776 mis.
330 3764 559 3781 ......
569 3767 604 3795 Ι.
643 3729 692 3782 107
747 3747 815 3798 quas
836 3734 935 3798 pagani
957 3733 1097 3800 templise

189 3791 271 3844 CAP.
289 3794 351 3846 VII.
371 3797 412 3846 An
423 3813 508 3863 regna
522 3805 635 3849 terrena
652 3801 691 3850 in·
746 3799 1097 3865 lionuraver·nnt,praeterm

129 3923 131 3928 y
222 3867 266 3913 ter
280 3863 420 3929 profectus
435 3881 500 3917 suos
520 3873 602 3935 atque
618 3868 702 3920 dese-1
720 3921 729 3930 ,
745 3869 894 3930 allabona,
910 3885 981 3936 quae
993 3869 1097 3920 similite
