<?xml version="1.0" encoding="UTF-8"?>
<!DOCTYPE html PUBLIC "-//W3C//DTD XHTML 1.0 Transitional//EN"
    "http://www.w3.org/TR/xhtml1/DTD/xhtml1-transitional.dtd">
<html xmlns="http://www.w3.org/1999/xhtml" xml:lang="en" lang="en">
 <head>
  <title>
</title>
<meta http-equiv="Content-Type" content="text/html;charset=utf-8" />
  <meta name='ocr-system' content='tesseract 3.04.00' />
  <meta name='ocr-capabilities' content='ocr_page ocr_carea ocr_par ocr_line ocrx_word'/>
</head>
<body>
  <div class='ocr_page' id='page_1' title='image "./saureliiaugusti00augugoog_0355.png"; bbox 0 0 2362 4320; ppageno 0'>
   <div class='ocr_carea' id='block_1_1' title="bbox 149 163 1098 308">
    <p class='ocr_par' dir='ltr' id='par_1_1' title="bbox 149 163 1098 308">
     <span class='ocr_line' id='line_1_1' title="bbox 149 163 1098 308; baseline 0.008 -26"><span class='ocrx_word' id='word_1_1' title='bbox 149 163 794 296; x_wconf 59' lang='lat' dir='ltr'>³nacrvrrn&#39;runar&#39;msmrl</span> <span class='ocrx_word' id='word_1_2' title='bbox 843 245 845 258; x_wconf 63' lang='lat'>‹</span> <span class='ocrx_word' id='word_1_3' title='bbox 900 231 1015 290; x_wconf 81' lang='lat' dir='ltr'>·aoo</span> <span class='ocrx_word' id='word_1_4' title='bbox 1095 261 1098 308; x_wconf 53' lang='lat'>2</span> 
     </span>
    </p>
   </div>
   <div class='ocr_carea' id='block_1_2' title="bbox 35 349 1056 536">
    <p class='ocr_par' dir='ltr' id='par_1_2' title="bbox 35 349 1056 536">
     <span class='ocr_line' id='line_1_2' title="bbox 35 349 1056 447; baseline 0.005 -15"><span class='ocrx_word' id='word_1_5' title='bbox 35 373 92 432; x_wconf 76' lang='lat' dir='ltr'>tint</span> <span class='ocrx_word' id='word_1_6' title='bbox 101 383 175 430; x_wconf 86' lang='lat' dir='ltr'>eutem</span> <span class='ocrx_word' id='word_1_7' title='bbox 187 394 203 431; x_wconf 89' lang='lat' dir='ltr'>a</span> <span class='ocrx_word' id='word_1_8' title='bbox 215 386 296 432; x_wconf 89' lang='lat' dir='ltr'>reeta</span> <span class='ocrx_word' id='word_1_9' title='bbox 308 375 381 447; x_wconf 85' lang='lat' dir='ltr'>fide,</span> <span class='ocrx_word' id='word_1_10' title='bbox 407 375 498 432; x_wconf 90' lang='lat' dir='ltr'>uthis</span> <span class='ocrx_word' id='word_1_11' title='bbox 512 349 676 435; x_wconf 86' lang='lat' dir='ltr'>Salomonis</span> <span class='ocrx_word' id='word_1_12' title='bbox 688 377 785 434; x_wconf 81' lang='lat' dir='ltr'>verbis</span> <span class='ocrx_word' id='word_1_13' title='bbox 800 379 865 436; x_wconf 90' lang='lat' dir='ltr'>illos</span> <span class='ocrx_word' id='word_1_14' title='bbox 886 380 1008 436; x_wconf 87' lang='lat' dir='ltr'>eireum-</span> <span class='ocrx_word' id='word_1_15' title='bbox 1054 367 1056 370; x_wconf 33' lang='lat'>¹</span> 
     </span>
     <span class='ocr_line' id='line_1_3' title="bbox 35 447 1009 536; baseline 0.009 -27"><span class='ocrx_word' id='word_1_16' title='bbox 35 447 234 532; x_wconf 83' lang='lat' dir='ltr'>iussignilieatos</span> <span class='ocrx_word' id='word_1_17' title='bbox 250 477 315 518; x_wconf 85' lang='lat' dir='ltr'>esse</span> <span class='ocrx_word' id='word_1_18' title='bbox 329 457 494 529; x_wconf 75' lang='lat' dir='ltr'>credamus,</span> <span class='ocrx_word' id='word_1_19' title='bbox 521 461 624 534; x_wconf 84' lang='lat' dir='ltr'>quibus</span> <span class='ocrx_word' id='word_1_20' title='bbox 645 464 689 518; x_wconf 87' lang='lat' dir='ltr'>illi</span> <span class='ocrx_word' id='word_1_21' title='bbox 705 455 827 533; x_wconf 85' lang='lat' dir='ltr'>putant,</span> <span class='ocrx_word' id='word_1_22' title='bbox 853 463 1009 536; x_wconf 6' lang='lat' dir='ltr'>siqweadem</span> 
     </span>
    </p>
   </div>
   <div class='ocr_carea' id='block_1_3' title="bbox 35 543 1106 620">
    <p class='ocr_par' dir='ltr' id='par_1_3' title="bbox 35 543 1106 620">
     <span class='ocr_line' id='line_1_4' title="bbox 35 543 1106 620; baseline 0.007 -28"><span class='ocrx_word' id='word_1_23' title='bbox 35 547 149 612; x_wconf 84' lang='lat' dir='ltr'>temporum</span> <span class='ocrx_word' id='word_1_24' title='bbox 168 543 422 615; x_wconf 78' lang='lat' dir='ltr'>temporaliumque</span> <span class='ocrx_word' id='word_1_25' title='bbox 442 561 540 598; x_wconf 87' lang='lat' dir='ltr'>rerum</span> <span class='ocrx_word' id='word_1_26' title='bbox 558 544 706 598; x_wconf 74' lang='lat' dir='ltr'>volumina</span> <span class='ocrx_word' id='word_1_27' title='bbox 723 546 830 616; x_wconf 82' lang='lat' dir='ltr'>repeti„</span> <span class='ocrx_word' id='word_1_28' title='bbox 857 553 905 613; x_wconf 91' lang='lat' dir='ltr'>ut,</span> <span class='ocrx_word' id='word_1_29' title='bbox 929 545 1011 620; x_wconf 84' lang='lat' dir='ltr'>verbi</span> <span class='ocrx_word' id='word_1_30' title='bbox 1104 547 1106 552; x_wconf 85' lang='lat'>&#39;</span> 
     </span>
    </p>
   </div>
   <div class='ocr_carea' id='block_1_4' title="bbox 30 623 1101 1442">
    <p class='ocr_par' dir='ltr' id='par_1_4' title="bbox 30 623 1101 1442">
     <span class='ocr_line' id='line_1_5' title="bbox 35 623 1012 700; baseline 0.007 -26"><span class='ocrx_word' id='word_1_31' title='bbox 35 624 111 695; x_wconf 78' lang='lat' dir='ltr'>gratia,</span> <span class='ocrx_word' id='word_1_32' title='bbox 125 625 191 690; x_wconf 90' lang='lat' dir='ltr'>sieut</span> <span class='ocrx_word' id='word_1_33' title='bbox 203 626 260 679; x_wconf 90' lang='lat' dir='ltr'>isto</span> <span class='ocrx_word' id='word_1_34' title='bbox 277 626 393 700; x_wconf 90' lang='lat' dir='ltr'>saeeulo</span> <span class='ocrx_word' id='word_1_35' title='bbox 408 623 491 680; x_wconf 91' lang='lat' dir='ltr'>Plato</span> <span class='ocrx_word' id='word_1_36' title='bbox 504 623 688 700; x_wconf 85' lang='lat' dir='ltr'>philosophus</span> <span class='ocrx_word' id='word_1_37' title='bbox 703 627 734 680; x_wconf 93' lang='lat' dir='ltr'>in</span> <span class='ocrx_word' id='word_1_38' title='bbox 747 627 817 682; x_wconf 88' lang='lat' dir='ltr'>urbe</span> <span class='ocrx_word' id='word_1_39' title='bbox 828 625 1012 695; x_wconf 71' lang='lat' dir='ltr'><strong>Atheniensi,</strong></span> 
     </span>
     <span class='ocr_line' id='line_1_6' title="bbox 35 704 1013 782; baseline 0.011 -28"><span class='ocrx_word' id='word_1_40' title='bbox 35 712 56 756; x_wconf 88' lang='lat' dir='ltr'>et</span> <span class='ocrx_word' id='word_1_41' title='bbox 66 705 86 757; x_wconf 92' lang='lat' dir='ltr'>in</span> <span class='ocrx_word' id='word_1_42' title='bbox 96 723 120 759; x_wconf 88' lang='lat' dir='ltr'>ea</span> <span class='ocrx_word' id='word_1_43' title='bbox 130 704 308 780; x_wconf 83' lang='lat' dir='ltr'>seholaquae</span> <span class='ocrx_word' id='word_1_44' title='bbox 321 706 476 763; x_wconf 77' lang='lat' dir='ltr'><strong>Academia</strong></span> <span class='ocrx_word' id='word_1_45' title='bbox 490 707 566 762; x_wconf 91' lang='lat' dir='ltr'>dieta</span> <span class='ocrx_word' id='word_1_46' title='bbox 581 718 641 779; x_wconf 88' lang='lat' dir='ltr'>est,</span> <span class='ocrx_word' id='word_1_47' title='bbox 670 708 826 782; x_wconf 82' lang='lat' dir='ltr'>discipulos</span> <span class='ocrx_word' id='word_1_48' title='bbox 841 709 957 778; x_wconf 85' lang='lat' dir='ltr'>docuit,</span> <span class='ocrx_word' id='word_1_49' title='bbox 971 711 1013 765; x_wconf 85' lang='lat' dir='ltr'>ita</span> 
     </span>
     <span class='ocr_line' id='line_1_7' title="bbox 35 787 1091 864; baseline 0.007 -26"><span class='ocrx_word' id='word_1_50' title='bbox 35 787 268 856; x_wconf 82' lang='lat' dir='ltr'>perinnurnerabilia</span> <span class='ocrx_word' id='word_1_51' title='bbox 281 797 359 844; x_wconf 83' lang='lat' dir='ltr'>retro</span> <span class='ocrx_word' id='word_1_52' title='bbox 374 791 503 860; x_wconf 84' lang='lat' dir='ltr'>saecula,</span> <span class='ocrx_word' id='word_1_53' title='bbox 514 792 634 846; x_wconf 89' lang='lat' dir='ltr'>multum</span> <span class='ocrx_word' id='word_1_54' title='bbox 649 791 772 864; x_wconf 75' lang='lat' dir='ltr'>prolixis</span> <span class='ocrx_word' id='word_1_55' title='bbox 786 791 903 864; x_wconf 89' lang='lat' dir='ltr'>quidem</span> <span class='ocrx_word' id='word_1_56' title='bbox 920 793 1013 848; x_wconf 75' lang='lat' dir='ltr'>inter-</span> <span class='ocrx_word' id='word_1_57' title='bbox 1089 797 1091 802; x_wconf 88' lang='lat'>&#39;</span> 
     </span>
     <span class='ocr_line' id='line_1_8' title="bbox 30 868 1014 942; baseline 0.01 -22"><span class='ocrx_word' id='word_1_58' title='bbox 30 868 148 939; x_wconf 58' lang='grc' dir='ltr'>ι1111111111</span> <span class='ocrx_word' id='word_1_59' title='bbox 159 882 255 926; x_wconf 88' lang='lat' dir='ltr'>tamen</span> <span class='ocrx_word' id='word_1_60' title='bbox 271 873 370 942; x_wconf 87' lang='lat' dir='ltr'>certis,</span> <span class='ocrx_word' id='word_1_61' title='bbox 386 879 414 926; x_wconf 84' lang='lat' dir='ltr'>et</span> <span class='ocrx_word' id='word_1_62' title='bbox 425 871 501 926; x_wconf 91' lang='lat' dir='ltr'>idem</span> <span class='ocrx_word' id='word_1_63' title='bbox 507 871 589 928; x_wconf 88' lang='lat' dir='ltr'>Plato</span> <span class='ocrx_word' id='word_1_64' title='bbox 603 883 632 934; x_wconf 83' lang='lat' dir='ltr'>et</span> <span class='ocrx_word' id='word_1_65' title='bbox 643 874 743 930; x_wconf 86' lang='lat' dir='ltr'>eadem</span> <span class='ocrx_word' id='word_1_66' title='bbox 753 875 857 930; x_wconf 85' lang='lat' dir='ltr'>civitas</span> <span class='ocrx_word' id='word_1_67' title='bbox 872 884 901 928; x_wconf 93' lang='lat' dir='ltr'>et</span> <span class='ocrx_word' id='word_1_68' title='bbox 913 874 1014 930; x_wconf 87' lang='lat' dir='ltr'>endem</span> 
     </span>
     <span class='ocr_line' id='line_1_9' title="bbox 40 946 1013 1028; baseline 0.01 -26"><span class='ocrx_word' id='word_1_69' title='bbox 40 946 238 1027; x_wconf 75' lang='lat' dir='ltr'>rebeliiIdemque</span> <span class='ocrx_word' id='word_1_70' title='bbox 260 954 395 1026; x_wconf 82' lang='lat' dir='ltr'>discipuli</span> <span class='ocrx_word' id='word_1_71' title='bbox 408 955 542 1026; x_wconf 90' lang='lat' dir='ltr'>repetiti,</span> <span class='ocrx_word' id='word_1_72' title='bbox 560 964 590 1009; x_wconf 87' lang='lat' dir='ltr'>et</span> <span class='ocrx_word' id='word_1_73' title='bbox 608 974 659 1028; x_wconf 89' lang='lat' dir='ltr'>per</span> <span class='ocrx_word' id='word_1_74' title='bbox 673 957 896 1018; x_wconf 67' lang='lat' dir='ltr'>innumerabilia</span> <span class='ocrx_word' id='word_1_75' title='bbox 909 957 1013 1024; x_wconf 76' lang='lat' dir='ltr'>deinde</span> 
     </span>
     <span class='ocr_line' id='line_1_10' title="bbox 42 1035 1101 1110; baseline 0.011 -26"><span class='ocrx_word' id='word_1_76' title='bbox 42 1035 264 1108; x_wconf 82' lang='lat' dir='ltr'>saeedarepetondi</span> <span class='ocrx_word' id='word_1_77' title='bbox 277 1038 352 1091; x_wconf 89' lang='lat' dir='ltr'>sint:</span> <span class='ocrx_word' id='word_1_78' title='bbox 379 1038 471 1108; x_wconf 88' lang='lat' dir='ltr'>absit,</span> <span class='ocrx_word' id='word_1_79' title='bbox 497 1038 632 1110; x_wconf 89' lang='lat' dir='ltr'>inquam,</span> <span class='ocrx_word' id='word_1_80' title='bbox 658 1049 691 1093; x_wconf 89' lang='lat' dir='ltr'>ut</span> <span class='ocrx_word' id='word_1_81' title='bbox 709 1057 762 1092; x_wconf 91' lang='lat' dir='ltr'>nos</span> <span class='ocrx_word' id='word_1_82' title='bbox 781 1041 837 1095; x_wconf 87' lang='lat' dir='ltr'>ista</span> <span class='ocrx_word' id='word_1_83' title='bbox 851 1041 1011 1096; x_wconf 78' lang='lat' dir='ltr'><strong>credamus.</strong></span> <span class='ocrx_word' id='word_1_84' title='bbox 1098 1081 1101 1096; x_wconf 52' lang='grc'><strong>1</strong></span> 
     </span>
     <span class='ocr_line' id='line_1_11' title="bbox 42 1107 1013 1194; baseline 0.014 -31"><span class='ocrx_word' id='word_1_85' title='bbox 42 1107 99 1169; x_wconf 78' lang='lat' dir='ltr'>Sensi</span> <span class='ocrx_word' id='word_1_86' title='bbox 110 1121 176 1174; x_wconf 86' lang='lat' dir='ltr'>enim</span> <span class='ocrx_word' id='word_1_87' title='bbox 191 1117 323 1178; x_wconf 81' lang='lat' dir='ltr'>Christus</span> <span class='ocrx_word' id='word_1_88' title='bbox 341 1111 484 1190; x_wconf 82' lang='lat' dir='ltr'>niortnus</span> <span class='ocrx_word' id='word_1_89' title='bbox 495 1129 540 1174; x_wconf 90' lang='lat' dir='ltr'>est</span> <span class='ocrx_word' id='word_1_90' title='bbox 550 1137 608 1192; x_wconf 90' lang='lat' dir='ltr'>pro</span> <span class='ocrx_word' id='word_1_91' title='bbox 626 1123 888 1194; x_wconf 77' lang='lat' dir='ltr'>peccatisnostris:</span> <span class='ocrx_word' id='word_1_92' title='bbox 915 1135 1013 1178; x_wconf 75' lang='lat' dir='ltr'>resur&#39;-</span> 
     </span>
     <span class='ocr_line' id='line_1_12' title="bbox 36 1203 1024 1280; baseline 0.017 -34"><span class='ocrx_word' id='word_1_93' title='bbox 36 1210 167 1280; x_wconf 84' lang='lat' dir='ltr'>gensautem</span> <span class='ocrx_word' id='word_1_94' title='bbox 186 1221 203 1258; x_wconf 88' lang='lat' dir='ltr'>o</span> <span class='ocrx_word' id='word_1_95' title='bbox 225 1203 348 1258; x_wconf 84' lang='lat' dir='ltr'>mortuis</span> <span class='ocrx_word' id='word_1_96' title='bbox 366 1203 424 1258; x_wconf 88' lang='lat' dir='ltr'>iam</span> <span class='ocrx_word' id='word_1_97' title='bbox 446 1222 506 1258; x_wconf 91' lang='lat' dir='ltr'>non</span> <span class='ocrx_word' id='word_1_98' title='bbox 523 1205 670 1275; x_wconf 76' lang='lat' dir='ltr'>moritur„</span> <span class='ocrx_word' id='word_1_99' title='bbox 689 1213 718 1258; x_wconf 92' lang='lat' dir='ltr'>et</span> <span class='ocrx_word' id='word_1_100' title='bbox 731 1221 808 1260; x_wconf 88' lang='lat' dir='ltr'>mors</span> <span class='ocrx_word' id='word_1_101' title='bbox 822 1206 849 1260; x_wconf 89' lang='lat' dir='ltr'>ei</span> <span class='ocrx_word' id='word_1_102' title='bbox 863 1207 940 1262; x_wconf 79' lang='lat' dir='ltr'>ultra</span> <span class='ocrx_word' id='word_1_103' title='bbox 953 1219 1024 1263; x_wconf 79' lang='lat' dir='ltr'>non&#39;</span> 
     </span>
     <span class='ocr_line' id='line_1_13' title="bbox 34 1273 1012 1359; baseline 0.008 -23"><span class='ocrx_word' id='word_1_104' title='bbox 34 1273 188 1340; x_wconf 70' lang='lat' dir='ltr'>damnabitur:</span> <span class='ocrx_word' id='word_1_105' title='bbox 216 1293 245 1339; x_wconf 91' lang='lat' dir='ltr'>et</span> <span class='ocrx_word' id='word_1_106' title='bbox 265 1303 318 1339; x_wconf 91' lang='lat' dir='ltr'>nos</span> <span class='ocrx_word' id='word_1_107' title='bbox 337 1293 403 1358; x_wconf 92' lang='lat' dir='ltr'>post</span> <span class='ocrx_word' id='word_1_108' title='bbox 419 1287 667 1342; x_wconf 78' lang='lat' dir='ltr'>resurrectionem</span> <span class='ocrx_word' id='word_1_109' title='bbox 681 1304 792 1359; x_wconf 77' lang='lat' dir='ltr'>semper</span> <span class='ocrx_word' id='word_1_110' title='bbox 807 1305 872 1342; x_wconf 87' lang='lat' dir='ltr'>eum</span> <span class='ocrx_word' id='word_1_111' title='bbox 885 1286 1012 1346; x_wconf 86' lang='lat' dir='ltr'>Domino</span> 
     </span>
     <span class='ocr_line' id='line_1_14' title="bbox 33 1359 1013 1442; baseline 0.01 -26"><span class='ocrx_word' id='word_1_112' title='bbox 33 1359 114 1437; x_wconf 72' lang='lat' dir='ltr'>trinus,</span> <span class='ocrx_word' id='word_1_113' title='bbox 136 1371 181 1422; x_wconf 89' lang='lat' dir='ltr'>eui</span> <span class='ocrx_word' id='word_1_114' title='bbox 195 1367 279 1423; x_wconf 91' lang='lat' dir='ltr'>modo</span> <span class='ocrx_word' id='word_1_115' title='bbox 294 1366 431 1436; x_wconf 76' lang='lat' dir='ltr'>dicimus,</span> <span class='ocrx_word' id='word_1_116' title='bbox 448 1367 535 1442; x_wconf 60' lang='lat' dir='ltr'>1quod</span> <span class='ocrx_word' id='word_1_117' title='bbox 549 1385 631 1422; x_wconf 85' lang='lat' dir='ltr'>saeer</span> <span class='ocrx_word' id='word_1_118' title='bbox 644 1369 781 1423; x_wconf 89' lang='lat' dir='ltr'>admonet</span> <span class='ocrx_word' id='word_1_119' title='bbox 792 1367 938 1440; x_wconf 79' lang='lat' dir='ltr'>Psalmus:</span> <span class='ocrx_word' id='word_1_120' title='bbox 969 1371 1013 1428; x_wconf 81' lang='lat' dir='ltr'>Tu</span> 
     </span>
    </p>
   </div>
   <div class='ocr_carea' id='block_1_5' title="bbox 29 1433 1141 1524">
    <p class='ocr_par' dir='ltr' id='par_1_5' title="bbox 29 1433 1141 1524">
     <span class='ocr_line' id='line_1_15' title="bbox 29 1433 1141 1524; baseline 0.014 -29"><span class='ocrx_word' id='word_1_121' title='bbox 29 1433 115 1505; x_wconf 79' lang='lat' dir='ltr'>Domine</span> <span class='ocrx_word' id='word_1_122' title='bbox 124 1450 253 1507; x_wconf 81' lang='lat' dir='ltr'>servabis</span> <span class='ocrx_word' id='word_1_123' title='bbox 267 1467 330 1518; x_wconf 79' lang='lat' dir='ltr'>nos,</span> <span class='ocrx_word' id='word_1_124' title='bbox 346 1459 374 1506; x_wconf 87' lang='lat' dir='ltr'>et</span> <span class='ocrx_word' id='word_1_125' title='bbox 386 1452 533 1518; x_wconf 83' lang='lat' dir='ltr'>custodies</span> <span class='ocrx_word' id='word_1_126' title='bbox 546 1465 598 1506; x_wconf 82' lang='lat' dir='ltr'>nos</span> <span class='ocrx_word' id='word_1_127' title='bbox 613 1469 631 1504; x_wconf 84' lang='lat' dir='ltr'>a</span> <span class='ocrx_word' id='word_1_128' title='bbox 644 1451 904 1524; x_wconf 81' lang='lat' dir='ltr'>generationeboc</span> <span class='ocrx_word' id='word_1_129' title='bbox 918 1455 947 1509; x_wconf 85' lang='lat' dir='ltr'>in</span> <span class='ocrx_word' id='word_1_130' title='bbox 962 1474 1013 1510; x_wconf 87' lang='lat' dir='ltr'>oe·</span> <span class='ocrx_word' id='word_1_131' title='bbox 1037 1489 1041 1494; x_wconf 82' lang='lat'><em>.</em></span> <span class='ocrx_word' id='word_1_132' title='bbox 1138 1495 1141 1504; x_wconf 79' lang='lat'><em>-</em></span> 
     </span>
    </p>
   </div>
   <div class='ocr_carea' id='block_1_6' title="bbox 26 1526 1066 1852">
    <p class='ocr_par' dir='ltr' id='par_1_6' title="bbox 26 1526 1066 1852">
     <span class='ocr_line' id='line_1_16' title="bbox 26 1526 1066 1610; baseline 0.018 -39"><span class='ocrx_word' id='word_1_133' title='bbox 26 1526 111 1587; x_wconf 76' lang='lat' dir='ltr'>ternio.</span> <span class='ocrx_word' id='word_1_134' title='bbox 151 1531 230 1588; x_wconf 87' lang='lat' dir='ltr'>Satis</span> <span class='ocrx_word' id='word_1_135' title='bbox 249 1542 346 1588; x_wconf 88' lang='lat' dir='ltr'>autem</span> <span class='ocrx_word' id='word_1_136' title='bbox 364 1533 430 1588; x_wconf 87' lang='lat' dir='ltr'>istis</span> <span class='ocrx_word' id='word_1_137' title='bbox 450 1535 586 1588; x_wconf 81' lang='lat' dir='ltr'>existimo</span> <span class='ocrx_word' id='word_1_138' title='bbox 607 1534 765 1590; x_wconf 84' lang='lat' dir='ltr'>convenire</span> <span class='ocrx_word' id='word_1_139' title='bbox 778 1533 1011 1609; x_wconf 85' lang='lat' dir='ltr'>quodsoquitur,</span> <span class='ocrx_word' id='word_1_140' title='bbox 1062 1605 1066 1610; x_wconf 28' lang='grc' dir='ltr'>ι</span> 
     </span>
     <span class='ocr_line' id='line_1_17' title="bbox 26 1595 1013 1691; baseline 0.008 -27"><span class='ocrx_word' id='word_1_141' title='bbox 26 1595 188 1671; x_wconf 56' lang='lat' dir='ltr'>&amp;assumito</span> <span class='ocrx_word' id='word_1_142' title='bbox 202 1616 288 1691; x_wconf 73' lang='lat' dir='ltr'>impii</span> <span class='ocrx_word' id='word_1_143' title='bbox 306 1614 473 1674; x_wconf 81' lang='lat' dir='ltr'>ambulant:</span> <span class='ocrx_word' id='word_1_144' title='bbox 501 1633 560 1672; x_wconf 91' lang='lat' dir='ltr'>non</span> <span class='ocrx_word' id='word_1_145' title='bbox 575 1615 644 1687; x_wconf 86' lang='lat' dir='ltr'>quia</span> <span class='ocrx_word' id='word_1_146' title='bbox 659 1633 712 1688; x_wconf 88' lang='lat' dir='ltr'>per</span> <span class='ocrx_word' id='word_1_147' title='bbox 727 1616 850 1671; x_wconf 88' lang='lat' dir='ltr'>eiroulos</span> <span class='ocrx_word' id='word_1_148' title='bbox 865 1635 935 1689; x_wconf 91' lang='lat' dir='ltr'>quos</span> <span class='ocrx_word' id='word_1_149' title='bbox 951 1619 1013 1690; x_wconf 91' lang='lat' dir='ltr'>opi-</span> 
     </span>
     <span class='ocr_line' id='line_1_18' title="bbox 26 1693 1011 1772; baseline 0.001 -23"><span class='ocrx_word' id='word_1_150' title='bbox 26 1695 110 1768; x_wconf 70' lang='lat' dir='ltr'>baur,</span> <span class='ocrx_word' id='word_1_151' title='bbox 134 1717 234 1753; x_wconf 89' lang='lat' dir='ltr'>eorum</span> <span class='ocrx_word' id='word_1_152' title='bbox 247 1699 311 1758; x_wconf 63' lang='lat' dir='ltr'>vita,</span> <span class='ocrx_word' id='word_1_153' title='bbox 323 1706 367 1752; x_wconf 88' lang='lat' dir='ltr'>est</span> <span class='ocrx_word' id='word_1_154' title='bbox 379 1713 551 1768; x_wconf 81' lang='lat' dir='ltr'>recursura3</span> <span class='ocrx_word' id='word_1_155' title='bbox 579 1696 630 1751; x_wconf 88' lang='lat' dir='ltr'>sed</span> <span class='ocrx_word' id='word_1_156' title='bbox 646 1699 713 1772; x_wconf 87' lang='lat' dir='ltr'>quia</span> <span class='ocrx_word' id='word_1_157' title='bbox 725 1693 810 1753; x_wconf 91' lang='lat' dir='ltr'>modo</span> <span class='ocrx_word' id='word_1_158' title='bbox 824 1699 892 1754; x_wconf 89' lang='lat' dir='ltr'>talis</span> <span class='ocrx_word' id='word_1_159' title='bbox 906 1708 951 1756; x_wconf 89' lang='lat' dir='ltr'>est</span> <span class='ocrx_word' id='word_1_160' title='bbox 965 1719 1011 1755; x_wconf 62' lang='lat' dir='ltr'>er-,</span> 
     </span>
     <span class='ocr_line' id='line_1_19' title="bbox 26 1767 799 1852; baseline 0.006 -21"><span class='ocrx_word' id='word_1_161' title='bbox 26 1775 69 1831; x_wconf 79' lang='lat' dir='ltr'>ttm</span> <span class='ocrx_word' id='word_1_162' title='bbox 80 1797 172 1836; x_wconf 88' lang='lat' dir='ltr'>eorum</span> <span class='ocrx_word' id='word_1_163' title='bbox 186 1781 249 1852; x_wconf 84' lang='lat' dir='ltr'>via,</span> <span class='ocrx_word' id='word_1_164' title='bbox 274 1781 305 1836; x_wconf 85' lang='lat' dir='ltr'>id</span> <span class='ocrx_word' id='word_1_165' title='bbox 319 1790 377 1851; x_wconf 90' lang='lat' dir='ltr'>est,</span> <span class='ocrx_word' id='word_1_166' title='bbox 390 1780 618 1836; x_wconf 85' lang='lat' dir='ltr'>folsadoetnina.</span> <span class='ocrx_word' id='word_1_167' title='bbox 700 1807 703 1816; x_wconf 73' lang='lat'>,</span> <span class='ocrx_word' id='word_1_168' title='bbox 793 1767 799 1784; x_wconf 50' lang='lat'>⁸</span> 
     </span>
    </p>
   </div>
   <div class='ocr_carea' id='block_1_7' title="bbox 362 1891 886 2000">
    <p class='ocr_par' dir='ltr' id='par_1_7' title="bbox 362 1885 886 2000">
     <span class='ocr_line' id='line_1_20' title="bbox 362 1891 886 2000; baseline 0.013 -13"><span class='ocrx_word' id='word_1_169' title='bbox 362 1911 635 1990; x_wconf 76' lang='lat' dir='ltr'>cnexlv.</span> <span class='ocrx_word' id='word_1_170' title='bbox 717 1891 729 1986; x_wconf 61' lang='lat'>&#39;.</span> <span class='ocrx_word' id='word_1_171' title='bbox 796 1987 800 2000; x_wconf 82' lang='grc'>,</span> <span class='ocrx_word' id='word_1_172' title='bbox 874 1975 886 1994; x_wconf 48' lang='lat' dir='ltr'><em>s</em></span> 
     </span>
    </p>
   </div>
   <div class='ocr_carea' id='block_1_8' title="bbox 26 2009 1015 2173">
    <p class='ocr_par' dir='ltr' id='par_1_8' title="bbox 26 2009 1015 2173">
     <span class='ocr_line' id='line_1_21' title="bbox 26 2009 1015 2096; baseline 0.006 -20"><span class='ocrx_word' id='word_1_173' title='bbox 26 2009 187 2094; x_wconf 63' lang='lat' dir='ltr'>&#39;‘temporoli</span> <span class='ocrx_word' id='word_1_174' title='bbox 207 2026 358 2082; x_wconf 79' lang='lat' dir='ltr'>conditione</span> <span class='ocrx_word' id='word_1_175' title='bbox 366 2026 483 2096; x_wconf 68' lang='lat' dir='ltr'>generis</span> <span class='ocrx_word' id='word_1_176' title='bbox 503 2025 629 2089; x_wconf 74' lang='lat' dir='ltr'>humani,</span> <span class='ocrx_word' id='word_1_177' title='bbox 650 2041 728 2094; x_wconf 75' lang='lat' dir='ltr'>priam</span> <span class='ocrx_word' id='word_1_178' title='bbox 737 2024 813 2084; x_wconf 79' lang='lat' dir='ltr'>Deus</span> <span class='ocrx_word' id='word_1_179' title='bbox 823 2039 946 2088; x_wconf 77' lang='lat' dir='ltr'>oeenooo</span> <span class='ocrx_word' id='word_1_180' title='bbox 956 2045 1015 2082; x_wconf 84' lang='lat' dir='ltr'>eoo-</span> 
     </span>
     <span class='ocr_line' id='line_1_22' title="bbox 105 2094 906 2173; baseline 0.002 -27"><span class='ocrx_word' id='word_1_181' title='bbox 105 2102 108 2108; x_wconf 88' lang='lat'>&#39;</span> <span class='ocrx_word' id='word_1_182' title='bbox 125 2101 131 2128; x_wconf 67' lang='lat'>⁸</span> <span class='ocrx_word' id='word_1_183' title='bbox 186 2096 246 2146; x_wconf 84' lang='lat' dir='ltr'>sitio</span> <span class='ocrx_word' id='word_1_184' title='bbox 262 2094 446 2170; x_wconf 78' lang='lat' dir='ltr'>eonstitoerit,</span> <span class='ocrx_word' id='word_1_185' title='bbox 465 2095 647 2148; x_wconf 73' lang='lat' dir='ltr'>nectarctabili</span> <span class='ocrx_word' id='word_1_186' title='bbox 661 2099 812 2173; x_wconf 58' lang='lat' dir='ltr'>voluntate,</span> <span class='ocrx_word' id='word_1_187' title='bbox 884 2117 886 2126; x_wconf 50' lang='lat'>³</span> <span class='ocrx_word' id='word_1_188' title='bbox 903 2105 906 2109; x_wconf 84' lang='grc'><strong>’</strong></span> 
     </span>
    </p>
   </div>
   <div class='ocr_carea' id='block_1_9' title="bbox 26 2199 1056 3269">
    <p class='ocr_par' dir='ltr' id='par_1_9' title="bbox 26 2199 1056 3269">
     <span class='ocr_line' id='line_1_23' title="bbox 44 2199 1015 2274; baseline 0.003 -17"><span class='ocrx_word' id='word_1_189' title='bbox 44 2201 119 2268; x_wconf 55' lang='lat' dir='ltr'>&gt;Quid</span> <span class='ocrx_word' id='word_1_190' title='bbox 132 2211 232 2257; x_wconf 86' lang='lat' dir='ltr'>autem¹</span> <span class='ocrx_word' id='word_1_191' title='bbox 241 2203 348 2258; x_wconf 89' lang='lat' dir='ltr'>mirum</span> <span class='ocrx_word' id='word_1_192' title='bbox 362 2211 421 2272; x_wconf 86' lang='lat' dir='ltr'>est,</span> <span class='ocrx_word' id='word_1_193' title='bbox 446 2203 471 2260; x_wconf 84' lang='lat' dir='ltr'>si</span> <span class='ocrx_word' id='word_1_194' title='bbox 484 2199 574 2256; x_wconf 83' lang='lat' dir='ltr'>inlris</span> <span class='ocrx_word' id='word_1_195' title='bbox 588 2203 785 2258; x_wconf 83' lang='lat' dir='ltr'>circumitibus</span> <span class='ocrx_word' id='word_1_196' title='bbox 800 2213 946 2274; x_wconf 77' lang='lat' dir='ltr'>errantes,</span> <span class='ocrx_word' id='word_1_197' title='bbox 961 2223 1015 2260; x_wconf 88' lang='lat' dir='ltr'>nee</span> 
     </span>
     <span class='ocr_line' id='line_1_24' title="bbox 26 2277 1014 2366; baseline 0.004 -27"><span class='ocrx_word' id='word_1_198' title='bbox 26 2277 107 2355; x_wconf 75' lang='lat' dir='ltr'>lton,</span> <span class='ocrx_word' id='word_1_199' title='bbox 133 2304 189 2340; x_wconf 89' lang='lat' dir='ltr'>nee</span> <span class='ocrx_word' id='word_1_200' title='bbox 213 2287 327 2340; x_wconf 84' lang='lat' dir='ltr'>exitum</span> <span class='ocrx_word' id='word_1_201' title='bbox 348 2281 523 2341; x_wconf 82' lang='lat' dir='ltr'>inveniuntl</span> <span class='ocrx_word' id='word_1_202' title='bbox 550 2286 625 2351; x_wconf 73' lang='lat' dir='ltr'>Quia</span> <span class='ocrx_word' id='word_1_203' title='bbox 643 2303 736 2366; x_wconf 83' lang='lat' dir='ltr'>genus</span> <span class='ocrx_word' id='word_1_204' title='bbox 756 2284 1014 2362; x_wconf 84' lang='lat' dir='ltr'>humanumatque</span> 
     </span>
     <span class='ocr_line' id='line_1_25' title="bbox 26 2368 1014 2442; baseline 0.006 -22"><span class='ocrx_word' id='word_1_205' title='bbox 26 2379 39 2420; x_wconf 78' lang='lat' dir='ltr'>t</span> <span class='ocrx_word' id='word_1_206' title='bbox 59 2368 367 2437; x_wconf 53' lang='lat' dir='ltr'>nostra‘mortelitas,</span> <span class='ocrx_word' id='word_1_207' title='bbox 392 2386 448 2424; x_wconf 84' lang='lat' dir='ltr'>nee</span> <span class='ocrx_word' id='word_1_208' title='bbox 463 2385 521 2442; x_wconf 91' lang='lat' dir='ltr'>quo</span> <span class='ocrx_word' id='word_1_209' title='bbox 540 2369 626 2440; x_wconf 77' lang='lat' dir='ltr'>initio</span> <span class='ocrx_word' id='word_1_210' title='bbox 641 2378 743 2440; x_wconf 88' lang='lat' dir='ltr'>eoepta</span> <span class='ocrx_word' id='word_1_211' title='bbox 761 2370 800 2424; x_wconf 88' lang='lat' dir='ltr'>sit</span> <span class='ocrx_word' id='word_1_212' title='bbox 818 2372 931 2441; x_wconf 84' lang='lat' dir='ltr'>seiont,</span> <span class='ocrx_word' id='word_1_213' title='bbox 958 2389 1014 2427; x_wconf 88' lang='lat' dir='ltr'>nee</span> 
     </span>
     <span class='ocr_line' id='line_1_26' title="bbox 26 2449 1014 2526; baseline 0.007 -24"><span class='ocrx_word' id='word_1_214' title='bbox 26 2451 111 2506; x_wconf 85' lang='lat' dir='ltr'>ofine</span> <span class='ocrx_word' id='word_1_215' title='bbox 124 2449 290 2520; x_wconf 82' lang='lat' dir='ltr'>claudatur3</span> <span class='ocrx_word' id='word_1_216' title='bbox 315 2449 561 2524; x_wconf 86' lang='lat' dir='ltr'>quandoquidem</span> <span class='ocrx_word' id='word_1_217' title='bbox 582 2449 766 2506; x_wconf 76' lang='lat' dir='ltr'>altitudinem</span> <span class='ocrx_word' id='word_1_218' title='bbox 779 2450 838 2506; x_wconf 92' lang='lat' dir='ltr'>Dei</span> <span class='ocrx_word' id='word_1_219' title='bbox 860 2463 1014 2526; x_wconf 88' lang='lat' dir='ltr'>penetrare</span> 
     </span>
     <span class='ocr_line' id='line_1_27' title="bbox 26 2533 1013 2607; baseline -0.006 -19"><span class='ocrx_word' id='word_1_220' title='bbox 26 2543 193 2607; x_wconf 72' lang='lat' dir='ltr'>apostant:</span> <span class='ocrx_word' id='word_1_221' title='bbox 205 2558 208 2568; x_wconf 30' lang='grc' dir='ltr'><strong><em>Δ</em></strong></span> <span class='ocrx_word' id='word_1_222' title='bbox 221 2535 289 2606; x_wconf 89' lang='lat' dir='ltr'>quio</span> <span class='ocrx_word' id='word_1_223' title='bbox 302 2533 367 2588; x_wconf 88' lang='lat' dir='ltr'>eum</span> <span class='ocrx_word' id='word_1_224' title='bbox 381 2535 443 2606; x_wconf 86' lang='lat' dir='ltr'>ipse</span> <span class='ocrx_word' id='word_1_225' title='bbox 457 2535 496 2588; x_wconf 84' lang='lat' dir='ltr'>sit</span> <span class='ocrx_word' id='word_1_226' title='bbox 508 2543 644 2589; x_wconf 87' lang='lat' dir='ltr'>aeternus</span> <span class='ocrx_word' id='word_1_227' title='bbox 660 2541 689 2586; x_wconf 90' lang='lat' dir='ltr'>et</span> <span class='ocrx_word' id='word_1_228' title='bbox 703 2534 766 2587; x_wconf 88' lang='lat' dir='ltr'>sine</span> <span class='ocrx_word' id='word_1_229' title='bbox 780 2535 901 2604; x_wconf 51' lang='lat' dir='ltr'>midos</span> <span class='ocrx_word' id='word_1_230' title='bbox 911 2536 945 2592; x_wconf 89' lang='lat' dir='ltr'>ab</span> <span class='ocrx_word' id='word_1_231' title='bbox 960 2538 1013 2591; x_wconf 84' lang='lat' dir='ltr'>ali.</span> 
     </span>
     <span class='ocr_line' id='line_1_28' title="bbox 26 2613 1014 2692; baseline 0.008 -24"><span class='ocrx_word' id='word_1_232' title='bbox 26 2631 35 2668; x_wconf 86' lang='grc'><strong>1</strong></span> <span class='ocrx_word' id='word_1_233' title='bbox 47 2627 148 2672; x_wconf 65' lang='lat' dir='ltr'>umen</span> <span class='ocrx_word' id='word_1_234' title='bbox 162 2618 248 2672; x_wconf 90' lang='lat' dir='ltr'>initio</span> <span class='ocrx_word' id='word_1_235' title='bbox 262 2633 386 2692; x_wconf 55' lang='lat' dir='ltr'>emersus</span> <span class='ocrx_word' id='word_1_236' title='bbox 401 2623 446 2671; x_wconf 87' lang='lat' dir='ltr'>est</span> <span class='ocrx_word' id='word_1_237' title='bbox 459 2625 604 2690; x_wconf 90' lang='lat' dir='ltr'>tempora,</span> <span class='ocrx_word' id='word_1_238' title='bbox 633 2623 661 2669; x_wconf 86' lang='lat' dir='ltr'>et</span> <span class='ocrx_word' id='word_1_239' title='bbox 674 2613 820 2670; x_wconf 89' lang='lat' dir='ltr'>hominem</span> <span class='ocrx_word' id='word_1_240' title='bbox 839 2633 924 2688; x_wconf 85' lang='lat' dir='ltr'>quem</span> <span class='ocrx_word' id='word_1_241' title='bbox 937 2637 1014 2676; x_wconf 90' lang='lat' dir='ltr'>nun-</span> 
     </span>
     <span class='ocr_line' id='line_1_29' title="bbox 26 2699 1012 2774; baseline 0.001 -20"><span class='ocrx_word' id='word_1_242' title='bbox 26 2713 63 2754; x_wconf 78' lang='grc'><strong>1111</strong></span> <span class='ocrx_word' id='word_1_243' title='bbox 76 2709 148 2754; x_wconf 77' lang='lat' dir='ltr'>ante</span> <span class='ocrx_word' id='word_1_244' title='bbox 162 2699 291 2768; x_wconf 85' lang='lat' dir='ltr'>fecerat,</span> <span class='ocrx_word' id='word_1_245' title='bbox 305 2699 378 2754; x_wconf 85' lang='lat' dir='ltr'>feeit</span> <span class='ocrx_word' id='word_1_246' title='bbox 389 2701 421 2754; x_wconf 93' lang='lat' dir='ltr'>in</span> <span class='ocrx_word' id='word_1_247' title='bbox 434 2709 575 2772; x_wconf 87' lang='lat' dir='ltr'>tempore,</span> <span class='ocrx_word' id='word_1_248' title='bbox 590 2715 650 2753; x_wconf 86' lang='lat' dir='ltr'>non</span> <span class='ocrx_word' id='word_1_249' title='bbox 664 2704 760 2753; x_wconf 88' lang='lat' dir='ltr'>tamen</span> <span class='ocrx_word' id='word_1_250' title='bbox 775 2708 894 2754; x_wconf 83' lang='lat' dir='ltr'>novo-et</span> <span class='ocrx_word' id='word_1_251' title='bbox 907 2717 1012 2774; x_wconf 82' lang='lat' dir='ltr'>repon-</span> 
     </span>
     <span class='ocr_line' id='line_1_30' title="bbox 26 2779 1013 2856; baseline 0.001 -19"><span class='ocrx_word' id='word_1_252' title='bbox 26 2785 56 2852; x_wconf 85' lang='lat' dir='ltr'>o,</span> <span class='ocrx_word' id='word_1_253' title='bbox 73 2782 127 2837; x_wconf 86' lang='lat' dir='ltr'>sed</span> <span class='ocrx_word' id='word_1_254' title='bbox 142 2783 316 2837; x_wconf 76' lang='lat' dir='ltr'>immutabili</span> <span class='ocrx_word' id='word_1_255' title='bbox 330 2792 505 2856; x_wconf 88' lang='lat' dir='ltr'>aeternoque</span> <span class='ocrx_word' id='word_1_256' title='bbox 520 2781 652 2837; x_wconf 86' lang='lat' dir='ltr'>oonsilio.</span> <span class='ocrx_word' id='word_1_257' title='bbox 689 2781 761 2846; x_wconf 68' lang='lat' dir='ltr'>Quis</span> <span class='ocrx_word' id='word_1_258' title='bbox 775 2779 848 2836; x_wconf 85' lang='lat' dir='ltr'>hone</span> <span class='ocrx_word' id='word_1_259' title='bbox 861 2782 1013 2838; x_wconf 84' lang='lat' dir='ltr'>valeatol-</span> 
     </span>
     <span class='ocr_line' id='line_1_31' title="bbox 26 2858 1013 2941; baseline 0 -21"><span class='ocrx_word' id='word_1_260' title='bbox 26 2865 137 2921; x_wconf 71' lang='lat' dir='ltr'>{dinem</span> <span class='ocrx_word' id='word_1_261' title='bbox 151 2865 387 2941; x_wconf 72' lang='lat' dir='ltr'>investigabilem</span> <span class='ocrx_word' id='word_1_262' title='bbox 401 2858 459 2941; x_wconf 86' lang='lat' dir='ltr'>[in]</span> <span class='ocrx_word' id='word_1_263' title='bbox 473 2865 644 2940; x_wconf 66' lang='lat' dir='ltr'>vvestigare,</span> <span class='ocrx_word' id='word_1_264' title='bbox 669 2872 700 2918; x_wconf 87' lang='lat' dir='ltr'>et</span> <span class='ocrx_word' id='word_1_265' title='bbox 712 2865 932 2918; x_wconf 82' lang='lat' dir='ltr'>inscrutabilem</span> <span class='ocrx_word' id='word_1_266' title='bbox 946 2859 1013 2937; x_wconf 81' lang='lat' dir='ltr'>per-</span> 
     </span>
     <span class='ocr_line' id='line_1_32' title="bbox 26 2945 1014 3024; baseline 0 -20"><span class='ocrx_word' id='word_1_267' title='bbox 26 2949 130 3024; x_wconf 55' lang='grc' dir='ltr'>ιιίαῄ,ι</span> <span class='ocrx_word' id='word_1_268' title='bbox 148 2947 308 3003; x_wconf 74' lang='lat' dir='ltr'>secunlum</span> <span class='ocrx_word' id='word_1_269' title='bbox 325 2965 417 3020; x_wconf 22' lang='lat' dir='ltr'>*quam</span> <span class='ocrx_word' id='word_1_270' title='bbox 441 2946 523 3003; x_wconf 88' lang='lat' dir='ltr'>Deus</span> <span class='ocrx_word' id='word_1_271' title='bbox 545 2945 692 3001; x_wconf 89' lang='lat' dir='ltr'>hominem</span> <span class='ocrx_word' id='word_1_272' title='bbox 716 2947 918 3020; x_wconf 77' lang='lat' dir='ltr'>temporalem,</span> <span class='ocrx_word' id='word_1_273' title='bbox 945 2958 1014 3003; x_wconf 88' lang='lat' dir='ltr'>ante</span> 
     </span>
     <span class='ocr_line' id='line_1_33' title="bbox 26 3027 1056 3103; baseline 0.004 -19"><span class='ocrx_word' id='word_1_274' title='bbox 26 3051 61 3086; x_wconf 71' lang='grc'><strong>1111</strong></span> <span class='ocrx_word' id='word_1_275' title='bbox 75 3048 164 3086; x_wconf 87' lang='lat' dir='ltr'>nemo</span> <span class='ocrx_word' id='word_1_276' title='bbox 178 3047 306 3103; x_wconf 88' lang='lat' dir='ltr'>uuquam</span> <span class='ocrx_word' id='word_1_277' title='bbox 319 3027 554 3099; x_wconf 79' lang='lat' dir='ltr'>hominumiuit,</span> <span class='ocrx_word' id='word_1_278' title='bbox 580 3046 641 3084; x_wconf 90' lang='lat' dir='ltr'>non</span> <span class='ocrx_word' id='word_1_279' title='bbox 660 3028 962 3094; x_wconf 54' lang='lat' dir='ltr'>mutabili‘roluntate</span> <span class='ocrx_word' id='word_1_280' title='bbox 982 3032 1013 3086; x_wconf 90' lang='lat' dir='ltr'>in</span> <span class='ocrx_word' id='word_1_281' title='bbox 1053 3073 1056 3088; x_wconf 77' lang='grc'>,</span> 
     </span>
     <span class='ocr_line' id='line_1_34' title="bbox 26 3109 1014 3188; baseline -0.004 -18"><span class='ocrx_word' id='word_1_282' title='bbox 26 3133 109 3188; x_wconf 80' lang='lat' dir='ltr'>ipore</span> <span class='ocrx_word' id='word_1_283' title='bbox 134 3111 281 3182; x_wconf 81' lang='lat' dir='ltr'>condidit,</span> <span class='ocrx_word' id='word_1_284' title='bbox 309 3122 339 3168; x_wconf 90' lang='lat' dir='ltr'>et</span> <span class='ocrx_word' id='word_1_285' title='bbox 360 3131 453 3188; x_wconf 76' lang='lat' dir='ltr'>genus</span> <span class='ocrx_word' id='word_1_286' title='bbox 477 3111 632 3168; x_wconf 83' lang='lat' dir='ltr'>humanum</span> <span class='ocrx_word' id='word_1_287' title='bbox 657 3130 694 3166; x_wconf 87' lang='lat' dir='ltr'>ex</span> <span class='ocrx_word' id='word_1_288' title='bbox 711 3113 774 3167; x_wconf 62' lang='lat' dir='ltr'>&#39;uno</span> <span class='ocrx_word' id='word_1_289' title='bbox 793 3109 1014 3186; x_wconf 59' lang='lat' dir='ltr'>multiplicavit?</span> 
     </span>
     <span class='ocr_line' id='line_1_35' title="bbox 26 3193 1013 3269; baseline -0.004 -17"><span class='ocrx_word' id='word_1_290' title='bbox 26 3195 105 3258; x_wconf 77' lang='lat' dir='ltr'>ando</span> <span class='ocrx_word' id='word_1_291' title='bbox 120 3195 236 3269; x_wconf 77' lang='lat' dir='ltr'>quidem</span> <span class='ocrx_word' id='word_1_292' title='bbox 251 3193 382 3250; x_wconf 89' lang='lat' dir='ltr'>Psalmus</span> <span class='ocrx_word' id='word_1_293' title='bbox 396 3197 458 3268; x_wconf 88' lang='lat' dir='ltr'>ipse</span> <span class='ocrx_word' id='word_1_294' title='bbox 473 3213 538 3250; x_wconf 87' lang='lat' dir='ltr'>omn</span> <span class='ocrx_word' id='word_1_295' title='bbox 550 3195 764 3269; x_wconf 80' lang='lat' dir='ltr'>praemisisset,</span> <span class='ocrx_word' id='word_1_296' title='bbox 779 3206 865 3269; x_wconf 87' lang='lat' dir='ltr'>atque</span> <span class='ocrx_word' id='word_1_297' title='bbox 879 3196 1013 3266; x_wconf 88' lang='lat' dir='ltr'>dixisset,</span> 
     </span>
    </p>
   </div>
   <div class='ocr_carea' id='block_1_10' title="bbox 34 3276 1109 3353">
    <p class='ocr_par' dir='ltr' id='par_1_10' title="bbox 34 3276 1109 3353">
     <span class='ocr_line' id='line_1_36' title="bbox 34 3276 1109 3353; baseline -0.001 -16"><span class='ocrx_word' id='word_1_298' title='bbox 34 3277 397 3352; x_wconf 79' lang='lat' dir='ltr'>Domineseroabisnos,</span> <span class='ocrx_word' id='word_1_299' title='bbox 424 3288 454 3333; x_wconf 83' lang='lat' dir='ltr'>et</span> <span class='ocrx_word' id='word_1_300' title='bbox 472 3278 619 3344; x_wconf 78' lang='lat' dir='ltr'>custodies</span> <span class='ocrx_word' id='word_1_301' title='bbox 639 3295 731 3334; x_wconf 82' lang='lat' dir='ltr'>noso</span> <span class='ocrx_word' id='word_1_302' title='bbox 749 3280 941 3353; x_wconf 80' lang='lat' dir='ltr'>generatione</span> <span class='ocrx_word' id='word_1_303' title='bbox 959 3276 1016 3334; x_wconf 84' lang='lat' dir='ltr'>bae</span> <span class='ocrx_word' id='word_1_304' title='bbox 1040 3291 1048 3296; x_wconf 77' lang='lat'><strong><em>‘</em></strong></span> <span class='ocrx_word' id='word_1_305' title='bbox 1103 3321 1109 3336; x_wconf 50' lang='grc'><strong>1</strong></span> 
     </span>
    </p>
   </div>
   <div class='ocr_carea' id='block_1_11' title="bbox 26 3359 1063 3931">
    <p class='ocr_par' dir='ltr' id='par_1_11' title="bbox 26 3359 1063 3931">
     <span class='ocr_line' id='line_1_37' title="bbox 26 3359 1016 3434; baseline -0.004 -14"><span class='ocrx_word' id='word_1_306' title='bbox 26 3363 210 3434; x_wconf 59' lang='grc' dir='ltr'>Μινηιιηη,</span> <span class='ocrx_word' id='word_1_307' title='bbox 222 3378 257 3415; x_wconf 89' lang='lat' dir='ltr'>ao</span> <span class='ocrx_word' id='word_1_308' title='bbox 278 3359 382 3415; x_wconf 89' lang='lat' dir='ltr'>deinde</span> <span class='ocrx_word' id='word_1_309' title='bbox 400 3361 626 3433; x_wconf 81' lang='lat' dir='ltr'>repersussisset</span> <span class='ocrx_word' id='word_1_310' title='bbox 645 3379 710 3429; x_wconf 89' lang='lat' dir='ltr'>eos,</span> <span class='ocrx_word' id='word_1_311' title='bbox 736 3362 768 3415; x_wconf 89' lang='lat' dir='ltr'>in</span> <span class='ocrx_word' id='word_1_312' title='bbox 781 3377 908 3433; x_wconf 51' lang='lat' dir='ltr'>¹questum</span> <span class='ocrx_word' id='word_1_313' title='bbox 919 3362 1016 3432; x_wconf 20' lang='lat' dir='ltr'>,stulta</span> 
     </span>
     <span class='ocr_line' id='line_1_38' title="bbox 26 3433 1063 3520; baseline -0.004 -19"><span class='ocrx_word' id='word_1_314' title='bbox 26 3447 126 3519; x_wconf 68' lang='lat' dir='ltr'>uiaque</span> <span class='ocrx_word' id='word_1_315' title='bbox 140 3443 276 3500; x_wconf 85' lang='lat' dir='ltr'>doctrina</span> <span class='ocrx_word' id='word_1_316' title='bbox 290 3443 370 3505; x_wconf 85' lang='lat' dir='ltr'>nulla</span> <span class='ocrx_word' id='word_1_317' title='bbox 384 3443 567 3498; x_wconf 80' lang='lat' dir='ltr'>liberationis</span> <span class='ocrx_word' id='word_1_318' title='bbox 583 3452 612 3497; x_wconf 89' lang='lat' dir='ltr'>ot</span> <span class='ocrx_word' id='word_1_319' title='bbox 624 3442 812 3520; x_wconf 81' lang='lat' dir='ltr'>beatitudinis</span> <span class='ocrx_word' id='word_1_320' title='bbox 826 3443 941 3496; x_wconf 91' lang='lat' dir='ltr'>animae</span> <span class='ocrx_word' id='word_1_321' title='bbox 949 3442 1015 3497; x_wconf 86' lang='lat' dir='ltr'>¹ser·</span> <span class='ocrx_word' id='word_1_322' title='bbox 1060 3433 1063 3442; x_wconf 35' lang='lat'><strong>⁸</strong></span> 
     </span>
     <span class='ocr_line' id='line_1_39' title="bbox 26 3522 1015 3601; baseline -0.004 -17"><span class='ocrx_word' id='word_1_323' title='bbox 26 3547 61 3584; x_wconf 88' lang='lat' dir='ltr'>ur</span> <span class='ocrx_word' id='word_1_324' title='bbox 77 3529 255 3596; x_wconf 79' lang='lat' dir='ltr'>aeternitas,</span> <span class='ocrx_word' id='word_1_325' title='bbox 281 3527 422 3594; x_wconf 84' lang='lat' dir='ltr'>eontinuo</span> <span class='ocrx_word' id='word_1_326' title='bbox 435 3525 610 3596; x_wconf 80' lang='lat' dir='ltr'>subiiciens,</span> <span class='ocrx_word' id='word_1_327' title='bbox 637 3522 673 3580; x_wconf 75' lang='lat' dir='ltr'>In</span> <span class='ocrx_word' id='word_1_328' title='bbox 687 3527 848 3600; x_wconf 76' lang='lat' dir='ltr'>eii-eomito&#39;</span> <span class='ocrx_word' id='word_1_329' title='bbox 856 3527 940 3601; x_wconf 82' lang='lat' dir='ltr'>impii</span> <span class='ocrx_word' id='word_1_330' title='bbox 952 3543 1015 3586; x_wconf 84' lang='lat' dir='ltr'>om-</span> 
     </span>
     <span class='ocr_line' id='line_1_40' title="bbox 26 3607 1015 3684; baseline -0.003 -18"><span class='ocrx_word' id='word_1_331' title='bbox 26 3620 103 3666; x_wconf 79' lang='lat' dir='ltr'>ont:</span> <span class='ocrx_word' id='word_1_332' title='bbox 130 3610 271 3683; x_wconf 83' lang='lat' dir='ltr'>tanquam</span> <span class='ocrx_word' id='word_1_333' title='bbox 284 3609 311 3662; x_wconf 88' lang='lat' dir='ltr'>ei</span> <span class='ocrx_word' id='word_1_334' title='bbox 325 3607 486 3678; x_wconf 70' lang='lat' dir='ltr'>diceretur,</span> <span class='ocrx_word' id='word_1_335' title='bbox 507 3609 584 3674; x_wconf 79' lang='lat' dir='ltr'>Quid</span> <span class='ocrx_word' id='word_1_336' title='bbox 598 3627 669 3684; x_wconf 84' lang='lat' dir='ltr'>ergo</span> <span class='ocrx_word' id='word_1_337' title='bbox 683 3617 715 3662; x_wconf 89' lang='lat' dir='ltr'>tu</span> <span class='ocrx_word' id='word_1_338' title='bbox 730 3607 838 3675; x_wconf 87' lang='lat' dir='ltr'>credis,</span> <span class='ocrx_word' id='word_1_339' title='bbox 853 3608 955 3678; x_wconf 83' lang='lat' dir='ltr'>sentis,</span> <span class='ocrx_word' id='word_1_340' title='bbox 970 3610 1015 3664; x_wconf 88' lang='lat' dir='ltr'>in-</span> 
     </span>
     <span class='ocr_line' id='line_1_41' title="bbox 26 3687 1017 3772; baseline -0.002 -24"><span class='ocrx_word' id='word_1_341' title='bbox 26 3687 110 3770; x_wconf 67' lang='lat' dir='ltr'>igis?</span> <span class='ocrx_word' id='word_1_342' title='bbox 134 3691 352 3765; x_wconf 86' lang='lat' dir='ltr'>Numquidnam</span> <span class='ocrx_word' id='word_1_343' title='bbox 371 3689 595 3746; x_wconf 84' lang='lat' dir='ltr'>existimandum</span> <span class='ocrx_word' id='word_1_344' title='bbox 615 3691 773 3744; x_wconf 86' lang='lat' dir='ltr'>est-subito</span> <span class='ocrx_word' id='word_1_345' title='bbox 792 3688 1017 3772; x_wconf 24' lang='lat' dir='ltr'>Deolplaeuisse</span> 
     </span>
     <span class='ocr_line' id='line_1_42' title="bbox 26 3772 1017 3846; baseline -0.002 -14"><span class='ocrx_word' id='word_1_346' title='bbox 26 3779 133 3832; x_wconf 85' lang='lat' dir='ltr'>ninom</span> <span class='ocrx_word' id='word_1_347' title='bbox 147 3773 254 3843; x_wconf 81' lang='lat' dir='ltr'>iacere,</span> <span class='ocrx_word' id='word_1_348' title='bbox 266 3792 354 3846; x_wconf 88' lang='lat' dir='ltr'>quem</span> <span class='ocrx_word' id='word_1_349' title='bbox 364 3791 512 3846; x_wconf 89' lang='lat' dir='ltr'>nunquam</span> <span class='ocrx_word' id='word_1_350' title='bbox 523 3783 608 3828; x_wconf 86' lang='lat' dir='ltr'>antea</span> <span class='ocrx_word' id='word_1_351' title='bbox 621 3772 736 3827; x_wconf 88' lang='lat' dir='ltr'>infinita</span> <span class='ocrx_word' id='word_1_352' title='bbox 750 3781 829 3826; x_wconf 87' lang='lat' dir='ltr'>retro</span> <span class='ocrx_word' id='word_1_353' title='bbox 843 3775 1017 3830; x_wconf 85' lang='lat' dir='ltr'>aeternitate</span> 
     </span>
     <span class='ocr_line' id='line_1_43' title="bbox 26 3853 1027 3931; baseline -0.003 -17"><span class='ocrx_word' id='word_1_354' title='bbox 26 3863 116 3924; x_wconf 84' lang='lat' dir='ltr'>isset,</span> <span class='ocrx_word' id='word_1_355' title='bbox 131 3859 178 3914; x_wconf 89' lang='lat' dir='ltr'>eui</span> <span class='ocrx_word' id='word_1_356' title='bbox 191 3853 266 3912; x_wconf 91' lang='lat' dir='ltr'>nihil</span> <span class='ocrx_word' id='word_1_357' title='bbox 278 3857 350 3928; x_wconf 76' lang='lat' dir='ltr'>novi</span> <span class='ocrx_word' id='word_1_358' title='bbox 363 3855 495 3912; x_wconf 83' lang='lat' dir='ltr'>accidere</span> <span class='ocrx_word' id='word_1_359' title='bbox 508 3865 618 3930; x_wconf 90' lang='lat' dir='ltr'>potest,</span> <span class='ocrx_word' id='word_1_360' title='bbox 642 3856 673 3910; x_wconf 92' lang='lat' dir='ltr'>in</span> <span class='ocrx_word' id='word_1_361' title='bbox 687 3874 743 3931; x_wconf 87' lang='lat' dir='ltr'>quo</span> <span class='ocrx_word' id='word_1_362' title='bbox 757 3854 897 3910; x_wconf 81' lang='lat' dir='ltr'>mutabile</span> <span class='ocrx_word' id='word_1_363' title='bbox 911 3857 1027 3930; x_wconf 60' lang='lat' dir='ltr'>aliquid</span> 
     </span>
    </p>
   </div>
   <div class='ocr_carea' id='block_1_12' title="bbox 672 3940 731 4002">
    <p class='ocr_par' dir='ltr' id='par_1_12' title="bbox 672 3940 731 4002">
     <span class='ocr_line' id='line_1_44' title="bbox 672 3940 731 4002; baseline -0.051 0"><span class='ocrx_word' id='word_1_364' title='bbox 672 3940 731 4002; x_wconf 83' lang='lat' dir='ltr'>Aa</span> 
     </span>
    </p>
   </div>
   <div class='ocr_carea' id='block_1_13' title="bbox 0 0 1189 4320">
    <p class='ocr_par' dir='ltr' id='par_1_13' title="bbox 0 0 1189 4320">
     <span class='ocr_line' id='line_1_45' title="bbox 0 0 1189 4320; baseline 0 0"><span class='ocrx_word' id='word_1_365' title='bbox 0 0 1189 4320; x_wconf 95' lang='lat' dir='ltr'> </span> 
     </span>
    </p>
   </div>
  </div>
 </body>
</html>
