2362 4312
99 207 135 262 10
333 200 434 269 bivl
462 197 653 306 arantur
681 195 932 259 AVGVSTlNl

96 364 278 423 cernuntur,
303 373 358 410 nec
378 355 453 408 nrala
473 353 601 424 turpiter
621 327 789 446 evitentur,
817 352 922 428 quibus
942 363 971 408 et
985 353 1055 410 boni
1069 357 1131 428 plc-

96 445 222 511 rumque
241 436 418 493 alliciuntur.

160 521 289 576 interest
310 529 408 575 autem
426 518 596 592 plurimum,
619 519 713 598 qualis
728 519 767 576 sit
782 537 869 588 usus,
897 521 945 575 ιιι
965 537 1067 575 aarum
1086 540 1133 576 re-

96 625 162 661 rum
194 623 270 679 quae
301 619 475 676 prosperae,
506 604 554 658 vel
580 620 680 658 carum
715 619 790 676 quae
810 601 952 658 dicuntur
978 601 1130 660 adversae.

96 687 172 745 Nam
198 689 292 743 bonus
318 687 536 759 temporalibus
555 705 609 742 nec
634 686 719 741 banis
744 686 942 755 extollitur,
958 703 1015 741 nee
1047 689 1151 742 malis

17 799 19 804 ι
82 772 263 848 -lrangiturz
291 771 384 847 malus
398 778 497 825 autem
510 768 576 824 ideo
591 764 795 824 huiuscemodi
808 768 983 838 infelicitate
998 772 1134 842 punitur,

96 857 166 952 poia
180 854 322 908 felicitate
336 845 544 925 dorrumpitur.
581 850 720 908 Ostendit
728 860 830 907 tamen
843 827 927 907 Deus
940 870 1028 926 saepe
1042 854 1132 910 etiam

96 941 128 994 in
143 937 188 992 his
213 933 425 990 distribuendis
446 934 622 991 evidentius
641 936 842 1008 operationem
861 953 954 990 suain.
1004 933 1081 1010 Nam
1107 939 1133 992 si

36 1037 42 1062 ⁴
96 1039 182 1077 suune
197 1037 284 1074 omne
300 1026 456 1092 peccatum
475 1017 632 1074 manifesta
651 1020 794 1090 plecteret
818 1035 931 1090 poena,
959 1015 1034 1074 nihil
1061 1021 1132 1090 ulti,
1164 1016 1167 1022 ’

95 1123 142 1160 nro
171 1101 283 1158 iudicio
309 1103 457 1157 reservari
474 1109 642 1176 putaretur:
669 1119 773 1156 rursus
796 1093 822 1156 ri
844 1101 959 1158 nullum
976 1110 1132 1174 peceatum

39 1213 42 1246 ι
95 1205 176 1242 nunc
188 1186 309 1257 puniret
321 1193 422 1256 aperte
435 1183 602 1254 Divinitas,
630 1185 711 1240 nulla
735 1201 801 1239 esse
821 1184 1008 1258 providentie
1031 1184 1132 1242 divina

40 1263 42 1270 ’
97 1267 275 1324 crederetur.
320 1265 464 1322 Similiter
483 1268 514 1323 in
543 1267 631 1324 rebus
658 1266 812 1338 secundis,
845 1267 871 1344 si
897 1286 958 1326 non
975 1285 1030 1342 eas
1050 1267 1133 1325 Deus

29 1358 37 1408 7
97 1349 271 1427 quibusdam
286 1351 454 1423 petentibus
470 1345 691 1406 evidentissima
702 1352 841 1427 largitate
857 1349 1047 1423 concederet,
1071 1370 1132 1408 non

95 1434 132 1490 ad
147 1453 214 1489 euru
228 1435 285 1488 ista
298 1433 447 1505 pertinere
471 1433 650 1506 diceremus:
678 1433 805 1507 itemque
820 1433 846 1487 si
865 1434 999 1490 omnibus
1016 1453 1066 1490 cas
1080 1453 1131 1508 pe-

95 1519 227 1582 tentibus
242 1514 340 1586 daret,
362 1511 487 1586 ιιοιιιιίιι
506 1525 594 1612 propt
596 1535 628 1570 cr
582 1517 716 1576 ttalia
735 1516 865 1589 praemia
886 1516 1077 1572 serviendum
1090 1520 1134 1573 illi

97 1621 162 1658 esse
177 1557 403 1670 arbitraremur,
424 1617 479 1654 nec
492 1600 558 1676 pios
573 1617 628 1653 nos
644 1598 757 1658 faceret
770 1600 837 1654 talis
855 1600 996 1682 servitus,
1015 1599 1066 1655 sed
1079 1619 1132 1674 po-

51 1683 52 1686 ’
97 1687 158 1740 tius
174 1683 296 1756 cupidos
312 1691 342 1738 et
355 1691 385 1737 et
398 1700 513 1760 avaros.
557 1679 639 1738 Hace
651 1699 741 1761 quum
756 1683 797 1739 ita
811 1683 882 1753 sint,
884 1684 1067 1778 quicunque
1081 1685 1132 1740 bo-

8 1811 14 1816 .
95 1769 129 1823 ni
137 1777 177 1823 et
200 1767 269 1823 mali
294 1768 406 1840 pariter
425 1764 542 1821 afflicti
552 1774 639 1835 sunt,
666 1783 726 1820 non
749 1763 844 1820 ideo
836 1766 893 1836 rpsi
918 1755 1052 1822 distincti
1073 1785 1133 1824 non

84 1860 184 1922 esunt,
210 1852 279 1924 quia
301 1849 474 1905 distinctum
501 1866 562 1904 non
588 1856 633 1902 est
659 1846 737 1920 quod
756 1849 875 1922 utrique
901 1852 1034 1922 perpessi
1053 1859 1131 1906 sunt.

95 1933 196 1991 Manet
223 1934 301 1990 enim
333 1929 543 2004 dissimilitudo
569 1947 726 2002 passorum
758 1931 846 1986 etiam
872 1931 904 1986 in
936 1932 1130 1989 similitudine

52 2021 54 2025 ’
90 2019 288 2090 ’Ῑιιιιιίιιιιιιιιι;
321 2021 351 2068 ct
378 2013 449 2068 licet
475 2011 528 2066 sub
559 2011 661 2067 coslam
688 2021 859 2085 tormento,
890 2015 1132 2074 non-estidenr

95 2103 192 2154 virtus
221 2106 249 2151 et
269 2097 381 2152 vitium.
425 2092 501 2152 Nam
526 2096 605 2179 sicot
626 2094 679 2150 snb
703 2114 762 2151 uno
789 2097 860 2173 igne
887 2115 993 2154 aurum
1018 2101 1132 2169 rutilat,

95 2183 179 2254 palea
205 2179 314 2250 suniat,
341 2189 370 2233 et
389 2177 442 2233 sub
469 2175 570 2233 eadem
576 2173 705 2234 tribula
728 2180 870 2256 stipulae
880 2182 1133 2252 comminuuntur,

36 2301 51 2328 ·:
95 2265 244 2320 frumenta
262 2268 444 2338 purgantur,
471 2280 526 2316 nec
549 2259 614 2316 ideo
644 2280 711 2317 cum
737 2265 802 2319 oleo
831 2281 951 2320 amurca
976 2265 1132 2320 confundi-

48 2343 53 2388 Ὗ
96 2357 165 2416 tur,
199 2345 269 2420 quia
296 2343 398 2400 eodem
428 2345 502 2419 preli
534 2333 665 2418 pondere
696 2347 886 2418 exprimitur:
918 2347 961 2402 ita
993 2366 1053 2403 una
1085 2365 1133 2402 ea·

96 2430 220 2504 demque
239 2429 284 2484 vis
301 2429 429 2486 irruens
441 2428 534 2482 bonos
559 2428 678 2501 probat,
706 2427 860 2505 purificat,
888 2431 1014 2504 eliquat,
1041 2433 1132 2486 nralos

97 2512 234 2582 damnat,
265 2520 386 2581 vastat,
426 2512 613 2568 exterminat.
670 2509 793 2566 Vnde'
785 2531 816 2566 ιιι
846 2511 948 2568 eadem
973 2512 1133 2569 afflictione

93 2597 165 2651 mali
196 2594 295 2651 Deum
330 2593 516 2650 detestantur
552 2602 640 2669 atque
677 2591 900 2670 blasphemant,
932 2596 1003 2652 boni
1036 2607 1134 2652 nutem

95 2685 257 2774 precantur
271 2686 301 2732 et
312 2677 443 2734 laudant
482 2675 507 2732 Γ
509 2687 612 2734 antum
629 2679 764 2748 interest,
792 2696 852 2733 non
864 2680 973 2752 qualia,
995 2679 1047 2734 sed
1061 2699 1133 2754 qua-

95 2763 132 2816 lis
147 2762 272 2835 quisquc
292 2763 433 2835 patiatur.
469 2757 545 2816 Nam
566 2763 631 2834 pori
654 2769 736 2816 motu
764 2763 948 2844 exagitatum
967 2772 996 2817 et
1017 2761 1135 2818 exhalat

95 2842 278 2901 horribiliter
292 2862 440 2915 coenum,
459 2851 488 2900 ct
501 2846 634 2900 suaviter
656 2844 770 2922 fragrat
784 2853 985 2922 unguentum.

498 2941 615 3000 CAP.
664 2940 731 2998 IX

94 3021 139 3076 Dc
153 3022 242 3078 ιιιιιιιι
248 3021 475 3090 correptionum,
501 3031 616 3141 propppr
630 3037 696 3089 petar
713 3031 741 3074 et
757 3022 819 3076 bosri
836 3031 864 3075 et
877 3023 943 3076 tiroli
959 3025 1071 3092 pariter
1073 3025 1134 3096 fle-

20 3093 22 3108 ‘
533 3109 569 3160 ge
592 3100 684 3142 ιιιιιιιικ

160 3163 238 3232 Quid
257 3163 350 3241 igitur
370 3165 401 3220 in
421 3164 472 3218 illa
493 3181 594 3218 rerum
611 3165 755 3225 vastitate
772 3162 934 3221 Christiani
953 3167 1034 3240 passi
1053 3177 1134 3238 sunt,

96 3248 174 3324 quod
185 3266 245 3305 non
263 3249 305 3302 eis
316 3247 411 3324 magis
428 3245 578 3302 fideliter
570 3254 627 3300 rste
642 3245 899 3304 considerantibus
914 3247 951 3303 ad
969 3249 1135 3322 profectum

94 3328 226 3388 valeretl
253 3329 367 3400 Primo,
364 3293 496 3406 quel
456 3347 551 3401 ipsa
565 3338 704 3404 peecata,
733 3329 939 3404 quibusDcus
960 3332 1134 3410 indignatus

10 3483 12 3488 X
95 3416 228 3487 implevit
247 3407 338 3469 tantis
359 3412 573 3468 calamitatibus
594 3411 755 3483 mundum,
781 3412 933 3469 humiliter
955 3417 1134 3492 cogitantes,

95 3499 228 3569 quamvis
247 3498 336 3574 longe
355 3495 454 3550 absint
476 3514 493 3550 a
515 3494 709 3566 facinorosis,
738 3494 896 3573 flagitiosis
919 3501 1034 3574 atque
1026 3501 1135 3574 impiis,

57 3611 60 3615 -
94 3587 264 3635 tamennon
279 3598 372 3654 usque
391 3577 463 3634 adeo
481 3596 512 3632 se
529 3595 546 3630 a
566 3575 683 3634 delictis
704 3577 848 3650 deputant
869 3581 1000 3653 oli'enosr,
1028 3592 1135 3639 ut-nee

92 3663 265 3732 temporalia
282 3679 336 3736 pro
358 3663 401 3717 eis
428 3663 503 3717 mola
527 3661 643 3733 perpeti
662 3679 694 3714 sc
719 3661 854 3718 iudicent
878 3664 1029 3742 indignos.
1074 3665 1136 3721 Ex·

92 3749 176 3814 cepto
191 3743 270 3798 enim
290 3745 369 3817 quod
384 3745 608 3820 unusquisque,
642 3744 804 3818 quasillibet
817 3746 1005 3802 laudabiliter
1019 3750 1135 3810 vivens,
1158 3767 1162 3778 ·

91 3823 170 3883 cedit
183 3826 214 3882 in
236 3826 409 3902 quibusdam
430 3826 541 3886 carnali
563 3827 848 3900 concupiscentiae,
883 3831 939 3884 etsi
960 3848 1021 3895 ιιοιι
1036 3831 1073 3888 ad
1092 3831 1134 3888 l'a-
