2362 4312
186 253 227 307 m
316 261 319 267 ,
383 241 385 248 ’
413 241 510 301 nrvr
531 239 720 300 Avneen
745 225 997 302 Avovsrim

143 429 145 434 s
189 398 320 456 Romano
333 395 440 452 bellum
454 393 588 471 gerebat:
617 393 760 448 nescimus
775 393 843 467 quid
856 393 981 465 faceret,
996 395 1072 470 eiad
1083 399 1145 466 eins¹

188 477 440 554 titiam-flagitium
451 477 505 533 filii
516 474 688 530 deferretur.
731 473 771 530 Et
785 484 882 531 tamen
894 478 1077 550 inexplorato
1092 481 1145 534 eius

188 561 264 617 dicio
278 568 308 615 et
320 561 488 632 inexperto,
516 559 543 611 ei
567 557 690 630 populus
717 555 825 612 ademit
850 559 1017 631 imperium3
1043 569 1073 614 ot
1097 579 1145 616 rec

170 697 173 719 Ι
189 643 321 698 exercitu
333 657 420 714 atquo
435 639 532 694 deseri
555 639 652 694 iussus
667 646 729 708 est,
755 639 861 693 eleusis
872 639 979 695 deinde
992 643 1085 713 portis
1100 661 1145 699 nor

187 726 232 780 rit
257 719 369 779 intrare
384 719 574 779 ,redeuntem
616 719 656 775 At
668 721 717 774 ille
729 728 795 793 post
806 720 882 777 bella
895 723 1085 796 gravissima,
1112 741 1145 797 qu

188 803 305 862 eosdem
317 801 464 859 Romanos
479 803 633 858 concitatis
646 799 779 856 finitimis
793 803 923 873 attrivit,
951 813 1141 878 posteaquam

188 897 284 943 sertus
299 885 333 954 ab
348 886 526 959 eis‘qaorum
540 883 647 939 fidebat
658 885 784 954 auxilio,
809 887 933 960 regnum
944 886 1077 958 recipere
1092 905 1145 942 non

186 968 303 1040 luit„in
316 965 420 1041 oppido
434 963 562 1022 Tusculo
576 963 686 1020 Romae
699 966 797 1020 vicino
811 966 1045 1038 quatuordeeim,
1065 977 1101 1023 ut
1113 967 1145 1023 fet

188 1067 281 1107 annos
293 1049 437 1122 privatam
449 1049 540 1103 vitam
553 1048 667 1121 quietus
681 1044 796 1115 habuit,
814 1056 930 1102 etcum
941 1065 1036 1104 uxore
1050 1067 1145 1106 conset

187 1131 358 1206 optabiliore
372 1129 506 1194 fortassis
520 1131 617 1198 exitu,
632 1146 716 1202 quam
727 1144 810 1183 socer
820 1129 882 1183 eius
894 1131 999 1204 generi
1013 1133 1060 1186 sui
1073 1131 1145 1186 sacis

109 1231 111 1238 ·
188 1231 243 1270 nec
257 1214 414 1289 ignorante
426 1211 503 1281 filia,
531 1212 608 1266 sicut
620 1209 803 1285 perhibetur,
827 1212 1000 1266 exstinctus.
1044 1212 1108 1268 Nec
1121 1223 1145 1268 ta

176 1297 279 1352 istum
291 1291 485 1369 Tarquinium
496 1292 623 1349 Romani
644 1291 789 1348 crudelem
812 1300 872 1347 aut,
885 1293 1077 1364 sceleratum,
1104 1295 1145 1353 aet

187 1378 307 1453 perbum
329 1377 564 1450 appellaverunt,
590 1374 726 1430 fortassis
741 1375 840 1450 regios
854 1375 917 1428 eius
931 1374 1025 1430 fastus
1040 1378 1100 1432 alia
1115 1395 1145 1440 su

187 1459 235 1514 bia
248 1477 308 1515 non
325 1459 463 1514 ferentes.
506 1457 587 1514 Nam,
597 1457 699 1510 scelus
713 1457 803 1512 occisi
815 1455 850 1511 ab
866 1473 900 1510 eo
913 1458 1145 1530 socerioptimir

187 1543 234 1596 sui
256 1559 349 1616 usque
374 1540 446 1595 adeo
472 1546 708 1610 contemserunt,
734 1546 767 1592 ut
780 1555 845 1594 eum
858 1555 958 1614 regem
971 1556 1058 1594 suum
1071 1540 1145 1596 lacer

187 1623 237 1679 ubi
248 1623 376 1678 miror-si
386 1641 445 1680 non
457 1624 569 1679 scelere
578 1621 715 1698 graviore
725 1619 887 1676 mercedem
897 1628 1009 1675 tantam
1019 1629 1105 1677 tanto
1115 1641 1145 1678 sc

187 1704 387 1762 reddiderunt.
430 1703 492 1761 Nec
510 1699 677 1759 =discessere
691 1701 786 1776 adytis
801 1703 917 1775 arisque
932 1702 1044 1756 relictis
1058 1703 1111 1758 dii.

100 1833 104 1842 ,
188 1787 265 1844 forte
291 1789 434 1863 quispiam
448 1789 491 1842 sio
505 1783 642 1853 defendet
654 1785 727 1838 istos
741 1782 826 1853 deos,
854 1793 887 1839 ut
900 1783 978 1839 dicat
987 1802 1041 1839 eos
1056 1785 1123 1840 idco
1135 1805 1145 1839 ι

45 1901 53 1908 ,
155 1877 156 1882 ’
188 1871 263 1925 sisso
276 1868 409 1938 Romae,¹
429 1887 485 1942 quo
510 1874 631 1940 possent
643 1863 792 1920 Romanos
817 1867 910 1941 magis
924 1866 1042 1938 punire-
1057 1869 1145 1940 suppli

188 1969 275 2025 quam
287 1949 437 2007 beneficiis
449 1949 602 2017 adiurare,
616 1943 789 2001 seducentes
803 1965 853 2000 eos
866 1949 950 2002 vanis
965 1948 1100 2004 victoriis
1115 1959 1144 2004 et

188 2031 434 2107 limgravissimis
461 2037 657 2086 conterentes.
701 2025 782 2082 Hace
796 2027 852 2083 fuit
864 2025 1065 2084 Romanorum
1077 2032 1140 2086 rita

187 2115 306 2190 regibus
331 2110 468 2167 laudabili
490 2118 621 2183 tempore
632 2110 711 2164 illius
724 2110 900 2183 reipublicae
912 2128 1005 2184 nsque
1018 2112 1056 2167 ad
1069 2123 1145 2185 expu

189 2213 256 2249 nem
269 2193 425 2267 Tarquinii
438 2191 564 2266 Superbi
588 2209 641 2264 per
666 2191 807 2247 ducentos
822 2191 915 2246 ferme
928 2200 958 2246 et
979 2193 1144 2270 quadragin

183 2286 249 2331 -tres
275 2292 385 2345 annos,
412 2293 477 2330 eum
489 2276 557 2330 illae
570 2291 671 2328 omnes
683 2274 825 2328 victoriae
838 2282 899 2328 tam
910 2274 1000 2351 multo
1017 2277 1145 2351 sanguin

189 2357 279 2413 tontis
294 2365 387 2412 emtae
401 2357 629 2425 calamitatibus,
655 2356 708 2410 vix
720 2355 791 2410 illud
804 2356 956 2428 imperium
968 2356 1051 2411 intra
1061 2359 1144 2433 vigin

188 2438 266 2493 Vrbe
291 2439 428 2493 milliaria
451 2439 653 2494 dilataverint:
680 2438 958 2508 quantumspatium
970 2437 1048 2493 absit
1069 2448 1103 2495 ut
1116 2457 1145 2494 sa

139 2573 144 2578 .
188 2517 311 2576 abeuius
325 2519 450 2576 Getulne
463 2520 591 2576 civitatis
605 2515 683 2574 nune
697 2518 846 2576 territorio
861 2521 1055 2596 comparetur,
1080 2555 1081 2560 κ

524 2677 692 2742 ΟΑΡ.
735 2669 841 2737 ΧΗ.

187 2775 230 2830 De
238 2778 336 2857 primia
347 2753 421 2846 opud
428 2735 561 2828 Romanoa
573 2775 738 2855 consulibus,
742 2791 854 2842 qaorum
864 2777 935 2826 alter
945 2779 1063 2828 alteram
1070 2779 1145 2844 patri

112 2909 119 2917 ἱ
185 2881 188 2886 -
243 2846 331 2913 pulit,
345 2863 455 2915 moxque
465 2844 565 2896 Rornae
577 2853 640 2912 post
650 2844 819 2896 atrocissimo
826 2844 980 2910 parricidio
990 2862 1007 2897 a
1017 2847 1143 2900 calluerat

436 2974 440 2986 Δ
516 2913 591 2965 boote
601 2907 757 2966 vnlneratus
771 2912 886 2965 interiit.

251 2979 330 3084 lluie
342 3019 467 3093 tempori
481 3019 649 3087 adiiciamus
665 3019 753 3073 ctiam
765 3027 881 3091 tempus
894 3017 965 3073 illud
971 3037 1053 3094 ,quo
1067 3039 1143 3096 usqu

190 3105 230 3158 eit
248 3085 423 3170 Sallustius,
444 3118 536 3174 aequo
554 3110 588 3154 et
605 3099 763 3156 modesto'
754 3107 818 3155 rure
832 3102 990 3176 agitatum,
1012 3102 1081 3158 daun
1093 3115 1145 3159 met

190 3182 352 3259 Tarquinio
367 3191 397 3236 et
409 3201 500 3258 grave
513 3183 619 3236 bellurn
634 3200 700 3238 cum
712 3181 831 3237 Etruria
843 3185 971 3254 positum
984 3194 1038 3239 est.
1074 3187 1145 3252 Quat

189 3269 268 3323 enim
286 3265 405 3320 Etrusci
418 3263 585 3338 Tarquinio
610 3263 741 3318 redire'
733 3283 765 3319 sn
790 3282 916 3344 regnum
939 3268 1061 3321 conanti
1084 3269 1145 3342 opit

189 3358 269 3418 sunt,
284 3349 368 3424 gravi
381 3346 456 3402 bollo
465 3345 562 3401 ‘Roma
577 3363 720 3401 concussa
734 3355 788 3400 est.
824 3345 893 3402 ldeo
906 3346 990 3417 dicit,
1004 3365 1097 3422 aequo
1113 3358 1143 3405 et

189 3431 271 3486 desto
292 3433 355 3485 iure
374 3437 488 3505 gestam
506 3428 711 3498 rempublicam
729 3437 808 3482 metu
825 3437 995 3501 premente,
1015 3448 1077 3486 non
1097 3449 1145 3504 per

92 3509 97 3518 “
189 3512 276 3567 dente
294 3513 416 3567 iustitia.
447 3509 482 3566 ln
499 3525 557 3584 qun
577 3509 750 3564 brevissimo
768 3519 898 3584 tempore
921 3528 1007 3585 quam
1020 3511 1145 3569 funestus

189 3611 282 3648 annus
296 3595 364 3664 luit,
378 3610 435 3668 quo
448 3593 536 3666 primi
549 3591 682 3646 consules
698 3593 789 3646 creati
802 3602 885 3663 sunt,
901 3595 1024 3665 expulsa
1035 3597 1145 3670 regiap

109 3735 118 3742 ..
188 3671 283 3728 stated
297 3675 413 3748 Annum
426 3676 532 3749 quippe
546 3690 700 3734 suumnon
710 3675 937 3746 compleverunt.
951 3674 1145 3733 Namlunius

35 3757 38 3762 '
65 3797 73 3806 .
111 3805 113 3810 ,
186 3763 233 3808 tus
247 3755 462 3813 exhonoratum
476 3753 645 3812 eiecieVrhc
659 3756 801 3831 collegam
813 3753 935 3812 Lucium
946 3755 1142 3830 Tarquinium

186 3838 325 3908 latinnm3
351 3835 456 3894 deinde
473 3856 543 3895 mox
562 3840 625 3910 ipse
643 3838 673 3892 in
691 3838 768 3892 bello
786 3838 892 3894 cecidit
909 3840 1018 3894 mutuis
1043 3859 1111 3897 cum
1133 3840 1145 3896 b
