<?xml version="1.0" encoding="UTF-8"?>
<!DOCTYPE html PUBLIC "-//W3C//DTD XHTML 1.0 Transitional//EN"
    "http://www.w3.org/TR/xhtml1/DTD/xhtml1-transitional.dtd">
<html xmlns="http://www.w3.org/1999/xhtml" xml:lang="en" lang="en">
 <head>
  <title>
</title>
<meta http-equiv="Content-Type" content="text/html;charset=utf-8" />
  <meta name='ocr-system' content='tesseract 3.04.00' />
  <meta name='ocr-capabilities' content='ocr_page ocr_carea ocr_par ocr_line ocrx_word'/>
</head>
<body>
  <div class='ocr_page' id='page_1' title='image "./saureliiaugusti00augugoog_0557.png"; bbox 0 0 2340 4312; ppageno 0'>
   <div class='ocr_carea' id='block_1_1' title="bbox 125 157 1067 296">
    <p class='ocr_par' dir='ltr' id='par_1_1' title="bbox 125 157 1067 296">
     <span class='ocr_line' id='line_1_1' title="bbox 125 157 1067 296; baseline 0.002 -31"><span class='ocrx_word' id='word_1_1' title='bbox 125 177 765 296; x_wconf 77' lang='lat' dir='ltr'><strong>oucrvrr&#39;lruumum.xuu.</strong></span> <span class='ocrx_word' id='word_1_2' title='bbox 824 157 831 166; x_wconf 23' lang='lat'><strong>&#39;¹</strong></span> <span class='ocrx_word' id='word_1_3' title='bbox 880 213 994 268; x_wconf 79' lang='lat' dir='ltr'><strong>mo·</strong></span> <span class='ocrx_word' id='word_1_4' title='bbox 1065 229 1067 252; x_wconf 68' lang='grc' dir='ltr'><strong>ι</strong></span> 
     </span>
    </p>
   </div>
   <div class='ocr_carea' id='block_1_2' title="bbox 75 349 1014 684">
    <p class='ocr_par' dir='ltr' id='par_1_2' title="bbox 75 349 1014 684">
     <span class='ocr_line' id='line_1_2' title="bbox 79 349 962 436; baseline 0.001 -20"><span class='ocrx_word' id='word_1_5' title='bbox 79 367 104 418; x_wconf 84' lang='lat' dir='ltr'><strong>te</strong></span> <span class='ocrx_word' id='word_1_6' title='bbox 117 357 276 428; x_wconf 81' lang='lat' dir='ltr'><strong>Dominus,</strong></span> <span class='ocrx_word' id='word_1_7' title='bbox 299 378 335 415; x_wconf 84' lang='lat' dir='ltr'><strong>ne</strong></span> <span class='ocrx_word' id='word_1_8' title='bbox 347 360 389 414; x_wconf 76' lang='lat' dir='ltr'><strong>sie</strong></span> <span class='ocrx_word' id='word_1_9' title='bbox 403 377 458 415; x_wconf 75' lang='lat' dir='ltr'><strong>rer</strong></span> <span class='ocrx_word' id='word_1_10' title='bbox 472 349 561 434; x_wconf 79' lang='lat' dir='ltr'><strong>super</strong></span> <span class='ocrx_word' id='word_1_11' title='bbox 574 351 690 415; x_wconf 61' lang='lat' dir='ltr'><strong>isreel:</strong></span> <span class='ocrx_word' id='word_1_12' title='bbox 704 369 733 415; x_wconf 82' lang='lat' dir='ltr'><strong>et</strong></span> <span class='ocrx_word' id='word_1_13' title='bbox 746 353 888 436; x_wconf 75' lang='lat' dir='ltr'><strong>Disropit</strong></span> <span class='ocrx_word' id='word_1_14' title='bbox 901 358 962 417; x_wconf 86' lang='lat' dir='ltr'><strong>Do-</strong></span> 
     </span>
     <span class='ocr_line' id='line_1_3' title="bbox 75 440 962 520; baseline 0.005 -26"><span class='ocrx_word' id='word_1_15' title='bbox 75 461 161 518; x_wconf 65' lang='lat' dir='ltr'><strong>rgnem</strong></span> <span class='ocrx_word' id='word_1_16' title='bbox 174 442 211 498; x_wconf 81' lang='lat' dir='ltr'><strong>ab</strong></span> <span class='ocrx_word' id='word_1_17' title='bbox 224 440 326 498; x_wconf 75' lang='lat' dir='ltr'><strong>Israe&#39;l</strong></span> <span class='ocrx_word' id='word_1_18' title='bbox 338 443 473 498; x_wconf 76' lang='lat' dir='ltr'><strong>demone</strong></span> <span class='ocrx_word' id='word_1_19' title='bbox 486 453 540 497; x_wconf 82' lang='lat' dir='ltr'><strong>tuo</strong></span> <span class='ocrx_word' id='word_1_20' title='bbox 553 440 648 510; x_wconf 82' lang='lat' dir='ltr'><strong>hodic,</strong></span> <span class='ocrx_word' id='word_1_21' title='bbox 662 441 856 520; x_wconf 80' lang='lat' dir='ltr'><strong>quadraginta</strong></span> <span class='ocrx_word' id='word_1_22' title='bbox 870 461 962 498; x_wconf 86' lang='lat' dir='ltr'><strong>annos</strong></span> 
     </span>
     <span class='ocr_line' id='line_1_4' title="bbox 75 521 1014 600; baseline -0.001 -19"><span class='ocrx_word' id='word_1_23' title='bbox 75 531 171 600; x_wconf 55' lang='lat' dir='ltr'><strong>‘super</strong></span> <span class='ocrx_word' id='word_1_24' title='bbox 185 523 285 596; x_wconf 69' lang='lat' dir='ltr'><strong>lsrael,</strong></span> <span class='ocrx_word' id='word_1_25' title='bbox 304 533 387 579; x_wconf 91' lang='lat' dir='ltr'><strong>tanto</strong></span> <span class='ocrx_word' id='word_1_26' title='bbox 401 524 513 580; x_wconf 89' lang='lat' dir='ltr'><strong>scilicet</strong></span> <span class='ocrx_word' id='word_1_27' title='bbox 525 525 618 598; x_wconf 85' lang='lat' dir='ltr'><strong>spatio</strong></span> <span class='ocrx_word' id='word_1_28' title='bbox 632 527 788 598; x_wconf 90' lang='lat' dir='ltr'><strong>temporis,</strong></span> <span class='ocrx_word' id='word_1_29' title='bbox 812 535 920 599; x_wconf 88' lang='lat' dir='ltr'><strong>quanto</strong></span> <span class='ocrx_word' id='word_1_30' title='bbox 935 535 964 580; x_wconf 91' lang='lat' dir='ltr'><strong>et</strong></span> <span class='ocrx_word' id='word_1_31' title='bbox 1012 521 1014 530; x_wconf 78' lang='grc'>’</span> 
     </span>
     <span class='ocr_line' id='line_1_5' title="bbox 75 605 964 684; baseline -0.002 -21"><span class='ocrx_word' id='word_1_32' title='bbox 75 609 120 679; x_wconf 84' lang='lat' dir='ltr'><strong>id,</strong></span> <span class='ocrx_word' id='word_1_33' title='bbox 141 617 171 663; x_wconf 91' lang='lat' dir='ltr'><strong>et</strong></span> <span class='ocrx_word' id='word_1_34' title='bbox 183 608 295 663; x_wconf 86' lang='lat' dir='ltr'><strong>audivit</strong></span> <span class='ocrx_word' id='word_1_35' title='bbox 306 605 362 662; x_wconf 86' lang='lat' dir='ltr'><strong>hoo</strong></span> <span class='ocrx_word' id='word_1_36' title='bbox 374 607 466 681; x_wconf 84' lang='lat' dir='ltr'><strong>ptimo</strong></span> <span class='ocrx_word' id='word_1_37' title='bbox 479 616 610 680; x_wconf 87' lang='lat' dir='ltr'><strong>tempore</strong></span> <span class='ocrx_word' id='word_1_38' title='bbox 623 610 709 684; x_wconf 85' lang='lat' dir='ltr'><strong>regni</strong></span> <span class='ocrx_word' id='word_1_39' title='bbox 722 609 784 663; x_wconf 83' lang='lat' dir='ltr'><strong>sui:</strong></span> <span class='ocrx_word' id='word_1_40' title='bbox 810 616 843 662; x_wconf 92' lang='lat' dir='ltr'><strong>ut</strong></span> <span class='ocrx_word' id='word_1_41' title='bbox 855 609 964 662; x_wconf 89' lang='lat' dir='ltr'><strong>intelli-</strong></span> 
     </span>
    </p>
   </div>
   <div class='ocr_carea' id='block_1_3' title="bbox 75 689 1069 848">
    <p class='ocr_par' dir='ltr' id='par_1_3' title="bbox 75 689 1069 848">
     <span class='ocr_line' id='line_1_6' title="bbox 75 689 1056 770; baseline -0.003 -22"><span class='ocrx_word' id='word_1_42' title='bbox 75 693 114 770; x_wconf 90' lang='lat' dir='ltr'><strong>leo</strong></span> <span class='ocrx_word' id='word_1_43' title='bbox 129 692 253 761; x_wconf 84' lang='lat' dir='ltr'><strong>dietum,</strong></span> <span class='ocrx_word' id='word_1_44' title='bbox 279 691 347 765; x_wconf 89' lang='lat' dir='ltr'><strong>quia</strong></span> <span class='ocrx_word' id='word_1_45' title='bbox 362 689 460 745; x_wconf 83' lang='lat' dir='ltr'><strong>nullus</strong></span> <span class='ocrx_word' id='word_1_46' title='bbox 480 689 515 744; x_wconf 87' lang='lat' dir='ltr'><strong>de</strong></span> <span class='ocrx_word' id='word_1_47' title='bbox 535 692 625 763; x_wconf 78' lang='lat' dir='ltr'><strong>stirpe</strong></span> <span class='ocrx_word' id='word_1_48' title='bbox 640 693 701 746; x_wconf 87' lang='lat' dir='ltr'><strong>eius</strong></span> <span class='ocrx_word' id='word_1_49' title='bbox 714 689 811 746; x_wconf 81' lang='lat' dir='ltr'><strong>fuerat</strong></span> <span class='ocrx_word' id='word_1_50' title='bbox 823 700 965 768; x_wconf 73' lang='lat' dir='ltr'><strong>regnatu7</strong></span> <span class='ocrx_word' id='word_1_51' title='bbox 1052 691 1056 701; x_wconf 83' lang='lat'>&#39;</span> 
     </span>
     <span class='ocr_line' id='line_1_7' title="bbox 75 771 1069 848; baseline -0.001 -19"><span class='ocrx_word' id='word_1_52' title='bbox 75 775 258 848; x_wconf 87' lang='lat' dir='ltr'><strong>respiciamus</strong></span> <span class='ocrx_word' id='word_1_53' title='bbox 272 773 308 828; x_wconf 87' lang='lat' dir='ltr'><strong>ad</strong></span> <span class='ocrx_word' id='word_1_54' title='bbox 323 774 443 846; x_wconf 79' lang='lat' dir='ltr'><strong>stirpem</strong></span> <span class='ocrx_word' id='word_1_55' title='bbox 456 771 567 840; x_wconf 86' lang='lat' dir='ltr'><strong>David,</strong></span> <span class='ocrx_word' id='word_1_56' title='bbox 590 773 667 828; x_wconf 89' lang='lat' dir='ltr'><strong>unde</strong></span> <span class='ocrx_word' id='word_1_57' title='bbox 681 783 711 829; x_wconf 91' lang='lat' dir='ltr'><strong>et</strong></span> <span class='ocrx_word' id='word_1_58' title='bbox 724 783 844 844; x_wconf 83' lang='lat' dir='ltr'><strong>exortus</strong></span> <span class='ocrx_word' id='word_1_59' title='bbox 860 783 904 828; x_wconf 85' lang='lat' dir='ltr'><strong>eat</strong></span> <span class='ocrx_word' id='word_1_60' title='bbox 918 791 965 828; x_wconf 84' lang='lat' dir='ltr'><strong>sc·</strong></span> <span class='ocrx_word' id='word_1_61' title='bbox 1051 823 1069 836; x_wconf 55' lang='lat'><strong><em>„</em></strong></span> 
     </span>
    </p>
   </div>
   <div class='ocr_carea' id='block_1_4' title="bbox 75 853 1042 2922">
    <p class='ocr_par' dir='ltr' id='par_1_4' title="bbox 75 853 1042 2011">
     <span class='ocr_line' id='line_1_8' title="bbox 75 853 964 920; baseline -0.002 -8"><span class='ocrx_word' id='word_1_62' title='bbox 75 875 193 920; x_wconf 84' lang='lat' dir='ltr'><strong>carnem</strong></span> <span class='ocrx_word' id='word_1_63' title='bbox 200 855 345 913; x_wconf 87' lang='lat' dir='ltr'><strong>Mediator</strong></span> <span class='ocrx_word' id='word_1_64' title='bbox 355 855 414 912; x_wconf 90' lang='lat' dir='ltr'><strong>Dei</strong></span> <span class='ocrx_word' id='word_1_65' title='bbox 427 864 456 909; x_wconf 92' lang='lat' dir='ltr'><strong>et</strong></span> <span class='ocrx_word' id='word_1_66' title='bbox 468 853 618 910; x_wconf 90' lang='lat' dir='ltr'><strong>hominum</strong></span> <span class='ocrx_word' id='word_1_67' title='bbox 630 854 716 912; x_wconf 91' lang='lat' dir='ltr'><strong>homo</strong></span> <span class='ocrx_word' id='word_1_68' title='bbox 728 854 861 912; x_wconf 86' lang='lat' dir='ltr'><strong>Christus</strong></span> <span class='ocrx_word' id='word_1_69' title='bbox 872 855 964 911; x_wconf 75' lang='lat' dir='ltr'><strong>Iesus</strong></span> 
     </span>
     <span class='ocr_line' id='line_1_9' title="bbox 75 936 965 1014; baseline -0.003 -18"><span class='ocrx_word' id='word_1_70' title='bbox 75 950 167 996; x_wconf 83' lang='lat' dir='ltr'><strong>autem</strong></span> <span class='ocrx_word' id='word_1_71' title='bbox 179 938 266 994; x_wconf 89' lang='lat' dir='ltr'><strong>habet</strong></span> <span class='ocrx_word' id='word_1_72' title='bbox 279 937 446 1012; x_wconf 77' lang='lat' dir='ltr'>Scriptura,</span> <span class='ocrx_word' id='word_1_73' title='bbox 466 936 541 1011; x_wconf 90' lang='lat' dir='ltr'><strong>quod</strong></span> <span class='ocrx_word' id='word_1_74' title='bbox 554 939 585 994; x_wconf 93' lang='lat' dir='ltr'><strong>in</strong></span> <span class='ocrx_word' id='word_1_75' title='bbox 597 940 742 1014; x_wconf 87' lang='lat' dir='ltr'><strong>plerisque</strong></span> <span class='ocrx_word' id='word_1_76' title='bbox 757 939 869 994; x_wconf 87' lang='lat' dir='ltr'><strong>Latinis</strong></span> <span class='ocrx_word' id='word_1_77' title='bbox 884 938 965 996; x_wconf 86' lang='lat' dir='ltr'><strong>codi-</strong></span> 
     </span>
     <span class='ocr_line' id='line_1_10' title="bbox 75 1019 965 1099; baseline -0.001 -21"><span class='ocrx_word' id='word_1_78' title='bbox 75 1025 152 1093; x_wconf 85' lang='lat' dir='ltr'><strong>itur,</strong></span> <span class='ocrx_word' id='word_1_79' title='bbox 175 1020 317 1099; x_wconf 83' lang='lat' dir='ltr'><strong>Diarupit</strong></span> <span class='ocrx_word' id='word_1_80' title='bbox 330 1019 473 1077; x_wconf 76' lang='lat' dir='ltr'><strong><em>Dominus</em></strong></span> <span class='ocrx_word' id='word_1_81' title='bbox 491 1039 613 1095; x_wconf 83' lang='lat' dir='ltr'><strong>regnum</strong></span> <span class='ocrx_word' id='word_1_82' title='bbox 625 1019 727 1078; x_wconf 68' lang='lat' dir='ltr'><strong>lsrael</strong></span> <span class='ocrx_word' id='word_1_83' title='bbox 744 1023 778 1079; x_wconf 83' lang='lat' dir='ltr'><strong>dc</strong></span> <span class='ocrx_word' id='word_1_84' title='bbox 791 1027 878 1078; x_wconf 81' lang='lat' dir='ltr'><strong>niuno</strong></span> <span class='ocrx_word' id='word_1_85' title='bbox 893 1033 965 1078; x_wconf 82' lang='lat' dir='ltr'><strong>tuo:</strong></span> 
     </span>
     <span class='ocr_line' id='line_1_11' title="bbox 84 1103 966 1180; baseline -0.002 -18"><span class='ocrx_word' id='word_1_86' title='bbox 84 1107 198 1162; x_wconf 84' lang='lat' dir='ltr'><strong>anobis</strong></span> <span class='ocrx_word' id='word_1_87' title='bbox 212 1107 338 1178; x_wconf 86' lang='lat' dir='ltr'><strong>positum</strong></span> <span class='ocrx_word' id='word_1_88' title='bbox 361 1111 406 1158; x_wconf 85' lang='lat' dir='ltr'><strong>est</strong></span> <span class='ocrx_word' id='word_1_89' title='bbox 427 1103 579 1168; x_wconf 85' lang='lat' dir='ltr'><strong>inventum</strong></span> <span class='ocrx_word' id='word_1_90' title='bbox 602 1105 634 1159; x_wconf 92' lang='lat' dir='ltr'><strong>in</strong></span> <span class='ocrx_word' id='word_1_91' title='bbox 658 1104 796 1174; x_wconf 88' lang='lat' dir='ltr'><strong>Graecis,</strong></span> <span class='ocrx_word' id='word_1_92' title='bbox 822 1103 966 1180; x_wconf 78' lang='lat' dir='ltr'><strong>Disrupit</strong></span> 
     </span>
     <span class='ocr_line' id='line_1_12' title="bbox 75 1185 965 1264; baseline -0.002 -20"><span class='ocrx_word' id='word_1_93' title='bbox 75 1207 211 1262; x_wconf 57' lang='lat' dir='ltr'><strong>regnum</strong></span> <span class='ocrx_word' id='word_1_94' title='bbox 230 1187 265 1242; x_wconf 80' lang='lat' dir='ltr'><strong>ab</strong></span> <span class='ocrx_word' id='word_1_95' title='bbox 279 1185 381 1242; x_wconf 77' lang='lat' dir='ltr'><strong>Iorne‘l</strong></span> <span class='ocrx_word' id='word_1_96' title='bbox 399 1187 433 1242; x_wconf 81' lang='lat' dir='ltr'><strong>de</strong></span> <span class='ocrx_word' id='word_1_97' title='bbox 453 1205 540 1241; x_wconf 82' lang='lat' dir='ltr'><strong>manu</strong></span> <span class='ocrx_word' id='word_1_98' title='bbox 559 1197 628 1242; x_wconf 84' lang='lat' dir='ltr'><strong>tuo:</strong></span> <span class='ocrx_word' id='word_1_99' title='bbox 653 1196 688 1241; x_wconf 90' lang='lat' dir='ltr'><strong>ut</strong></span> <span class='ocrx_word' id='word_1_100' title='bbox 704 1185 759 1242; x_wconf 90' lang='lat' dir='ltr'><strong>hoe</strong></span> <span class='ocrx_word' id='word_1_101' title='bbox 778 1188 965 1264; x_wconf 77' lang='lat' dir='ltr'><strong>intelligatur</strong></span> 
     </span>
     <span class='ocr_line' id='line_1_13' title="bbox 82 1266 964 1346; baseline -0.003 -18"><span class='ocrx_word' id='word_1_102' title='bbox 82 1283 145 1339; x_wconf 80' lang='lat' dir='ltr'><strong>tua,</strong></span> <span class='ocrx_word' id='word_1_103' title='bbox 165 1269 243 1344; x_wconf 85' lang='lat' dir='ltr'><strong>quod</strong></span> <span class='ocrx_word' id='word_1_104' title='bbox 256 1269 350 1326; x_wconf 82' lang='lat' dir='ltr'><strong>estol</strong></span> <span class='ocrx_word' id='word_1_105' title='bbox 364 1266 471 1324; x_wconf 58' lang='lat' dir='ltr'><strong>Israel.</strong></span> <span class='ocrx_word' id='word_1_106' title='bbox 482 1269 485 1288; x_wconf 74' lang='grc'><strong>”</strong></span> <span class='ocrx_word' id='word_1_107' title='bbox 505 1267 609 1343; x_wconf 87' lang='lat' dir='ltr'><strong>Populi</strong></span> <span class='ocrx_word' id='word_1_108' title='bbox 622 1287 692 1346; x_wconf 83' lang='lat' dir='ltr'><strong>ergo</strong></span> <span class='ocrx_word' id='word_1_109' title='bbox 707 1269 795 1325; x_wconf 69' lang='lat' dir='ltr'><strong>lsrael</strong></span> <span class='ocrx_word' id='word_1_110' title='bbox 809 1289 964 1344; x_wconf 78' lang='lat' dir='ltr'><strong>personam</strong></span> 
     </span>
     <span class='ocr_line' id='line_1_14' title="bbox 75 1352 1042 1432; baseline 0 -24"><span class='ocrx_word' id='word_1_111' title='bbox 75 1355 194 1431; x_wconf 80' lang='lat' dir='ltr'><strong>gerebat</strong></span> <span class='ocrx_word' id='word_1_112' title='bbox 207 1352 293 1408; x_wconf 90' lang='lat' dir='ltr'><strong>homo</strong></span> <span class='ocrx_word' id='word_1_113' title='bbox 308 1353 375 1421; x_wconf 82' lang='lat' dir='ltr'><strong>iate,</strong></span> <span class='ocrx_word' id='word_1_114' title='bbox 395 1353 445 1426; x_wconf 92' lang='lat' dir='ltr'><strong>qui</strong></span> <span class='ocrx_word' id='word_1_115' title='bbox 456 1353 579 1425; x_wconf 91' lang='lat' dir='ltr'><strong>populus</strong></span> <span class='ocrx_word' id='word_1_116' title='bbox 592 1369 718 1428; x_wconf 83' lang='lat' dir='ltr'><strong>regnum</strong></span> <span class='ocrx_word' id='word_1_117' title='bbox 731 1352 827 1432; x_wconf 65' lang='lat' dir='ltr'><strong>fuerat</strong></span> <span class='ocrx_word' id='word_1_118' title='bbox 840 1355 963 1408; x_wconf 87' lang='lat' dir='ltr'><strong>amissu-</strong></span> <span class='ocrx_word' id='word_1_119' title='bbox 1038 1391 1042 1398; x_wconf 66' lang='grc'><strong><em>»</em></strong></span> 
     </span>
     <span class='ocr_line' id='line_1_15' title="bbox 75 1433 964 1508; baseline -0.002 -15"><span class='ocrx_word' id='word_1_120' title='bbox 75 1446 123 1494; x_wconf 84' lang='lat' dir='ltr'><strong>sto</strong></span> <span class='ocrx_word' id='word_1_121' title='bbox 137 1435 203 1491; x_wconf 83' lang='lat' dir='ltr'><strong>lesu</strong></span> <span class='ocrx_word' id='word_1_122' title='bbox 211 1433 345 1491; x_wconf 87' lang='lat' dir='ltr'><strong>Domino</strong></span> <span class='ocrx_word' id='word_1_123' title='bbox 359 1443 460 1490; x_wconf 86' lang='lat' dir='ltr'><strong>nostro</strong></span> <span class='ocrx_word' id='word_1_124' title='bbox 474 1453 527 1508; x_wconf 91' lang='lat' dir='ltr'><strong>per</strong></span> <span class='ocrx_word' id='word_1_125' title='bbox 540 1452 653 1490; x_wconf 84' lang='lat' dir='ltr'><strong>novum</strong></span> <span class='ocrx_word' id='word_1_126' title='bbox 661 1433 889 1504; x_wconf 80' lang='lat' dir='ltr'><strong>Testamentum,</strong></span> <span class='ocrx_word' id='word_1_127' title='bbox 904 1455 964 1491; x_wconf 89' lang='grc' dir='ltr'>ιιοιι</span> 
     </span>
     <span class='ocr_line' id='line_1_16' title="bbox 75 1516 965 1616; baseline -0.002 -41"><span class='ocrx_word' id='word_1_128' title='bbox 75 1538 100 1591; x_wconf 84' lang='grc' dir='ltr'><strong>ι,</strong></span> <span class='ocrx_word' id='word_1_129' title='bbox 114 1518 166 1574; x_wconf 85' lang='lat' dir='ltr'><strong>sed</strong></span> <span class='ocrx_word' id='word_1_130' title='bbox 179 1519 351 1616; x_wconf 83' lang='lat' dir='ltr'><strong>spiritaliter</strong></span> <span class='ocrx_word' id='word_1_131' title='bbox 363 1526 534 1594; x_wconf 82' lang='lat' dir='ltr'><strong>regnaturo.</strong></span> <span class='ocrx_word' id='word_1_132' title='bbox 562 1516 608 1572; x_wconf 92' lang='lat' dir='ltr'><strong>De</strong></span> <span class='ocrx_word' id='word_1_133' title='bbox 622 1534 678 1591; x_wconf 93' lang='lat' dir='ltr'><strong>quo</strong></span> <span class='ocrx_word' id='word_1_134' title='bbox 692 1535 778 1591; x_wconf 86' lang='lat' dir='ltr'><strong>quum</strong></span> <span class='ocrx_word' id='word_1_135' title='bbox 793 1516 909 1586; x_wconf 82' lang='lat' dir='ltr'><strong>dicitur,</strong></span> <span class='ocrx_word' id='word_1_136' title='bbox 923 1517 965 1573; x_wconf 80' lang='lat' dir='ltr'><strong>Et</strong></span> 
     </span>
     <span class='ocr_line' id='line_1_17' title="bbox 75 1599 974 1680; baseline -0.004 -22"><span class='ocrx_word' id='word_1_137' title='bbox 75 1604 249 1680; x_wconf 69' lang='lat' dir='ltr'><strong>adproximo</strong></span> <span class='ocrx_word' id='word_1_138' title='bbox 264 1611 324 1670; x_wconf 83' lang='lat' dir='ltr'><strong>tuo,</strong></span> <span class='ocrx_word' id='word_1_139' title='bbox 338 1601 374 1656; x_wconf 84' lang='lat' dir='ltr'><strong>ad</strong></span> <span class='ocrx_word' id='word_1_140' title='bbox 388 1602 484 1656; x_wconf 87' lang='lat' dir='ltr'><strong>carnis</strong></span> <span class='ocrx_word' id='word_1_141' title='bbox 496 1602 706 1676; x_wconf 81' lang='lat' dir='ltr'><strong>cognationem</strong></span> <span class='ocrx_word' id='word_1_142' title='bbox 718 1600 748 1655; x_wconf 84' lang='lat' dir='ltr'><strong>id</strong></span> <span class='ocrx_word' id='word_1_143' title='bbox 759 1599 901 1656; x_wconf 85' lang='lat' dir='ltr'><strong>refertur:</strong></span> <span class='ocrx_word' id='word_1_144' title='bbox 928 1601 974 1654; x_wconf 72' lang='lat' dir='ltr'><strong>ex·</strong></span> 
     </span>
     <span class='ocr_line' id='line_1_18' title="bbox 75 1681 967 1753; baseline -0.004 -12"><span class='ocrx_word' id='word_1_145' title='bbox 75 1688 120 1742; x_wconf 68' lang='lat' dir='ltr'><strong>rim</strong></span> <span class='ocrx_word' id='word_1_146' title='bbox 137 1683 271 1741; x_wconf 87' lang='lat' dir='ltr'><strong>Christus</strong></span> <span class='ocrx_word' id='word_1_147' title='bbox 291 1683 459 1740; x_wconf 87' lang='lat' dir='ltr'><strong>secundum</strong></span> <span class='ocrx_word' id='word_1_148' title='bbox 469 1701 600 1753; x_wconf 87' lang='lat' dir='ltr'><strong>carnem,</strong></span> <span class='ocrx_word' id='word_1_149' title='bbox 625 1682 702 1738; x_wconf 83' lang='lat' dir='ltr'><strong>unde</strong></span> <span class='ocrx_word' id='word_1_150' title='bbox 721 1691 751 1736; x_wconf 92' lang='lat' dir='ltr'><strong>et</strong></span> <span class='ocrx_word' id='word_1_151' title='bbox 768 1681 847 1738; x_wconf 87' lang='lat' dir='ltr'><strong>Saul.</strong></span> <span class='ocrx_word' id='word_1_152' title='bbox 883 1683 967 1748; x_wconf 80' lang='lat' dir='ltr'><strong>Quod</strong></span> 
     </span>
     <span class='ocr_line' id='line_1_19' title="bbox 75 1765 1024 1850; baseline -0.004 -26"><span class='ocrx_word' id='word_1_153' title='bbox 75 1771 147 1824; x_wconf 88' lang='lat' dir='ltr'><strong>itum</strong></span> <span class='ocrx_word' id='word_1_154' title='bbox 162 1777 218 1838; x_wconf 87' lang='lat' dir='ltr'><strong>est,</strong></span> <span class='ocrx_word' id='word_1_155' title='bbox 231 1765 302 1823; x_wconf 79' lang='lat' dir='ltr'><strong>hono</strong></span> <span class='ocrx_word' id='word_1_156' title='bbox 299 1774 405 1843; x_wconf 75' lang='lat' dir='ltr'><strong>super</strong></span> <span class='ocrx_word' id='word_1_157' title='bbox 418 1776 458 1850; x_wconf 76' lang='lat' dir='ltr'><strong>tc,</strong></span> <span class='ocrx_word' id='word_1_158' title='bbox 471 1775 568 1840; x_wconf 82' lang='lat' dir='ltr'><strong>potest</strong></span> <span class='ocrx_word' id='word_1_159' title='bbox 576 1765 692 1839; x_wconf 80' lang='lat' dir='ltr'><strong>quidem</strong></span> <span class='ocrx_word' id='word_1_160' title='bbox 701 1765 838 1841; x_wconf 83' lang='lat' dir='ltr'><strong>intelligi,</strong></span> <span class='ocrx_word' id='word_1_161' title='bbox 852 1765 970 1826; x_wconf 80' lang='lat' dir='ltr'><strong>meliori</strong></span> <span class='ocrx_word' id='word_1_162' title='bbox 1020 1809 1024 1812; x_wconf 84' lang='lat'><em>.</em></span> 
     </span>
     <span class='ocr_line' id='line_1_20' title="bbox 86 1842 965 1924; baseline -0.007 -18"><span class='ocrx_word' id='word_1_163' title='bbox 86 1860 117 1906; x_wconf 89' lang='lat' dir='ltr'><strong>et</strong></span> <span class='ocrx_word' id='word_1_164' title='bbox 130 1850 282 1924; x_wconf 83' lang='lat' dir='ltr'><strong>quidam</strong></span> <span class='ocrx_word' id='word_1_165' title='bbox 259 1867 301 1904; x_wconf 80' lang='lat' dir='ltr'><strong>ste</strong></span> <span class='ocrx_word' id='word_1_166' title='bbox 313 1857 383 1905; x_wconf 85' lang='lat' dir='ltr'><strong>sunt</strong></span> <span class='ocrx_word' id='word_1_167' title='bbox 395 1842 600 1923; x_wconf 79' lang='lat' dir='ltr'><strong>iuterpretati:¹</strong></span> <span class='ocrx_word' id='word_1_168' title='bbox 620 1849 670 1904; x_wconf 85' lang='lat' dir='ltr'><strong>sed</strong></span> <span class='ocrx_word' id='word_1_169' title='bbox 683 1851 786 1904; x_wconf 85' lang='lat' dir='ltr'><strong>melius</strong></span> <span class='ocrx_word' id='word_1_170' title='bbox 802 1849 845 1902; x_wconf 87' lang='lat' dir='ltr'><strong>sie</strong></span> <span class='ocrx_word' id='word_1_171' title='bbox 858 1849 965 1919; x_wconf 89' lang='lat' dir='ltr'><strong>accipi-</strong></span> 
     </span>
     <span class='ocr_line' id='line_1_21' title="bbox 77 1931 966 2029; baseline -0.008 -39"><span class='ocrx_word' id='word_1_172' title='bbox 77 1951 168 2011; x_wconf 80' lang='lat' dir='ltr'><strong>euper</strong></span> <span class='ocrx_word' id='word_1_173' title='bbox 175 1944 214 2001; x_wconf 84' lang='lat' dir='ltr'><strong>te,</strong></span> <span class='ocrx_word' id='word_1_174' title='bbox 224 1941 257 1986; x_wconf 91' lang='lat' dir='ltr'><strong>ut</strong></span> <span class='ocrx_word' id='word_1_175' title='bbox 267 1933 336 2006; x_wconf 87' lang='lat' dir='ltr'><strong>quia</strong></span> <span class='ocrx_word' id='word_1_176' title='bbox 343 1931 491 1988; x_wconf 85' lang='lat' dir='ltr'><strong>illebonus</strong></span> <span class='ocrx_word' id='word_1_177' title='bbox 498 1942 553 2002; x_wconf 79' lang='lat' dir='ltr'><strong>est,</strong></span> <span class='ocrx_word' id='word_1_178' title='bbox 563 1931 629 1986; x_wconf 83' lang='lat' dir='ltr'><strong>ideo</strong></span> <span class='ocrx_word' id='word_1_179' title='bbox 640 1934 679 1987; x_wconf 91' lang='lat' dir='ltr'><strong>sit</strong></span> <span class='ocrx_word' id='word_1_180' title='bbox 687 1950 775 2029; x_wconf 80' lang='lat' dir='ltr'><strong>super</strong></span> <span class='ocrx_word' id='word_1_181' title='bbox 785 1940 825 2000; x_wconf 91' lang='lat' dir='ltr'><strong>te,</strong></span> <span class='ocrx_word' id='word_1_182' title='bbox 837 1932 920 1985; x_wconf 86' lang='lat' dir='ltr'><strong>iuxta</strong></span> <span class='ocrx_word' id='word_1_183' title='bbox 930 1931 966 1984; x_wconf 91' lang='lat' dir='ltr'><strong>il-</strong></span> 
     </span>
    </p>

    <p class='ocr_par' dir='ltr' id='par_1_5' title="bbox 75 2011 968 2588">
     <span class='ocr_line' id='line_1_22' title="bbox 75 2011 966 2116; baseline -0.004 -44"><span class='ocrx_word' id='word_1_184' title='bbox 75 2017 82 2072; x_wconf 97' lang='lat' dir='ltr'><strong>l</strong></span> <span class='ocrx_word' id='word_1_185' title='bbox 99 2014 315 2116; x_wconf 87' lang='lat' dir='ltr'><strong>propheticum,</strong></span> <span class='ocrx_word' id='word_1_186' title='bbox 340 2013 462 2071; x_wconf 81' lang='lat' dir='ltr'><strong>Donec</strong></span> <span class='ocrx_word' id='word_1_187' title='bbox 450 2033 561 2091; x_wconf 80' lang='lat' dir='ltr'><strong>ponam</strong></span> <span class='ocrx_word' id='word_1_188' title='bbox 576 2031 672 2072; x_wconf 86' lang='lat' dir='ltr'><strong>omnes</strong></span> <span class='ocrx_word' id='word_1_189' title='bbox 687 2017 819 2070; x_wconf 81' lang='lat' dir='ltr'><strong>inimicos</strong></span> <span class='ocrx_word' id='word_1_190' title='bbox 834 2025 900 2069; x_wconf 72' lang='lat' dir='ltr'><strong>toros</strong></span> <span class='ocrx_word' id='word_1_191' title='bbox 915 2011 966 2068; x_wconf 82' lang='lat' dir='ltr'><strong>ouh</strong></span> 
     </span>
     <span class='ocr_line' id='line_1_23' title="bbox 75 2095 968 2172; baseline -0.007 -16"><span class='ocrx_word' id='word_1_192' title='bbox 75 2101 138 2156; x_wconf 75' lang='lat' dir='ltr'><strong>tuis.</strong></span> <span class='ocrx_word' id='word_1_193' title='bbox 152 2099 187 2154; x_wconf 88' lang='lat' dir='ltr'><strong>ln</strong></span> <span class='ocrx_word' id='word_1_194' title='bbox 197 2099 300 2172; x_wconf 88' lang='lat' dir='ltr'><strong>quihus</strong></span> <span class='ocrx_word' id='word_1_195' title='bbox 315 2108 359 2153; x_wconf 86' lang='lat' dir='ltr'><strong>est</strong></span> <span class='ocrx_word' id='word_1_196' title='bbox 370 2107 400 2152; x_wconf 90' lang='lat' dir='ltr'><strong>et</strong></span> <span class='ocrx_word' id='word_1_197' title='bbox 409 2095 510 2169; x_wconf 82' lang='lat' dir='ltr'><strong>lsraiil,</strong></span> <span class='ocrx_word' id='word_1_198' title='bbox 525 2099 573 2154; x_wconf 90' lang='lat' dir='ltr'><strong>cui</strong></span> <span class='ocrx_word' id='word_1_199' title='bbox 586 2116 638 2153; x_wconf 90' lang='lat' dir='ltr'><strong>suo</strong></span> <span class='ocrx_word' id='word_1_200' title='bbox 650 2098 829 2172; x_wconf 80' lang='lat' dir='ltr'><strong>persecutori</strong></span> <span class='ocrx_word' id='word_1_201' title='bbox 842 2113 968 2172; x_wconf 82' lang='lat' dir='ltr'><strong>regnum</strong></span> 
     </span>
     <span class='ocr_line' id='line_1_24' title="bbox 75 2179 966 2254; baseline -0.004 -16"><span class='ocrx_word' id='word_1_202' title='bbox 75 2182 211 2240; x_wconf 73' lang='lat' dir='ltr'><strong>Christus.</strong></span> <span class='ocrx_word' id='word_1_203' title='bbox 246 2182 383 2248; x_wconf 79' lang='lat' dir='ltr'><strong>Quamvis</strong></span> <span class='ocrx_word' id='word_1_204' title='bbox 403 2181 494 2236; x_wconf 86' lang='lat' dir='ltr'><strong>fuerit</strong></span> <span class='ocrx_word' id='word_1_205' title='bbox 510 2183 583 2236; x_wconf 89' lang='lat' dir='ltr'><strong>illie</strong></span> <span class='ocrx_word' id='word_1_206' title='bbox 592 2190 621 2236; x_wconf 88' lang='lat' dir='ltr'><strong>et</strong></span> <span class='ocrx_word' id='word_1_207' title='bbox 638 2181 775 2251; x_wconf 71' lang='lat' dir='ltr'><strong>lsrael,</strong></span> <span class='ocrx_word' id='word_1_208' title='bbox 766 2199 796 2234; x_wconf 91' lang='lat' dir='ltr'><strong>m</strong></span> <span class='ocrx_word' id='word_1_209' title='bbox 814 2193 869 2254; x_wconf 91' lang='lat' dir='ltr'><strong>quo</strong></span> <span class='ocrx_word' id='word_1_210' title='bbox 884 2179 966 2234; x_wconf 83' lang='lat' dir='ltr'><strong>dolus</strong></span> 
     </span>
     <span class='ocr_line' id='line_1_25' title="bbox 76 2262 967 2340; baseline -0.004 -20"><span class='ocrx_word' id='word_1_211' title='bbox 76 2307 86 2337; x_wconf 92' lang='lat'><strong>,</strong></span> <span class='ocrx_word' id='word_1_212' title='bbox 112 2265 256 2340; x_wconf 84' lang='lat' dir='ltr'><strong>quoddam</strong></span> <span class='ocrx_word' id='word_1_213' title='bbox 275 2265 358 2338; x_wconf 90' lang='lat' dir='ltr'><strong>quasi</strong></span> <span class='ocrx_word' id='word_1_214' title='bbox 377 2263 555 2330; x_wconf 77' lang='lat' dir='ltr'><strong>frumentum</strong></span> <span class='ocrx_word' id='word_1_215' title='bbox 573 2266 691 2320; x_wconf 87' lang='lat' dir='ltr'><strong>illarum</strong></span> <span class='ocrx_word' id='word_1_216' title='bbox 709 2266 867 2338; x_wconf 79' lang='lat' dir='ltr'><strong>palearum.</strong></span> <span class='ocrx_word' id='word_1_217' title='bbox 891 2262 967 2317; x_wconf 90' lang='lat' dir='ltr'><strong>Nam</strong></span> 
     </span>
     <span class='ocr_line' id='line_1_26' title="bbox 75 2345 968 2421; baseline -0.006 -16"><span class='ocrx_word' id='word_1_218' title='bbox 75 2350 117 2407; x_wconf 77' lang='lat' dir='ltr'><strong>rtle</strong></span> <span class='ocrx_word' id='word_1_219' title='bbox 130 2357 216 2403; x_wconf 84' lang='lat' dir='ltr'><strong>erant</strong></span> <span class='ocrx_word' id='word_1_220' title='bbox 228 2346 372 2419; x_wconf 80' lang='lat' dir='ltr'><strong>Apostoli,</strong></span> <span class='ocrx_word' id='word_1_221' title='bbox 385 2346 453 2401; x_wconf 85' lang='lat' dir='ltr'><strong>inde</strong></span> <span class='ocrx_word' id='word_1_222' title='bbox 466 2355 512 2402; x_wconf 92' lang='lat' dir='ltr'><strong>tot</strong></span> <span class='ocrx_word' id='word_1_223' title='bbox 524 2345 679 2420; x_wconf 85' lang='lat' dir='ltr'><strong>Martyres,</strong></span> <span class='ocrx_word' id='word_1_224' title='bbox 694 2365 815 2421; x_wconf 86' lang='lat' dir='ltr'><strong>quorum</strong></span> <span class='ocrx_word' id='word_1_225' title='bbox 825 2346 909 2419; x_wconf 91' lang='lat' dir='ltr'><strong>prior</strong></span> <span class='ocrx_word' id='word_1_226' title='bbox 923 2355 968 2400; x_wconf 89' lang='lat' dir='ltr'><strong>est</strong></span> 
     </span>
     <span class='ocr_line' id='line_1_27' title="bbox 75 2428 965 2504; baseline -0.006 -15"><span class='ocrx_word' id='word_1_227' title='bbox 75 2449 115 2504; x_wconf 82' lang='lat' dir='ltr'><strong>rs;</strong></span> <span class='ocrx_word' id='word_1_228' title='bbox 141 2429 210 2487; x_wconf 84' lang='lat' dir='ltr'><strong>inde</strong></span> <span class='ocrx_word' id='word_1_229' title='bbox 222 2429 443 2500; x_wconf 83' lang='lat' dir='ltr'><strong>totEcclesiae,</strong></span> <span class='ocrx_word' id='word_1_230' title='bbox 467 2447 538 2502; x_wconf 81' lang='lat' dir='ltr'><strong>quas</strong></span> <span class='ocrx_word' id='word_1_231' title='bbox 549 2429 703 2503; x_wconf 86' lang='lat' dir='ltr'><strong>Apostolus</strong></span> <span class='ocrx_word' id='word_1_232' title='bbox 717 2428 824 2484; x_wconf 85' lang='lat' dir='ltr'><strong>Paulus</strong></span> <span class='ocrx_word' id='word_1_233' title='bbox 840 2447 965 2485; x_wconf 86' lang='lat' dir='ltr'><strong>conmre-</strong></span> 
     </span>
     <span class='ocr_line' id='line_1_28' title="bbox 75 2510 725 2588; baseline -0.008 -16"><span class='ocrx_word' id='word_1_234' title='bbox 75 2537 83 2574; x_wconf 95' lang='grc' dir='ltr'><strong>ι</strong></span> <span class='ocrx_word' id='word_1_235' title='bbox 96 2515 290 2572; x_wconf 84' lang='lat' dir='ltr'><strong>conversione</strong></span> <span class='ocrx_word' id='word_1_236' title='bbox 303 2515 367 2568; x_wconf 88' lang='lat' dir='ltr'><strong>eius</strong></span> <span class='ocrx_word' id='word_1_237' title='bbox 381 2511 603 2588; x_wconf 78' lang='lat' dir='ltr'><strong>magnificantes</strong></span> <span class='ocrx_word' id='word_1_238' title='bbox 620 2510 725 2567; x_wconf 82' lang='lat' dir='ltr'><strong>Deum.</strong></span> 
     </span>
    </p>

    <p class='ocr_par' dir='ltr' id='par_1_6' title="bbox 75 2593 998 2922">
     <span class='ocr_line' id='line_1_29' title="bbox 75 2593 965 2675; baseline -0.006 -19"><span class='ocrx_word' id='word_1_239' title='bbox 75 2617 127 2675; x_wconf 76' lang='lat' dir='ltr'><strong>pua</strong></span> <span class='ocrx_word' id='word_1_240' title='bbox 143 2616 177 2653; x_wconf 88' lang='lat' dir='ltr'><strong>re</strong></span> <span class='ocrx_word' id='word_1_241' title='bbox 196 2614 256 2652; x_wconf 88' lang='lat' dir='ltr'><strong>uon</strong></span> <span class='ocrx_word' id='word_1_242' title='bbox 275 2596 375 2652; x_wconf 84' lang='lat' dir='ltr'><strong>dubito</strong></span> <span class='ocrx_word' id='word_1_243' title='bbox 395 2593 621 2671; x_wconf 84' lang='lat' dir='ltr'><strong>intelligendum</strong></span> <span class='ocrx_word' id='word_1_244' title='bbox 640 2611 704 2648; x_wconf 86' lang='lat' dir='ltr'><strong>esse</strong></span> <span class='ocrx_word' id='word_1_245' title='bbox 725 2594 802 2666; x_wconf 89' lang='lat' dir='ltr'><strong>quod</strong></span> <span class='ocrx_word' id='word_1_246' title='bbox 823 2593 965 2669; x_wconf 77' lang='lat' dir='ltr'><strong>sequitur,</strong></span> 
     </span>
     <span class='ocr_line' id='line_1_30' title="bbox 75 2676 981 2752; baseline -0.007 -13"><span class='ocrx_word' id='word_1_247' title='bbox 75 2694 139 2740; x_wconf 79' lang='lat' dir='ltr'><strong>etur</strong></span> <span class='ocrx_word' id='word_1_248' title='bbox 149 2679 252 2752; x_wconf 65' lang='lat' dir='ltr'><strong>Israel</strong></span> <span class='ocrx_word' id='word_1_249' title='bbox 264 2682 294 2735; x_wconf 84' lang='lat' dir='ltr'><strong>in</strong></span> <span class='ocrx_word' id='word_1_250' title='bbox 309 2680 383 2735; x_wconf 81' lang='lat' dir='ltr'><strong>duo:</strong></span> <span class='ocrx_word' id='word_1_251' title='bbox 402 2679 432 2732; x_wconf 91' lang='lat' dir='ltr'><strong>in</strong></span> <span class='ocrx_word' id='word_1_252' title='bbox 446 2676 535 2732; x_wconf 73' lang='lat' dir='ltr'><strong>lsrael</strong></span> <span class='ocrx_word' id='word_1_253' title='bbox 549 2678 662 2731; x_wconf 83' lang='lat' dir='ltr'><strong>scilicet</strong></span> <span class='ocrx_word' id='word_1_254' title='bbox 675 2676 826 2748; x_wconf 87' lang='lat' dir='ltr'><strong>inimicum</strong></span> <span class='ocrx_word' id='word_1_255' title='bbox 840 2677 981 2748; x_wconf 59' lang='lat' dir='ltr'><strong>Christo„</strong></span> 
     </span>
     <span class='ocr_line' id='line_1_31' title="bbox 81 2753 998 2832; baseline -0.005 -11"><span class='ocrx_word' id='word_1_256' title='bbox 81 2764 288 2821; x_wconf 78' lang='lat' dir='ltr'><strong>adhaerentem</strong></span> <span class='ocrx_word' id='word_1_257' title='bbox 301 2761 432 2832; x_wconf 80' lang='lat' dir='ltr'><strong>Christ03</strong></span> <span class='ocrx_word' id='word_1_258' title='bbox 459 2763 490 2816; x_wconf 92' lang='lat' dir='ltr'><strong>in</strong></span> <span class='ocrx_word' id='word_1_259' title='bbox 504 2759 593 2815; x_wconf 76' lang='lat' dir='ltr'><strong>lsratl</strong></span> <span class='ocrx_word' id='word_1_260' title='bbox 607 2758 643 2813; x_wconf 89' lang='lat' dir='ltr'><strong>ad</strong></span> <span class='ocrx_word' id='word_1_261' title='bbox 657 2761 808 2832; x_wconf 86' lang='lat' dir='ltr'><strong>ancillam,</strong></span> <span class='ocrx_word' id='word_1_262' title='bbox 834 2769 865 2814; x_wconf 89' lang='lat' dir='ltr'><strong>et</strong></span> <span class='ocrx_word' id='word_1_263' title='bbox 876 2759 977 2816; x_wconf 79' lang='lat' dir='ltr'><strong>lsrael</strong></span> <span class='ocrx_word' id='word_1_264' title='bbox 995 2753 998 2762; x_wconf 54' lang='lat'><strong><em>‘</em></strong></span> 
     </span>
     <span class='ocr_line' id='line_1_32' title="bbox 75 2842 968 2922; baseline -0.009 -16"><span class='ocrx_word' id='word_1_265' title='bbox 75 2867 111 2906; x_wconf 77' lang='lat' dir='ltr'><strong>rm</strong></span> <span class='ocrx_word' id='word_1_266' title='bbox 130 2848 336 2922; x_wconf 85' lang='lat' dir='ltr'><strong>pertinentem.</strong></span> <span class='ocrx_word' id='word_1_267' title='bbox 366 2843 441 2899; x_wconf 90' lang='lat' dir='ltr'><strong>Nam</strong></span> <span class='ocrx_word' id='word_1_268' title='bbox 460 2845 518 2899; x_wconf 84' lang='lat' dir='ltr'><strong>ieta</strong></span> <span class='ocrx_word' id='word_1_269' title='bbox 534 2842 593 2898; x_wconf 89' lang='lat' dir='ltr'><strong>duo</strong></span> <span class='ocrx_word' id='word_1_270' title='bbox 611 2859 722 2919; x_wconf 83' lang='lat' dir='ltr'><strong>genera</strong></span> <span class='ocrx_word' id='word_1_271' title='bbox 735 2843 860 2916; x_wconf 87' lang='lat' dir='ltr'><strong>primum</strong></span> <span class='ocrx_word' id='word_1_272' title='bbox 879 2844 968 2898; x_wconf 82' lang='lat' dir='ltr'><strong>simul</strong></span> 
     </span>
    </p>
   </div>
   <div class='ocr_carea' id='block_1_5' title="bbox 75 2925 1062 2994">
    <p class='ocr_par' dir='ltr' id='par_1_7' title="bbox 75 2925 1062 2994">
     <span class='ocr_line' id='line_1_33' title="bbox 75 2925 1062 2994; baseline -0.008 -7"><span class='ocrx_word' id='word_1_273' title='bbox 75 2935 131 2987; x_wconf 82' lang='lat' dir='ltr'><strong>elut</strong></span> <span class='ocrx_word' id='word_1_274' title='bbox 143 2927 286 2986; x_wconf 82' lang='lat' dir='ltr'><strong>Abraham</strong></span> <span class='ocrx_word' id='word_1_275' title='bbox 300 2926 392 2983; x_wconf 87' lang='lat' dir='ltr'><strong>adhuc</strong></span> <span class='ocrx_word' id='word_1_276' title='bbox 406 2926 577 2983; x_wconf 84' lang='lat' dir='ltr'><strong>adhaereret</strong></span> <span class='ocrx_word' id='word_1_277' title='bbox 589 2927 729 2994; x_wconf 86' lang='lat' dir='ltr'><strong>ancillae,</strong></span> <span class='ocrx_word' id='word_1_278' title='bbox 753 2925 844 2981; x_wconf 84' lang='lat' dir='ltr'><strong>donec</strong></span> <span class='ocrx_word' id='word_1_279' title='bbox 858 2927 967 2980; x_wconf 87' lang='lat' dir='ltr'><strong>sterilis</strong></span> <span class='ocrx_word' id='word_1_280' title='bbox 1058 2929 1062 2938; x_wconf 77' lang='lat'><strong><em>‘</em></strong></span> 
     </span>
    </p>
   </div>
   <div class='ocr_carea' id='block_1_6' title="bbox 75 3007 969 3920">
    <p class='ocr_par' dir='ltr' id='par_1_8' title="bbox 75 3007 969 3920">
     <span class='ocr_line' id='line_1_34' title="bbox 75 3007 967 3088; baseline -0.012 -22"><span class='ocrx_word' id='word_1_281' title='bbox 75 3011 201 3088; x_wconf 76' lang='lat' dir='ltr'><strong>gratiam</strong></span> <span class='ocrx_word' id='word_1_282' title='bbox 219 3007 393 3066; x_wconf 67' lang='lat' dir='ltr'><strong>foecundata</strong></span> <span class='ocrx_word' id='word_1_283' title='bbox 411 3009 560 3063; x_wconf 65' lang='lat' dir='ltr'><strong>clamaret:</strong></span> <span class='ocrx_word' id='word_1_284' title='bbox 588 3008 819 3065; x_wconf 75' lang='lat' dir='ltr'><strong>Eiiceancillam</strong></span> <span class='ocrx_word' id='word_1_285' title='bbox 831 3007 967 3078; x_wconf 77' lang='lat' dir='ltr'><strong>etfilium</strong></span> 
     </span>
     <span class='ocr_line' id='line_1_35' title="bbox 75 3090 967 3170; baseline -0.009 -17.973"><span class='ocrx_word' id='word_1_286' title='bbox 75 3105 162 3170; x_wconf 75' lang='lat' dir='ltr'><strong>&#39;optet</strong></span> <span class='ocrx_word' id='word_1_287' title='bbox 180 3103 332 3168; x_wconf 85' lang='lat' dir='ltr'><strong>peceatum</strong></span> <span class='ocrx_word' id='word_1_288' title='bbox 351 3093 465 3166; x_wconf 86' lang='lat' dir='ltr'><strong>quidem</strong></span> <span class='ocrx_word' id='word_1_289' title='bbox 483 3090 647 3166; x_wconf 82' lang='lat' dir='ltr'><strong>Salomonis</strong></span> <span class='ocrx_word' id='word_1_290' title='bbox 667 3101 811 3168; x_wconf 79' lang='lat' dir='ltr'><strong>regnante</strong></span> <span class='ocrx_word' id='word_1_291' title='bbox 829 3091 889 3146; x_wconf 88' lang='lat' dir='ltr'><strong>filio</strong></span> <span class='ocrx_word' id='word_1_292' title='bbox 905 3092 967 3145; x_wconf 82' lang='lat' dir='ltr'><strong>eius</strong></span> 
     </span>
     <span class='ocr_line' id='line_1_36' title="bbox 88 3161 965 3248; baseline -0.008 -13.967"><span class='ocrx_word' id='word_1_293' title='bbox 88 3181 212 3248; x_wconf 84' lang='lat' dir='ltr'><strong>scimus,</strong></span> <span class='ocrx_word' id='word_1_294' title='bbox 233 3175 345 3231; x_wconf 85' lang='lat' dir='ltr'><strong>lsrael</strong></span> <span class='ocrx_word' id='word_1_295' title='bbox 337 3195 368 3230; x_wconf 94' lang='grc' dir='ltr'><strong>ιιι</strong></span> <span class='ocrx_word' id='word_1_296' title='bbox 383 3176 438 3232; x_wconf 88' lang='lat' dir='ltr'><strong>duo</strong></span> <span class='ocrx_word' id='word_1_297' title='bbox 452 3161 541 3230; x_wconf 85' lang='lat' dir='ltr'><strong>fuisse</strong></span> <span class='ocrx_word' id='word_1_298' title='bbox 555 3174 679 3230; x_wconf 85' lang='lat' dir='ltr'><strong>divisum</strong></span> <span class='ocrx_word' id='word_1_299' title='bbox 687 3183 798 3247; x_wconf 87' lang='lat' dir='ltr'><strong>,atque</strong></span> <span class='ocrx_word' id='word_1_300' title='bbox 811 3175 853 3229; x_wconf 89' lang='lat' dir='ltr'><strong>ita</strong></span> <span class='ocrx_word' id='word_1_301' title='bbox 864 3191 965 3248; x_wconf 90' lang='lat' dir='ltr'><strong>perse-</strong></span> 
     </span>
     <span class='ocr_line' id='line_1_37' title="bbox 75 3257 967 3334; baseline -0.009 -16"><span class='ocrx_word' id='word_1_302' title='bbox 75 3261 247 3318; x_wconf 86' lang='lat' dir='ltr'><strong>habentibus</strong></span> <span class='ocrx_word' id='word_1_303' title='bbox 260 3259 385 3334; x_wconf 77' lang='lat' dir='ltr'><strong>singulis</strong></span> <span class='ocrx_word' id='word_1_304' title='bbox 395 3259 525 3332; x_wconf 82' lang='lat' dir='ltr'><strong>partibus</strong></span> <span class='ocrx_word' id='word_1_305' title='bbox 539 3276 625 3334; x_wconf 79' lang='lat' dir='ltr'><strong>reges</strong></span> <span class='ocrx_word' id='word_1_306' title='bbox 635 3275 714 3327; x_wconf 84' lang='lat' dir='ltr'><strong>suos,</strong></span> <span class='ocrx_word' id='word_1_307' title='bbox 728 3257 820 3312; x_wconf 83' lang='lat' dir='ltr'><strong>donec</strong></span> <span class='ocrx_word' id='word_1_308' title='bbox 831 3259 882 3312; x_wconf 88' lang='lat' dir='ltr'><strong>illa</strong></span> <span class='ocrx_word' id='word_1_309' title='bbox 893 3273 967 3333; x_wconf 84' lang='lat' dir='ltr'><strong>gens</strong></span> 
     </span>
     <span class='ocr_line' id='line_1_38' title="bbox 75 3342 967 3418; baseline -0.011 -16"><span class='ocrx_word' id='word_1_310' title='bbox 75 3346 192 3402; x_wconf 76' lang='lat' dir='ltr'><strong>raldeeis</strong></span> <span class='ocrx_word' id='word_1_311' title='bbox 207 3351 285 3397; x_wconf 82' lang='lat' dir='ltr'><strong>esset</strong></span> <span class='ocrx_word' id='word_1_312' title='bbox 294 3343 413 3418; x_wconf 81' lang='lat' dir='ltr'><strong>&#39;ingenti</strong></span> <span class='ocrx_word' id='word_1_313' title='bbox 425 3343 590 3398; x_wconf 77' lang='lat' dir='ltr'><strong>vastatione</strong></span> <span class='ocrx_word' id='word_1_314' title='bbox 609 3342 753 3396; x_wconf 83' lang='lat' dir='ltr'><strong>&#39;subversa</strong></span> <span class='ocrx_word' id='word_1_315' title='bbox 767 3348 854 3414; x_wconf 89' lang='lat' dir='ltr'><strong>atque</strong></span> <span class='ocrx_word' id='word_1_316' title='bbox 868 3348 967 3394; x_wconf 87' lang='lat' dir='ltr'><strong>trans·</strong></span> 
     </span>
     <span class='ocr_line' id='line_1_39' title="bbox 75 3422 966 3500; baseline -0.009 -14"><span class='ocrx_word' id='word_1_317' title='bbox 75 3428 162 3486; x_wconf 85' lang='lat' dir='ltr'><strong>dhoc</strong></span> <span class='ocrx_word' id='word_1_318' title='bbox 176 3424 246 3500; x_wconf 86' lang='lat' dir='ltr'><strong>quid</strong></span> <span class='ocrx_word' id='word_1_319' title='bbox 259 3423 295 3480; x_wconf 88' lang='lat' dir='ltr'><strong>ad</strong></span> <span class='ocrx_word' id='word_1_320' title='bbox 310 3423 447 3496; x_wconf 88' lang='lat' dir='ltr'><strong>Saulem,</strong></span> <span class='ocrx_word' id='word_1_321' title='bbox 471 3426 574 3480; x_wconf 78' lang='lat' dir='ltr'><strong>cumei</strong></span> <span class='ocrx_word' id='word_1_322' title='bbox 587 3426 647 3480; x_wconf 88' lang='lat' dir='ltr'><strong>tale</strong></span> <span class='ocrx_word' id='word_1_323' title='bbox 662 3422 773 3498; x_wconf 87' lang='lat' dir='ltr'><strong>aliquid</strong></span> <span class='ocrx_word' id='word_1_324' title='bbox 787 3424 966 3478; x_wconf 87' lang='lat' dir='ltr'><strong>comminan-</strong></span> 
     </span>
     <span class='ocr_line' id='line_1_40' title="bbox 75 3505 967 3584; baseline -0.011 -16"><span class='ocrx_word' id='word_1_325' title='bbox 75 3522 112 3582; x_wconf 79' lang='grc' dir='ltr'><strong>ιι,</strong></span> <span class='ocrx_word' id='word_1_326' title='bbox 139 3511 197 3584; x_wconf 91' lang='lat' dir='ltr'><strong>ipsi</strong></span> <span class='ocrx_word' id='word_1_327' title='bbox 210 3506 307 3565; x_wconf 84' lang='lat' dir='ltr'><strong>David</strong></span> <span class='ocrx_word' id='word_1_328' title='bbox 319 3507 409 3562; x_wconf 87' lang='lat' dir='ltr'><strong>fucrit</strong></span> <span class='ocrx_word' id='word_1_329' title='bbox 428 3506 677 3576; x_wconf 86' lang='lat' dir='ltr'><strong>comminandum,</strong></span> <span class='ocrx_word' id='word_1_330' title='bbox 705 3507 785 3560; x_wconf 77' lang='lat' dir='ltr'><strong>euius</strong></span> <span class='ocrx_word' id='word_1_331' title='bbox 809 3514 872 3560; x_wconf 88' lang='lat' dir='ltr'><strong>erat</strong></span> <span class='ocrx_word' id='word_1_332' title='bbox 889 3505 967 3560; x_wconf 78' lang='lat' dir='ltr'><strong>filius</strong></span> 
     </span>
     <span class='ocr_line' id='line_1_41' title="bbox 75 3587 965 3667; baseline -0.009 -17"><span class='ocrx_word' id='word_1_333' title='bbox 75 3593 88 3650; x_wconf 79' lang='lat' dir='ltr'><strong>l</strong></span> <span class='ocrx_word' id='word_1_334' title='bbox 102 3594 254 3650; x_wconf 84' lang='lat' dir='ltr'><strong>Postremo</strong></span> <span class='ocrx_word' id='word_1_335' title='bbox 268 3592 437 3652; x_wconf 81' lang='lat' dir='ltr'><strong>nunciater</strong></span> <span class='ocrx_word' id='word_1_336' title='bbox 451 3609 482 3644; x_wconf 83' lang='lat' dir='ltr'><strong>se</strong></span> <span class='ocrx_word' id='word_1_337' title='bbox 495 3608 568 3667; x_wconf 82' lang='lat' dir='ltr'><strong>gens</strong></span> <span class='ocrx_word' id='word_1_338' title='bbox 580 3588 712 3644; x_wconf 86' lang='lat' dir='ltr'><strong>Hebraea</strong></span> <span class='ocrx_word' id='word_1_339' title='bbox 727 3587 821 3643; x_wconf 87' lang='lat' dir='ltr'><strong>divisa</strong></span> <span class='ocrx_word' id='word_1_340' title='bbox 834 3605 896 3643; x_wconf 90' lang='lat' dir='ltr'><strong>non</strong></span> <span class='ocrx_word' id='word_1_341' title='bbox 910 3598 965 3656; x_wconf 88' lang='lat' dir='ltr'><strong>est,</strong></span> 
     </span>
     <span class='ocr_line' id='line_1_42' title="bbox 75 3670 968 3748; baseline -0.008 -16"><span class='ocrx_word' id='word_1_342' title='bbox 75 3676 197 3748; x_wconf 64' lang='lat' dir='ltr'><strong>lecenter</strong></span> <span class='ocrx_word' id='word_1_343' title='bbox 210 3677 241 3730; x_wconf 93' lang='lat' dir='ltr'><strong>iu</strong></span> <span class='ocrx_word' id='word_1_344' title='bbox 256 3671 385 3730; x_wconf 81' lang='lat' dir='ltr'><strong>eiusdem</strong></span> <span class='ocrx_word' id='word_1_345' title='bbox 404 3675 511 3728; x_wconf 90' lang='lat' dir='ltr'><strong>erroris</strong></span> <span class='ocrx_word' id='word_1_346' title='bbox 530 3674 669 3730; x_wconf 83' lang='lat' dir='ltr'><strong>societate</strong></span> <span class='ocrx_word' id='word_1_347' title='bbox 689 3670 820 3744; x_wconf 86' lang='lat' dir='ltr'><strong>dispersa</strong></span> <span class='ocrx_word' id='word_1_348' title='bbox 837 3688 890 3744; x_wconf 83' lang='lat' dir='ltr'><strong>per</strong></span> <span class='ocrx_word' id='word_1_349' title='bbox 904 3679 968 3728; x_wconf 86' lang='lat' dir='ltr'><strong>ter-</strong></span> 
     </span>
     <span class='ocr_line' id='line_1_43' title="bbox 75 3752 969 3831; baseline -0.01 -14"><span class='ocrx_word' id='word_1_350' title='bbox 75 3762 149 3818; x_wconf 88' lang='lat' dir='ltr'><strong>visio</strong></span> <span class='ocrx_word' id='word_1_351' title='bbox 163 3776 235 3814; x_wconf 83' lang='lat' dir='ltr'><strong>vero</strong></span> <span class='ocrx_word' id='word_1_352' title='bbox 249 3759 314 3827; x_wconf 92' lang='lat' dir='ltr'><strong>illa,</strong></span> <span class='ocrx_word' id='word_1_353' title='bbox 340 3775 427 3831; x_wconf 86' lang='lat' dir='ltr'><strong>quam</strong></span> <span class='ocrx_word' id='word_1_354' title='bbox 440 3755 522 3812; x_wconf 85' lang='lat' dir='ltr'><strong>Deus</strong></span> <span class='ocrx_word' id='word_1_355' title='bbox 542 3757 594 3811; x_wconf 90' lang='lat' dir='ltr'><strong>suh</strong></span> <span class='ocrx_word' id='word_1_356' title='bbox 612 3771 737 3828; x_wconf 83' lang='lat' dir='ltr'><strong>persona</strong></span> <span class='ocrx_word' id='word_1_357' title='bbox 750 3752 863 3825; x_wconf 86' lang='lat' dir='ltr'><strong>Saulis,</strong></span> <span class='ocrx_word' id='word_1_358' title='bbox 889 3755 969 3809; x_wconf 83' lang='lat' dir='ltr'><strong>illius</strong></span> 
     </span>
     <span class='ocr_line' id='line_1_44' title="bbox 75 3837 968 3920; baseline -0.009 -20"><span class='ocrx_word' id='word_1_359' title='bbox 75 3843 172 3920; x_wconf 86' lang='lat' dir='ltr'><strong>populi</strong></span> <span class='ocrx_word' id='word_1_360' title='bbox 185 3840 308 3917; x_wconf 84' lang='lat' dir='ltr'><strong>liguram</strong></span> <span class='ocrx_word' id='word_1_361' title='bbox 327 3840 475 3916; x_wconf 78' lang='lat' dir='ltr'><strong>gerentis,</strong></span> <span class='ocrx_word' id='word_1_362' title='bbox 502 3837 596 3896; x_wconf 82' lang='lat' dir='ltr'><strong>eidem</strong></span> <span class='ocrx_word' id='word_1_363' title='bbox 615 3857 709 3915; x_wconf 84' lang='lat' dir='ltr'><strong>regno</strong></span> <span class='ocrx_word' id='word_1_364' title='bbox 732 3839 896 3912; x_wconf 87' lang='lat' dir='ltr'><strong>populoque</strong></span> <span class='ocrx_word' id='word_1_365' title='bbox 914 3839 968 3892; x_wconf 88' lang='lat' dir='ltr'><strong>mi-</strong></span> 
     </span>
    </p>
   </div>
   <div class='ocr_carea' id='block_1_7' title="bbox 0 0 1179 4312">
    <p class='ocr_par' dir='ltr' id='par_1_9' title="bbox 0 0 1179 4312">
     <span class='ocr_line' id='line_1_45' title="bbox 0 0 1179 4312; baseline 0 0"><span class='ocrx_word' id='word_1_366' title='bbox 0 0 1179 4312; x_wconf 95' lang='lat' dir='ltr'><strong> </strong></span> 
     </span>
    </p>
   </div>
  </div>
 </body>
</html>
