2362 4320
186 219 273 308 sos,
335 252 340 262 1
370 198 374 206 “
413 203 511 294 orvi
532 189 718 270 sverin
738 187 997 268 ivscvsrim
1027 165 1029 170 ¹
1086 215 1088 222 s

119 349 120 354 ἵ
186 353 365 437 Pharaonis,
383 363 438 420 hoe
452 373 511 433 est,
533 353 613 441 regis
628 362 766 441 Aegypti,
781 363 831 436 qni
843 365 985 437 populum·
996 363 1076 419 illum
1088 361 1140 419 dor

186 456 268 508 tione
282 447 470 524 deprimebat,
484 447 520 523 ad
533 445 587 502 hoc
600 443 697 502 faeere
711 443 852 521 quaedam
864 448 940 502 mire
950 448 1083 520 permissi
1094 446 1140 502 sur

112 586 114 590 .
185 536 348 592 mirabilius
362 527 570 587 vincerentur?
599 529 644 585 lili
658 530 736 584 enim
751 528 899 585 faciebant
909 529 1062 586 veneficiis
1076 539 1104 584 et
1115 531 1140 584 ἰι

99 679 101 682 ,
185 619 346 676 lotionibus
359 615 491 696 magicis,
505 613 609 687 quibus
624 622 693 668 sunt
706 609 775 668 nmll
788 613 898 689 angeli,
918 610 974 668 hoc
988 623 1049 684 est,
1067 612 1140 667 daem

172 702 290 758 dediti:
311 698 428 773 Moyses
442 704 540 752 autem
554 706 635 751 tanto
648 697 806 768 potentius,
821 703 929 769 quanto
943 697 1048 751 iustius
1062 697 1092 751 in
1104 714 1141 750 nc

187 783 317 851 Domini,
333 799 407 856 quac
420 779 490 834 fecit
503 781 615 834 coelum
629 787 659 834 ct
674 788 797 848 terram,
812 780 1009 840 servientibus
1010 779 1141 856 yingelis

141 858 144 866 ¹
186 867 274 925 facilc
288 864 443 938 superavit.
470 861 604 936 Denique
627 863 659 917 in
678 863 766 922 tertia
787 864 875 938 plaga
898 861 1099 918 deficientibus
1115 880 1141 916 ιι

187 938 288 1005 decem
298 951 401 1023 plagae
411 964 463 1019 per
474 944 596 1020 Moysen
607 963 714 1021 magna
723 935 931 1018 mysteriorum
941 927 1131 1018 dispositione

187 1035 282 1109 pletcc
296 1039 380 1100 sunt,
402 1029 507 1102 quibus
521 1027 558 1084 ad
570 1026 629 1096 Dei
642 1028 778 1101 populum
793 1027 1008 1098 dimittendum,
1023 1026 1141 1083 Pharao

163 1115 401 1192 -Aeg'yptiorum
414 1111 485 1166 duro
500 1110 588 1167 corda
601 1119 770 1166 cesserunt.¹
786 1109 913 1184 Moxque
926 1112 1089 1184 poenituit,
1114 1118 1141 1166 et

188 1197 377 1255 abscedentes
387 1193 536 1252 Hebraeos
552 1195 693 1267 consequi
704 1203 892 1263 conarentur,
907 1195 965 1250 illis
981 1193 1074 1268 diviso
1086 1210 1142 1248 mar

189 1284 301 1338 siccum
320 1273 543 1334 transeuntibus
548 1316 557 1346 ,
583 1275 661 1332 unda
679 1275 747 1332 hinc
767 1285 854 1351 atque
866 1274 934 1346 hine
953 1279 985 1333 in
1001 1295 1066 1332 sese
1083 1275 1142 1332 rede

189 1363 319 1440 cooperti
333 1371 364 1417 ct
376 1361 507 1434 oppressi
519 1367 597 1414 runt.
625 1359 702 1425 Quid
722 1357 757 1414 de
772 1355 832 1415 'illis
850 1361 998 1416 miraculis
1015 1359 1122 1429 dicam,

189 1468 254 1504 cum
265 1449 296 1502 in
305 1445 421 1500 deserto
431 1443 508 1498 idem
516 1443 638 1517 populus
651 1441 830 1514 ductaretur,
844 1442 986 1517 stupenda
995 1442 1141 1499 divinitate

188 1532 345 1599 bruerunt3
372 1545 464 1602 aquus
475 1543 549 1601 quae
564 1526 624 1582 bibi
640 1544 700 1581 non
717 1535 872 1598 poterant,
897 1527 988 1582 misso
1006 1528 1037 1582 in
1058 1545 1121 1597 cas,

189 1614 482 1686 Deuspraeccperat,
495 1610 588 1686 ligno,
603 1607 796 1686 amaritudine
811 1611 951 1682 caruisse,
970 1610 1142 1683 sitientcsqol

147 1713 149 1722 ’
189 1701 292 1754 tiasse:
306 1693 414 1750 nranna
427 1691 621 1750 esurientibus
634 1693 752 1748 venisse
767 1691 803 1747 dc
816 1695 912 1762 coelo;
928 1701 957 1748 ct
971 1702 1037 1748 cuni
1051 1701 1143 1748 eneti

186 1780 324 1860 'gentibus
334 1765 496 1854 'constituta
508 1789 661 1845 mensnra3
678 1775 818 1850 quicquid
828 1777 950 1864 amplius
964 1777 1086 1851 quisque
1099 1776 1143 1831 coll

37 1941 40 1948 Ι
113 1881 125 1916 x
157 1929 164 1940 .
188 1875 246 1933 rat,
260 1863 371 1918 exortis
385 1860 531 1918 vermibus
544 1856 706 1932 putruisse,
725 1866 793 1914 ante
807 1859 883 1914 diem
896 1877 967 1914 uero
982 1859 1095 1914 sabboti
1108 1858 1143 1931 du}

189 1950 360 2015 collectum,
385 1945 452 2018 quia
465 1941 583 1997 sabbato
597 1942 736 2017 colligere
749 1959 810 1998 non
828 1941 944 2012 licebat,
972 1944 1054 1998 nulla
1069 1952 1143 2016 putri

156 2051 172 2064 ff
188 2033 342 2088 violatum:
369 2023 602 2082 desiderantibus
622 2041 710 2080 carne
722 2026 918 2099 vesei,.quae
931 2033 1015 2104 tanto
1028 2027 1131 2099 populo

190 2113 323 2170 suilicere
336 2128 422 2184 posse
435 2107 597 2175 videbatur,
611 2107 776 2163 volutilibus
791 2117 892 2164 castra
901 2109 1101 2181 completa,.et
1114 2127 1143 2164 cu

190 2199 258 2252 tatis
270 2194 403 2251 ardorem
413 2191 530 2247 fastidio
543 2191 685 2245 satietatis
700 2191 891 2246 exstinctum:
915 2192 1017 2247 obvios
1031 2190 1129 2247 hostes
1141 2209 1144 2242 ι

189 2282 333 2353 situmque
355 2267 541 2351 prohibentes
568 2283 654 2348 atque
678 2275 870 2350 proeliantes,
896 2263 1001 2329 orante
1024 2273 1137 2349 Moyse,

161 2373 163 2382 ’
187 2361 330 2437 ‘nibusque
350 2362 412 2414 eius
430 2353 462 2413 in
483 2355 608 2433 figuram
635 2358 729 2411 erucis
748 2359 892 2426 extentis,
919 2358 999 2418 nullo
1025 2356 1144 2414 Hebraei

190 2445 312 2502 cadente
325 2451 501 2518 prostratos:
516 2439 671 2494 seditiosos
685 2439 716 2494 in
730 2441 835 2514 populo
848 2440 916 2511 Dei,
930 2459 964 2496 ac
979 2459 1045 2496 sese
1058 2443 1096 2497 ab
1109 2460 1144 2498 on

189 2539 221 2585 tn
234 2529 373 2584 divinitus
388 2526 528 2580 socictate
541 2521 721 2592 dividentes,
735 2521 771 2578 ad
785 2526 948 2597 exemplum
961 2521 1080 2580 visibile
1093 2526 1144 2597 inv

146 2655 149 2668 .
189 2613 224 2668 lis
238 2629 364 2685 poenae,
379 2610 462 2664 vivos
476 2617 556 2662 terra
569 2603 737 2660 dehiscente
751 2606 930 2662 submersos:
956 2607 1044 2684 virga
1056 2625 1144 2679 percu

188 2694 413 2770 petramtantae
425 2687 611 2747 multitudini·
626 2681 803 2744 abundantia
821 2684 931 2744 fluenta
945 2689 1078 2746 fudisse}
1106 2708 1144 2746 ser

183 2791 251 2832 ¹tum
272 2792 386 2831 morsus
408 2771 587 2843 mortiferos,
614 2783 739 2845 poenam
762 2774 951 2828 iustissimam
973 2784 1144 2845 peccatores

187 2861 269 2936 ligno
285 2859 410 2912 exaltato
421 2865 509 2930 atque
522 2863 674 2929 prospecto
689 2872 780 2910 aeneo
791 2864 926 2928 serpente
939 2859 1070 2925 sanatos,
1086 2867 1144 2912 ute

186 2945 254 3018 pulo
269 2942 472 2996 subveniretur
485 2938 601 3007 afflicto,
618 2947 648 2992 ct
660 2953 737 2994 mors
751 2948 845 2994 morte
858 2938 1021 3008 destructa,
1034 2941 1143 2995 velutc

135 3079 141 3088 „
187 3027 264 3082 fixae
291 3024 392 3078 mortis
419 3020 608 3078 similitudine
631 3016 815 3096 signaretur?
844 3023 936 3088 Quem
962 3037 1035 3077 sane
1058 3041 1142 3096 serpe

188 3119 306 3184 propter
318 3107 388 3178 fecti
400 3105 569 3160 memoriam
582 3112 773 3174 reservatum,
793 3115 857 3162 cum
868 3113 969 3183 postea
982 3103 1108 3178 populus
1122 3123 1144 3160 er

46 3197 58 3260 ¹,
94 3267 96 3274 y
149 3201 152 3206 '
187 3203 325 3267 tanquam
337 3189 446 3244 idolum
460 3188 556 3242 colere
569 3187 730 3258 coepisset,
754 3186 896 3242 Ezechias
910 3201 964 3242 rex
982 3189 1144 3264 religioso}

151 3325 156 3332 .
185 3285 259 3332 state
274 3274 338 3331 Deo
351 3273 494 3341 serviens,
510 3287 574 3324 cum
586 3287 698 3346 magne
709 3271 825 3342 pietatis
836 3269 922 3335 laude
937 3273 1089 3326 contrivit«

586 3433 707 3516 CAP.
750 3435 818 3515 lXj.

70 3523 88 3597 “,
152 3543 155 3550 ’
185 3517 227 3588 De
237 3536 341 3590 illicitis
351 3533 457 3588 artibus
468 3545 536 3603 ergo
545 3519 702 3584 daemonum
712 3535 824 3596 cultram,
834 3533 863 3584 in
874 3533 969 3601 peribus
980 3531 1144 3604 Porphyrius

219 3608 332 3670 tonicae,
343 3606 472 3676 quaedam
480 3601 627 3671 probando,
638 3603 768 3668 precedam
779 3603 857 3678 puori
866 3603 1144 3671 deprehendamini

247 3693 328 3750 Haec
342 3696 440 3750 etalio
454 3694 544 3749 multa
557 3689 779 3763 huiuscemodi,
795 3695 980 3768 quaesomnis
995 3711 1144 3763 commem<

182 3778 272 3834 nimis
296 3780 416 3856 longum
439 3786 494 3848 est,
518 3774 627 3830 fiebant
647 3773 684 3830 ed
702 3775 962 3832 commendandum
976 3778 1064 3832 unius
1083 3775 1141 3832 Dei

184 3861 304 3932 culture,
320 3870 351 3916 et
362 3861 518 3916 multorum
531 3857 728 3932 falsorumque
741 3857 960 3936 prohibendum.
985 3858 1009 3916 F
1011 3857 1114 3914 iebant
1125 3877 1142 3914 ι
