2324 4312
145 203 215 294 uso·
374 195 470 255 orvi
494 193 682 254 uvnuuu
704 192 952 254 uvevsruu

72 339 83 352 ²
147 355 220 408 tium
239 352 280 406 ita
295 357 398 406 contra
413 339 624 417 naturarn'cst,
647 356 679 402 ut
695 355 821 402 naturae
838 345 929 402 deleat
945 347 1092 402 etiautrtun
1139 361 1149 397 c

147 435 280 511 vestigia.
1115 427 1149 480 ιἰι

178 585 181 596 ¹
206 516 302 590 ltaque
315 533 415 587 pacem
428 515 593 588 iniquorum
608 514 639 566 in
653 514 740 585 pacis
749 514 957 585 comparatione
969 510 1092 566 iustoruuilt
1115 510 1149 562 nn

149 599 230 656 videt
243 617 297 654 nce
310 615 408 672 pacem
424 613 488 651 esse
502 595 663 665 dicendam,
678 597 728 676 qui
740 596 824 650 novit
834 612 996 668 praeponere
1003 600 1053 648 reeta
1059 608 1089 663 pn
1127 592 1149 636 ἰ

54 675 58 688 ''
93 681 95 688 ’
149 673 195 738 vir
209 691 237 736 ct
250 680 550 756 ordinatapervcrsis.
566 677 651 745 Quod
664 686 761 732 autem
774 693 942 750 perversum
953 686 997 746 est,
1006 673 1041 730 loc
1049 674 1092 726 etiun
1121 691 1149 726 eu

153 783 271 820 necesse
286 771 331 818 ert
348 771 381 817 ut
393 764 424 817 in
439 764 537 836 aliqua
549 771 630 816 etex
643 761 741 834 aliqua
754 763 786 814 'et
800 778 866 816 cum
880 761 967 832 aliqua
979 761 1091 826 remnput
1145 757 1149 808 i

150 855 282 922 pacatum
296 846 345 914 sit,
359 845 390 899 in
404 845 506 918 quibus
519 852 575 915 cst,
588 845 635 899 vel
648 857 685 898 ex
700 842 804 916 quibus
814 851 943 914 constet,
960 833 1092 912 alioqciuuill
1126 864 1129 875 ν
1140 839 1149 889 ἰ

152 937 230 984 esset
243 927 370 982 omnino.
404 924 493 982 Velut
506 927 532 982 si
545 926 697 1001 quisquam
710 924 952 1000 capite‘deorrum
962 921 1092 998 pendentur·

152 1027 251 1067 versus
272 1018 316 1064 ert
333 1010 435 1082 utique
454 1009 527 1064 situs
547 1009 676 1082 corporis
696 1017 726 1063 et
744 1008 816 1064 ordo
833 1008 1018 1074 membrorum
1036 995 1091 1076 quial
1124 1030 1134 1049 ι

151 1091 228 1167 quod
242 1092 364 1164 desuper
378 1109 443 1146 csse
457 1100 562 1148 natura
574 1092 715 1164 postulat,
736 1091 906 1160 subterest,
918 1099 947 1145 et
957 1086 1016 1164 quod
1025 1080 1092 1140 illanl
1104 1151 1105 1154 Ἴ
1118 1083 1149 1136 uli

82 1171 89 1181 ’
150 1184 196 1230 ter
219 1175 282 1229 uult
305 1191 385 1243 esse,
409 1173 533 1248 desuper
553 1172 665 1229 facturn
679 1174 952 1243 cst30conturbavit
967 1155 1094 1246 [conturbali]
1119 1157 1149 1219 bri

64 1259 69 1274 '
151 1258 248 1313 earnis
261 1274 362 1330 pacem
376 1258 432 1312 ista
445 1258 637 1330 perversitas3
652 1265 683 1318 et
694 1255 760 1311 ideo
773 1265 819 1311 ert
832 1257 1095 1312 molesto-nimum
1121 1246 1149 1302 'tu

149 1341 246 1395 cnirna
260 1339 376 1412 corpori
389 1357 441 1395 ruo
456 1347 559 1412 pacata
572 1348 626 1408 cst,
641 1347 671 1396 et
683 1356 735 1411 pro
749 1339 813 1394 eius
826 1341 920 1396 salute
932 1338 1029 1414 satagit,
1042 1326 1096 1386 nilo
1116 1329 1148 1384 'br

150 1431 194 1478 est
207 1420 259 1496 ‹jui
273 1422 381 1492 doleat3
408 1433 482 1496 quac
496 1423 522 1476 ri
534 1423 675 1480 molestiis
690 1423 754 1477 eius
770 1419 1097 1486 exclusa.diseemnt,qru
1129 1431 1149 1464 u

150 1503 199 1560 diu
213 1505 409 1576 membrorum
421 1513 521 1560 manet
534 1515 691 1581 compago,
710 1519 770 1560 non
784 1514 830 1561 ert
844 1505 908 1560 siue
918 1494 1099 1579 ‘quadrupede

82 1637 84 1644 ,
150 1606 221 1662 paee
235 1587 311 1662 quod
323 1596 465 1657 remanet,
481 1596 510 1642 ct
522 1585 587 1642 ideo
601 1586 694 1642 adhue
708 1597 755 1642 est
767 1589 818 1663 qui
830 1586 961 1662 pendeat.
973 1586 1007 1642 Et
1016 1577 1100 1658 quelli·
1120 1573 1149 1629 bu

149 1689 252 1726 renum
266 1687 370 1744 eorpus
385 1671 538 1726 interram
551 1670 673 1741 nititur,
698 1679 728 1726 et
744 1671 864 1727 vinculo
883 1688 938 1744 quo
952 1661 1101 1742 suspectant!l
1131 1658 1149 1733 lt

151 1755 299 1822 renititur,
313 1754 344 1807 in
358 1770 427 1808 suae
440 1753 520 1826 pacis
535 1752 666 1808 ordinem
680 1753 785 1822 tendit,
800 1763 831 1808 ct
842 1755 938 1808 locum
951 1744 1103 1826 quorcquiual
1133 1759 1149 1793 a

150 1835 272 1910 quodam
290 1834 375 1892 modo
396 1835 535 1910 ponderis
554 1852 627 1890 voce
643 1838 753 1910 poscit,
776 1837 893 1910 iamque
912 1837 1031 1890 exanime
1045 1824 1105 1884 aeliu
1129 1842 1142 1859 ‘¹

151 1920 209 1974 ullo
224 1937 326 1986 sensu,
352 1914 371 1973 a¹
382 1936 453 1991 paee
467 1927 565 1974 tamen
579 1919 706 1986 naturali
720 1919 768 1974 sui
781 1919 893 1975 ordinis
909 1937 967 1974 non
978 1901 1107 1980 recensui
1132 1907 1149 1957 l

151 2019 217 2057 cum
237 2010 319 2057 tenet
337 2003 486 2072 eam,ch
506 2018 570 2056 eum
587 2000 682 2056 fertur
696 2000 732 2056 ad
745 2017 818 2056 eam.
854 1999 889 2058 Si
902 2003 978 2056 enim
991 1997 1109 2055 subitone
1137 1989 1143 2029 9

150 2084 371 2154 medicamenta,
385 2093 471 2159 atque
482 2085 606 2154 curatio,
620 2086 694 2158 quae
707 2083 829 2140 formam
840 2085 987 2141 cadaveris
1000 2068 1111 2137 diuoluit

62 2199 64 2204 .
150 2168 267 2241 labique
282 2185 342 2222 non
357 2169 435 2223 sinat
449 2162 591 2243 [sinant],
617 2165 709 2222 adhuc
721 2185 779 2240 pax
792 2166 933 2241 quaedam
946 2177 1032 2241 partes
1042 2155 1113 2237 publ!
1144 2178 1146 2197 ³

151 2249 259 2324 iungit,
273 2257 422 2323 totamque
435 2252 538 2304 molem
554 2251 680 2322 applicat
692 2259 809 2309 terreno
824 2260 854 2305 et
867 2250 1054 2316 convenienti,
1064 2249 1115 2312 aelli

151 2331 205 2386 hoe
220 2332 284 2385 loco
298 2341 410 2405 pacato.
434 2330 467 2388 Si
481 2341 577 2387 autem
591 2333 670 2388 nulla
683 2331 854 2387 adhibeatur
868 2352 940 2389 cura
953 2311 1118 2394 condiendi,bl
1142 2315 1149 2390 l

150 2411 276 2469 naturali
291 2415 388 2469 cursui
401 2416 593 2490 relinquatur,
607 2413 715 2470 tamdiu
730 2416 814 2488 quusi
828 2419 1020 2474 tumultuatur
1031 2407 1118 2468 dirsilcu
1145 2416 1149 2454 t

150 2497 236 2567 tibus,
249 2495 492 2567 exhalationibus,
501 2507 531 2552 et
541 2505 643 2552 nostru
657 2498 1047 2566 inconvenientibus'sensui:
1057 2487 1121 2549 ileu
1146 2503 1149 2540 1

150 2589 194 2634 est
208 2580 282 2653 quod
296 2581 327 2635 in
342 2589 446 2653 putore
459 2582 601 2650 sentitur,
627 2578 719 2635 donce
732 2580 833 2635 mundi
850 2585 1008 2638 conveniat
1020 2570 1122 2637 clement
1148 2589 1149 2598 ¹

150 2672 180 2716 ct
190 2663 219 2717 in
231 2681 332 2718 cerum
345 2680 443 2734 pacem
449 2663 642 2736 particulatim
647 2665 843 2736 paulatimque
854 2663 994 2721 discedat.
1007 2649 1125 2722 Nulloml·

149 2755 244 2800 tamen
258 2744 326 2800 inde
336 2746 445 2818 aliquid
458 2745 571 2822 legibus
586 2746 689 2800 cummi
700 2747 779 2802 illius
786 2745 937 2804 Creatori
945 2743 1128 2811 Οιιίἱιιιιιοιίεψι

148 2826 337 2897 subtrahitur,
352 2845 369 2882 a
382 2845 437 2900 quo
448 2847 505 2901 pax
518 2829 719 2883 univcrsitatis
734 2828 974 2889 administratur:
998 2833 1060 2908 quia
1069 2815 1128 2882 osii!

150 2910 292 2966 cadavere
305 2911 423 2988 maioris
442 2911 599 2966 aniciantis
613 2911 749 2984 animalia
762 2913 875 2968 minuta
890 2925 1059 2986 nascantur,
1076 2905 1133 2964 caio

149 2995 215 3069 lege
229 2992 378 3052 creatoris
393 3010 522 3066 quaeque
536 2995 705 3065 corpuscula
717 2995 749 3048 in
763 2995 865 3050 salictis
885 3014 960 3069 pace
975 2986 1034 3053 suis
1047 2984 1134 3052 minui·

148 3077 295 3131 serviunt:
310 3076 365 3130 etsi
379 3085 559 3134 mortuorum
571 3093 675 3131 earnes
686 3077 720 3132 ab
731 3077 796 3131 aliis
807 3079 989 3136 animalibus
1000 3079 1137 3142 deponito

43 3177 47 3182 ·
149 3157 265 3212 easdem
285 3159 367 3235 leges
385 3176 437 3231 per
457 3167 564 3214 cuncta
583 3155 701 3228 diffusas
721 3157 898 3216 adsalutem
913 3149 1149 3239 generiscuiurqut

147 3241 324 3309 mortalium,
348 3258 477 3317 congrua
490 3243 631 3316 congruis
644 3241 850 3312 pacificantes,
876 3248 1141 3319 quaquaversum&

147 3319 269 3392 bantur,
297 3331 327 3378 ct
339 3322 426 3378 rebus
441 3323 663 3397 quibuscunque
684 3325 863 3400 iungantur,
891 3336 922 3384 et
935 3329 968 3385 in
981 3347 1029 3384 rer
1042 3317 1143 3404 qualibel

147 3413 356 3461 convertantur
372 3415 403 3461 et
415 3415 642 3477 commutentur,
656 3408 822 3463 inveniunt.

495 3521 643 3578 'CAR
686 3521 807 3580 Xlll.

59 3615 61 3620 ‘
146 3594 188 3648 De
195 3616 264 3666 poce
275 3599 435 3665 universali,
455 3618 523 3670 petae
538 3601 610 3652 inter
625 3602 757 3668 paraclibet
774 3583 999 3668 perturbationes
1015 3597 1108 3672 privari
1113 3606 1144 3645 ¹⁰¹

157 3676 249 3730 potest
259 3669 317 3736 lege
327 3677 454 3732 araturae,
469 3672 531 3720 dum
541 3670 588 3721 cab
599 3671 671 3721 ilecto
682 3671 769 3722 iudice
781 3672 818 3721 od
829 3671 860 3722 id
873 3671 986 3740 quicque
993 3668 1134 3741 pervertit*

311 3743 313 3747 '
415 3739 561 3802 clinatione,
567 3741 642 3806 -qaed
650 3739 748 3790 enecuit
758 3742 907 3792 voluntate.

207 3821 269 3877 Pax
283 3824 381 3898 itaque
396 3827 537 3899 corporis,
553 3839 598 3890 est
610 3828 744 3886 ordinata
758 3839 954 3904 temperatura
966 3830 1088 3904 partium
1103 3819 1141 3874 Pu
