2310 4306
52 149 54 154 s
122 143 183 258 aso
281 178 309 248 Ἃ
353 194 952 256 nsvssvnsnnnvovsrssr

122 353 208 430 genis
223 345 496 428 regibus'ipsiaque
506 346 657 419 Romanis,
671 363 710 404 ne
723 347 922 426 haneAggaei
934 346 1081 424 prophetant
1102 372 1142 424 ,p

121 437 172 492 illa
184 434 399 490 instauratione
413 433 514 505 templi
527 432 697 503 opinaretur
710 434 871 504 impletam.
904 473 908 492 ,
1102 462 1142 504 m

135 533 141 538 ·
187 516 255 572 Non
271 515 454 571 multoenim
471 524 537 587 post
555 513 732 572 adveniente
745 514 1083 592 Alexandrosubiugatsest}
1112 566 1136 577 „

122 599 237 673 quando
253 600 309 654 etsi
323 598 404 653 nulla
417 597 496 653 laeta
510 587 555 653 est
568 600 719 676 vastatio,
739 599 880 670 quoniam
899 587 955 654 noa
966 595 1084 652 suntanie'
1118 611 1142 665 1,

121 683 268 750 resistere,
283 690 312 736 et
324 679 389 736 ideo
401 681 544 754 placatum
555 680 693 735 facillime
707 679 819 736 subditi
828 690 999 754 receperunt,
1009 683 1085 736 noceat
1110 729 1112 733 ,

122 774 221 820 tamen
235 764 331 841 gloria
345 773 428 820 tanta
446 761 545 817 donnus
557 763 659 832 illius,
688 771 799 836 quanta
812 763 870 818 fuit
882 765 914 819 in
925 777 1085 836 suorunregn

121 847 213 904 libera
226 854 391 921 potestate..
403 845 523 901 Hostias
537 861 609 900 sane
618 845 786 901 Alexander
801 846 958 904 immolavit
968 847 995 900 in
1004 844 1086 902 Deita-
1117 865 1138 908 ,ι

122 931 181 1003 plo,
195 947 254 984 non
268 929 380 984 adeius
396 929 508 984 cultum
520 945 590 983 vera
600 928 900 1000 pietateeonversus,
912 924 1087 1001 sedimpiand
1122 952 1142 1007 p

122 1020 183 1067 tote
197 1029 262 1066 cnm
276 1009 331 1066 diis
346 1029 413 1066 eum
426 1010 507 1066 falsis
527 1009 679 1066 colendum
697 1019 824 1084 putans·
851 1009 963 1067 Deinde
974 1009 1088 1066 Ptolensat
1122 1033 1142 1085 vq

121 1093 195 1169 Lagi
210 1092 304 1162 iilius,
328 1091 407 1166 qnod
421 1109 509 1166 supra
522 1095 759 1163 commemoravi,
785 1103 854 1166 post
867 1093 1013 1150 Alexandri
1022 1099 1091 1146 nona
1116 1093 1142 1151 h

122 1176 252 1248 captivos
266 1173 334 1230 inde
348 1176 379 1230 in
392 1171 560 1252 Aegyptum
573 1176 736 1246 transtulit,
756 1171 1092 1248 quosseius'sueeessorltt·
1120 1195 1141 1248 n

120 1249 248 1312 lamneus
263 1256 467 1332 Philadelphus
483 1258 761 1330 benevolentissime
772 1258 842 1312 inde
856 1248 979 1315 dimisit:
1000 1269 1093 1331 perqlt!
1137 1278 1142 1330 p

121 1339 231 1395 facturn
246 1350 308 1408 est,
327 1341 403 1414 quod
415 1342 501 1415 pa'nlo
516 1350 585 1420 ante
599 1341 748 1411 narravi,'
759 1349 793 1394 nt
805 1339 995 1418 Septuaginta
1006 1343 1094 1410 interprt
1136 1377 1139 1382 -

120 1432 184 1477 tum
198 1421 365 1496 Scripturas
379 1419 559 1482 haberemus
582 1421 699 1478 Deinde
713 1425 837 1494 contriti
850 1435 920 1479 sunt
932 1425 1016 1494 bellis,
1028 1417 1096 1496 quatit
1136 1459 1142 1475 2

52 1559 58 1570 s
119 1503 365 1562 Machabaeornm
380 1507 462 1562 libris
483 1507 677 1580 explicantur.
712 1504 870 1561 Postlraec
884 1508 959 1580 eapti
973 1525 988 1561 a
1000 1500 1096 1582 regello

44 1633 50 1644 .
118 1586 263 1644 xandrlae
277 1588 457 1658 Ptolemaeo,
471 1591 523 1662 qni
537 1599 585 1646 est
595 1591 756 1662 appellatus
769 1587 953 1663 Epiphanes:
967 1587 1027 1644 inde·
1035 1584 1097 1642 slis·
1126 1596 1128 1605 ’

119 1670 216 1729 tiocho
231 1669 314 1748 Rege
327 1669 432 1747 Syriae
446 1673 543 1727 multis
558 1683 588 1726 et
600 1672 783 1746 gravissimis
797 1674 883 1727 malis
897 1673 934 1727 ad
945 1671 1016 1726 idola
1026 1663 1098 1725 eolat

120 1756 278 1828 compulsi,
298 1756 494 1829 templumque
507 1756 600 1827 ipsum
612 1757 756 1828 repletum
770 1757 925 1832 sacrilegis
939 1746 1098 1829 superstitiosi·

103 1837 173 1896 ,bus
188 1839 333 1914 gentium,
348 1837 426 1910 quod
439 1825 537 1892 tarn'en
553 1835 615 1892 dux'
626 1839 727 1908 eorum
740 1838 962 1893 strenuissimus
976 1835 1058 1903 ludas,
1074 1827 1099 1904 qd
1130 1841 1136 1848 ”

23 1931 25 1934 “
119 1921 206 1975 etiam
220 1919 414 1998 Machabaous
427 1913 522 1974 dictus
537 1929 592 1990 est,
610 1911 748 1976 Antiochi
762 1919 886 1977 ducibus
898 1921 1002 1995 pulsia,
1021 1907 1100 1975 atoni
1139 1954 1141 1963 «

117 2003 363 2077 ἰΙΙαχίᾱοΙοῑαπίαο
378 2004 627 2058 contaminatione
641 2002 803 2058 mundavit.
836 2071 838 2076 Δ

181 2085 249 2142 Non
275 2095 373 2140 autem
391 2087 481 2140 multo
506 2095 572 2158 post
593 2086 723 2142 Alcimus
749 2084 866 2159 quidam
888 2105 941 2160 per
958 2085 1099 2144 ambitiones

118 2187 185 2223 cum
198 2177 338 2244 a'genere
353 2167 528 2230 sacerdotali
542 2178 621 2223 esset
631 2170 758 2237 alienus,
783 2169 861 2241 quod
874 2168 956 2225 nefas
970 2176 1033 2237 erat,
1044 2159 1099 2238 pauli·
1132 2205 1142 2219 s

116 2251 168 2306 fex
181 2250 274 2306 factus
289 2260 342 2307 est.
358 2250 436 2306 Hinc
450 2252 507 2305 iam
519 2259 585 2324 post
595 2269 688 2310 annos
702 2247 793 2305 forme
808 2252 1024 2330 quinquaginta,
1035 2242 1098 2318 inqd·

38 2352 40 2357 ’
115 2333 170 2390 bas
184 2333 226 2387 eis
242 2341 339 2388 tamen
352 2351 411 2407 pax
425 2352 485 2388 non
499 2333 572 2404 fuit,
585 2357 587 2360 ·
601 2334 731 2407 quamvis
750 2334 848 2408 aliqua
863 2343 893 2389 ct
903 2353 1031 2408 prospere
1041 2341 1098 2407 gae·

114 2418 185 2485 rint,
199 2416 310 2487 primus
325 2416 401 2489 apud
414 2433 465 2472 eos
480 2416 660 2474 Aristobolus
676 2425 804 2473 assumto
820 2415 996 2488 diademate,
1012 2411 1099 2470 otnxt

114 2497 250 2572 pontifex
263 2498 359 2554 factus
373 2508 426 2554 est.
439 2497 534 2553 Antea
547 2500 663 2573 qnippe,
677 2516 783 2572 exque
798 2497 1013 2576 deBabyloniae
1025 2489 1098 2570 captiti·
1133 2542 1137 2553 ‚

115 2588 176 2635 tate
190 2583 302 2636 reversi
316 2589 395 2650 sunt,
410 2582 606 2656 templumque
619 2583 816 2638 instauratum
830 2587 887 2653 cst,
907 2603 965 2642 non
977 2598 1060 2660 reges,
1072 2569 1098 2628 td
1140 2567 1142 2574 ’

118 2661 206 2718 duces
219 2666 268 2719 vel
279 2665 426 2737 principes
440 2661 620 2720 habuerunt:
648 2665 781 2740 quamvis
797 2673 827 2719 et
841 2667 893 2739 qui
908 2676 1027 2734 taxent,
1047 2655 1098 2736 pasl

116 2741 174 2800 dici
188 2747 323 2819 princeps
338 2764 355 2800 a
369 2746 535 2820 principatu
549 2747 725 2821 imperandi,
744 2756 774 2802 et
788 2746 848 2804 dux
864 2767 899 2804 co
915 2748 985 2824 qnod
999 2749 1031 2803 sit
1041 2745 1098 2802 dudd

36 2842 39 2850 ‘
83 2853 86 2862 ’
115 2830 280 2884 exereitus:
306 2827 358 2884 scd
382 2846 442 2884 non
465 2830 604 2888 continuo
629 2831 795 2906 quicunque
819 2833 970 2908 principes
991 2832 1033 2887 vel
1049 2824 1098 2880 dull!
1129 2847 1142 2881 s

114 2921 195 2980 sunt,
211 2911 298 2966 etiam
311 2929 399 2986 reges
414 2911 473 2966 dici
484 2921 619 2984 possunt,
633 2912 712 2986 quod
724 2914 782 2967 iste
794 2911 981 2974 Aristobolus
994 2914 1047 2970 fuit.
1072 2900 1099 2961 dd
1131 2929 1142 2962 e

112 2994 255 3048 successit
266 2993 447 3072 Alexander,
477 2994 565 3052 etiam
578 2996 640 3068 ipse
653 3013 707 3050 rex
721 3003 750 3050 et
763 2996 911 3068 pontifex,
933 2999 982 3072 qni
994 2991 1100 3052 crudelis
1132 3011 1142 3062 p

111 3074 144 3128 in
159 3092 228 3130 suos
242 3093 384 3150 regnasse
398 3069 533 3131 traditur.
577 3074 648 3131 Post
660 3075 738 3132 hunc
751 3093 829 3134 uxor
847 3079 911 3134 eius
925 3078 1101 3136 Alexandntt
1132 3093 1142 3148 o

111 3157 182 3230 gina
196 3155 367 3212 ludaeorum
380 3157 454 3228 fuit,
482 3175 520 3211 ex
534 3160 616 3217 cuius
637 3169 767 3232 tempore
786 3169 816 3214 ot
836 3161 976 3238 deinceps
994 3157 1103 3218 malam
1133 3175 1142 3210 s

111 3254 161 3290 eos
175 3247 276 3294 secuta
290 3242 436 3314 graviora.
468 3239 536 3295 Filii
550 3242 656 3319 qnippe
670 3240 754 3296 huius
769 3241 956 3300 Alexandrae
968 3239 1104 3302 Aristobulo
1134 3261 1142 3292 ι

111 3326 140 3371 et
149 3318 296 3376 Hircanus
308 3322 386 3378 inter
400 3341 432 3377 se
446 3321 481 3378 do
495 3324 617 3396 imperio
632 3324 803 3382 dimicantes
814 3327 894 3380 vires
906 3326 1039 3385 adversus
1048 3321 1105 3380 latet
1136 3323 1142 3378 l

110 3397 222 3458 liticam
235 3412 355 3479 gentem
367 3423 562 3478 provocavere
577 3403 734 3464 Romanas.
757 3404 908 3463 llireanus
923 3427 1040 3484 namque
1051 3400 1107 3461 slei
1138 3427 1142 3458 r

13 3527 16 3532 ,
111 3491 215 3540 contra
228 3484 349 3546 fratrem
361 3489 495 3560 poposcit
508 3489 659 3544 auxilium.
693 3487 779 3544 Tune
793 3491 849 3544 iam
864 3488 962 3548 Rama
975 3491 1108 3566 subiugat
1141 3509 1142 3534 l

109 3571 156 3616 rat
168 3563 311 3637 Africam,
339 3569 548 3646 subiugaverat
561 3561 732 3642 Graeciam,
758 3573 873 3646 lateque
886 3574 977 3628 etiam
990 3565 1109 3630 aliisorld

109 3645 241 3710 partibus
256 3649 401 3722 imperans
416 3661 555 3728 tanquam
568 3671 599 3707 se
613 3654 705 3727 ipsam
723 3653 800 3708 ferre
820 3673 880 3712 non
901 3657 1019 3726 valens,
1043 3661 1110 3708 sust

109 3725 233 3815 sillodam
246 3730 331 3794 niodo
348 3735 551 3810 magnitudine
565 3735 703 3812 fregerat.
738 3735 918 3794 Pervenerat
930 3740 1033 3812 quippe
1045 3732 1073 3792 ad
1083 3747 1110 3786 ss

86 3867 90 3874 ἢ
109 3795 173 3857 dstn
183 3824 234 3864 nes
250 3811 423 3872 domesticas
438 3835 561 3893 graves,
584 3827 670 3894 atque
683 3818 751 3874 inde
765 3817 801 3876 ad
816 3818 887 3874 bella
905 3821 1033 3890 socialia,
1053 3826 1109 3872 not·
