2362 4320
258 175 318 237 os
340 157 660 238 clvirsrssosr
687 175 769 240 ιιιι.
790 175 832 236 x.
1001 187 1061 243 ιιι

34 333 119 392 ΙιιιΕΙ
142 332 187 388 sie
211 327 311 404 Moysi
334 326 473 398 eredidit,
501 327 741 402 quemadmdum
754 339 807 386 suo
821 327 957 408 Lycurgo
971 329 1063 390 Lacc-

39 409 194 484 daemonii,
216 408 414 486 quodalove
431 429 482 466 seu
496 411 630 484 Apolline
643 414 742 488 leges,
759 429 831 486 quas
846 411 991 485 condidit,
1015 434 1063 472 aa·
1132 471 1135 484 ,

40 500 163 572 cepisset.
208 494 284 552 Cum
297 495 375 549 enim
388 495 437 548 lex
450 493 574 582 dabatur
585 496 709 568 populo,
735 512 792 569 qua
811 497 869 551 coli
887 515 963 552 unas
982 455 1064 554 iube-

40 581 118 645 batur
130 578 269 647 Deus,
259 596 292 632 ιιι
307 585 465 650 conspectu
478 565 569 650 ipsius
582 579 698 650 populi,
721 587 862 675 quantum
875 577 1008 635 sufficere
1021 579 1065 634 di-

41 664 101 718 rina
116 660 306 735 providentia
325 658 491 729 iudicabat,
516 659 697 722 mirabilibus
709 679 809 716 rerum
822 662 916 738 signis
930 680 965 716 ac
978 662 1066 716 moti·
1120 675 1127 682 ·

42 745 86 799 bus
113 743 289 818 apparebat,
320 740 358 798 ad
376 741 503 798 candem
529 743 626 819 legem
652 741 776 800 dandam
801 746 928 802 creatori
954 745 1066 800 servire

45 837 204 883 ereatsrram.

415 901 539 964 CAP.
582 904 731 965 XIV

15 973 23 980 ’
46 985 79 1038 lle
89 1003 138 1048 ana
147 984 209 1040 Dec
219 985 340 1048 colende,
360 988 511 1038 serrolam
524 995 646 1067 propter
654 995 782 1049 aeterna,
800 986 942 1040 sedetiam
953 993 1075 1054 prepter

47 1056 190 1123 temporalia
206 1053 350 1123 beneficia,
368 1053 432 1124 qaia
452 1054 579 1107 universa
593 1055 622 1108 ιἰι
635 1054 720 1122 ipsias
731 1055 917 1123 providentiae
929 1064 1068 1126 potestate
1098 1113 1103 1126 ¹

471 1123 629 1176 conderent.

93 1211 176 1269 Sicut
189 1221 289 1267 autem
304 1211 392 1267 unius
403 1209 565 1284 hominis,
557 1222 599 1268 ita
608 1211 728 1269 humani
738 1214 868 1289 generis,
882 1210 1075 1288 quedadDei⁴
1101 1253 1105 1260 ⁴

49 1297 170 1369 populum
184 1295 331 1367 pertinet,
349 1304 431 1352 reeta
447 1296 572 1351 eruditio
586 1313 639 1368 per
652 1293 792 1370 quosdam
804 1297 943 1352 articulos
956 1306 1068 1367 tempo-
1152 1335 1166 1352 .

49 1395 102 1432 ιιιιιι
114 1386 253 1450 tanquam
267 1384 395 1432 aetatum
406 1375 537 1451 profecit
546 1378 723 1447 accessibus,
737 1386 771 1432 ut
783 1395 801 1432 a
813 1379 1019 1451 temporalibus
1034 1377 1070 1432 ad

50 1469 154 1514 aeterna
167 1459 312 1532 capienda
332 1467 362 1513 et
378 1477 396 1514 a
407 1459 572 1516 visibilibus
586 1461 623 1515 ad
636 1458 796 1515 invisibilia
813 1469 1002 1536 surgeretur3
1028 1461 1070 1514 ita

51 1559 107 1596 sane
119 1550 152 1596 ut
166 1542 256 1595 etiam
269 1542 320 1594 illo
339 1549 470 1612 tempore
490 1559 547 1614 quc
560 1541 690 1596 vrsrbrlra
702 1535 947 1613 promittebantur
960 1541 1070 1597 divini
1110 1597 1113 1602 ,
1175 1537 1177 1540 ’

52 1633 87 1678 lus
98 1624 243 1697 praemia,
269 1638 351 1700 unus
358 1631 474 1677 tantum
486 1623 624 1677 colendus
643 1621 896 1678 commendaretur
909 1621 1008 1689 Deus,
1031 1642 1071 1678 ne

52 1722 117 1760 nens
130 1704 260 1784 humana
272 1705 319 1759 vel
331 1721 384 1776 pro
398 1705 468 1778 ipsis
482 1706 608 1760 terrenis
621 1706 701 1761 vitae
718 1705 907 1760 transitoriae
921 1699 1071 1759 benefieiis
1131 1701 1140 1708 “

54 1788 172 1883 cuiqnam
186 1779 254 1843 nisi
259 1804 329 1841 vero
343 1803 458 1840 animae
469 1785 603 1842 Creatori
614 1805 647 1842 ae
658 1783 785 1842 Donuno
799 1785 980 1842 subderetur.
999 1785 1071 1841 Om-
1128 1823 1129 1828 =

53 1871 91 1924 nia
110 1871 216 1944 quippe
240 1885 314 1942 qnae
336 1865 485 1941 praestare
507 1865 673 1924 hominibus
692 1870 740 1924 vel
753 1865 866 1964 Angeli.
875 1870 919 1923 vel
936 1866 1071 1924 hornines
1164 1883 1169 1895 ¹

53 1961 173 2023 possunt,
201 1953 233 2006 in
248 1951 335 2004 unius
349 1969 413 2005 csse
427 1933 644 2024 Omnipotentis
658 1959 803 2022 potestate
817 1951 950 2026 quisquis
966 1949 1071 2006 diffite-

54 2043 103 2104 tur,
123 2035 245 2088 insanit.
288 2031 335 2087 De
347 2029 533 2106 providentia
546 2041 625 2087 certe
639 2030 774 2100 Plotinae
788 2031 958 2088 Platonicus
973 2031 1070 2106 dispu-

55 2123 87 2169 tat
93 2103 232 2189 ,eamqire
247 2133 263 2170 a
278 2128 389 2170 summo
403 2114 485 2185 Deo,
500 2114 853 2192 cuiusestintelligibilis
866 2111 1071 2189 atqueincffa-
1154 2171 1158 2188 ,

57 2197 107 2252 bilis
119 2195 320 2270 pulchritudo,
334 2215 428 2272 usqua
441 2194 561 2251 adhaec
575 2206 692 2251 terrena
705 2199 804 2252 etima
817 2191 990 2280 pertingere
1000 2196 1070 2252 llos·

57 2281 169 2334 culorum
182 2288 271 2353 atque
285 2276 660 2374 foliorunhpulehritudipe
679 2279 859 2350 comprobat:
886 2297 960 2353 quae
976 2281 1073 2334 omnia

57 2365 124 2434 quasi
137 2362 252 2418 abiecta
266 2370 297 2416 et
308 2362 492 2419 ¹velocissime
505 2361 660 2431 pereuntia
674 2358 894 2416 decentissimos
912 2362 1072 2417 formarum
1138 2379 1140 2384 ⁴

57 2461 158 2500 suarum
171 2461 311 2499 numeros
324 2442 431 2497 habere
444 2460 503 2498 non
516 2459 602 2515 posse
618 2442 779 2514 confirmat,
793 2444 851 2497 nisi
864 2443 932 2498 inda
943 2443 1071 2498 formen—
1116 2465 1124 2480 ι

57 2533 107 2596 tur,
120 2528 170 2582 ubi
183 2526 279 2582 forma
292 2525 486 2600 intelligibilis
501 2533 531 2578 et
539 2523 783 2579 incommutabilis
795 2526 880 2579 simul
889 2523 997 2580 habens
1010 2544 1072 2579 οιιι-

58 2609 94 2663 nis
105 2616 282 2682 perseverat.
309 2605 373 2676 Hoc
384 2605 528 2661 Dominus
541 2604 621 2661 lesus
636 2605 676 2660 ibi
691 2603 834 2676 ostendit,
848 2605 898 2660 nbi
913 2609 968 2662 aits
998 2606 1073 2663 Con-

57 2691 175 2746 siderate
197 2689 263 2744 lilia
281 2689 366 2763 agri,
386 2683 535 2763 [quomodo
550 2685 719 2762 crescerem]
735 2707 790 2743 aaa
805 2687 956 2758 laborant,
982 2707 1074 2766 neque

58 2783 120 2828 rent.
129 2771 208 2828 Dice
220 2781 319 2827 autem
328 2770 418 2839 vobis,
430 2771 499 2844 qaia
510 2788 562 2825 nee
568 2767 704 2824 Salomon
717 2771 746 2824 ia
758 2775 846 2826 teate
858 2767 963 2846 [omni]
973 2772 1074 2846 gloria

57 2869 99 2910 sae
111 2857 154 2909 sic
167 2854 295 2909 amictas
310 2862 371 2920 est,
390 2853 468 2906 sieut
481 2870 567 2915 anem
587 2869 623 2906 ee
642 2853 693 2906 eis.
719 2849 806 2919 Quod
817 2853 976 2923 siscanum
988 2854 1072 2928 agri,

56 2937 118 3008 qaod
137 2935 223 2991 bodie
238 2943 284 2991 cst
302 2931 335 2990 el
344 2949 414 2988 cres
433 2935 463 2988 in
485 2933 629 2988 clibanum
643 2935 789 3002 atteritur,
817 2932 900 2989 Deae
914 2935 959 2989 sie
971 2936 1072 3001 vestit,

55 3028 150 3090 queam
164 3019 262 3091 magis
276 3032 327 3070 eoa
340 3016 470 3088 modicae
477 3014 556 3084 fidei
564 3012 577 3068 l
602 3012 718 3087 Optime
732 3016 825 3091 igitur
839 3017 935 3070 anima
948 3014 1074 3069 hairtona

54 3091 276 3154 adhuc'terrenis
290 3094 441 3151 desideriis
454 3096 586 3166 infirma,
602 3114 636 3150 ea
649 3097 711 3170 ipsa
723 3115 796 3171 quae
811 3099 1009 3170 temporaliter
1021 3113 1073 3148 ex-

54 3191 123 3253 optat
136 3183 213 3237 bona
227 3179 328 3234 infima
341 3188 427 3252 atque
439 3179 644 3233 terrenavitae
654 3175 723 3233 huic
737 3180 925 3235 transitoriae
939 3194 1073 3242 necessa-

53 3264 103 3334 ria,
130 3273 251 3338 etprae
274 3262 352 3315 illius
376 3262 453 3316 vitae
475 3261 658 3332 sempiternis
679 3260 828 3316 beneficiis
851 3257 1089 3326 contemnenda,

54 3361 104 3401 oon
122 3355 222 3401 tamen
243 3343 303 3398 nisi
320 3343 354 3398 ab
369 3359 428 3397 uno
442 3340 506 3397 Deo
521 3350 689 3415 exspectare
709 3343 876 3412 consucvit,
902 3350 934 3396 ut
947 3340 981 3394 ab
995 3340 1073 3394 illius

54 3429 124 3482 cultu
136 3429 226 3484 etiam
236 3426 269 3480 i'n
281 3425 405 3479 istorum
414 3420 557 3479 desiderio
568 3441 628 3478 non
640 3423 769 3502 recedat,
783 3423 818 3479 ad
829 3440 914 3497 quem
925 3429 1073 3478 contemtu

53 3526 144 3565 eorum
158 3516 189 3563 et
202 3503 238 3564 sb
251 3508 293 3562 eis
308 3507 461 3578 aversione
478 3506 637 3580 perveniat.

52 3700 90 3756 De
100 3701 251 3756 mirarere
261 3710 415 3752 sanctorum
424 3617 934 3767 dergilofdmffiadprccidentiaeDei
947 3697 1075 3752 serviunt.

110 3788 161 3847 Sic
178 3792 278 3864 itaque
292 3789 407 3846 divinae
421 3787 621 3861 providentioe
640 3783 751 3857 placuit
766 3781 902 3839 ordinare
916 3793 1076 3859 temporum
