2310 4306
147 197 453 274 nu'crvrrurs
475 215 556 274 nur
576 211 656 273 nun.
679 213 798 274 xum
882 231 883 236 ι
915 223 991 308 Ιιιι

17 363 93 423 abac
103 359 283 438 Ecclesiam
295 366 345 423 ubi
357 368 419 442 ipse
429 383 544 443 qnoque
555 370 612 424 iem
623 366 719 438 fidem,
733 384 819 442 quam
828 385 980 446 peraeque·

17 464 62 519 ir,
89 451 315 526 evangelizans,
341 453 439 524 qualia
452 451 587 521 faciebat,
607 459 652 506 cst
663 444 777 524 passus,
797 453 858 508 sivo
870 471 923 526 per
936 452 985 510 lu-

17 543 76 603 am,
89 533 157 598 sive,
165 550 219 606 per
231 533 304 588 alias
318 527 439 610 gentes,
461 551 633 608 quacunque
647 532 793 591 Christum
804 535 985 591 ferventissi-

17 627 21 658 ἰ
45 612 246 686 praedicasset
273 614 333 672 Cur
353 635 424 692 ergo
443 618 485 671 eis
504 615 652 673 achtone
670 615 785 673 videtur
803 617 986 689 ordiendum,

17 705 51 750 m
61 697 95 752 ad
107 697 242 754 Neronis
251 707 382 772 tempora
396 701 472 754 inter
484 701 678 756 atrocissimas
691 703 925 773 persecutiones,
951 701 986 757 de

17 787 66 832 bus
77 783 164 836 annis
177 783 297 858 longum
311 790 356 836 est
368 791 472 844 cuncta
485 782 591 853 dicere,
604 782 736 838 Ecclesia
750 784 905 840 crescendo
918 801 985 859 per-

19 859 92 917 eritl
111 863 196 930 Quod
210 867 237 919 si
249 882 266 918 a
279 865 395 941 regibus
409 865 501 921 factas
513 867 729 938 persecutiones
742 866 774 922 in
788 885 908 923 numero
922 868 985 924 exi·

17 952 82 1002 aaut
93 965 159 1004 esse
173 947 293 1017 debere3
319 965 372 1002 rex
386 947 443 1003 fuit
456 946 602 1018 Heredes,
626 949 675 1021 qui
689 950 776 1004 ctiam
789 959 854 1023 post
865 949 986 1007 adscen-

17 1033 38 1076 ἱ
48 1025 157 1092 Domini
169 1031 371 1106 gravissimam
384 1030 463 1086 fecit.
495 1029 610 1086 Deinde
624 1030 692 1104 quid
709 1032 885 1104 respondent
899 1035 986 1088 ctiam

17 1097 130 1181 [aluum
144 1103 228 1188 quem
244 1103 303 1180 npn
317 1122 473 1168 numerant
485 1114 520 1168 in
530 1110 646 1169 dcccmi
664 1114 709 1168 Αιι
723 1115 784 1187 ipse
798 1133 858 1171 non
872 1125 917 1171 est
928 1115 985 1172 Ec-

17 1193 278 1270 Ι1“ιἰιιιιιιιιιιιοιιιιιιι,
304 1199 353 1270 qui
363 1195 549 1252 Christianos
566 1196 700 1252 liberales
721 1198 821 1252 literas
835 1198 939 1254 docere
952 1217 986 1254 ac
1045 1237 1048 1248 ι

17 1288 73 1334 tere
85 1275 198 1334 vetuit?
218 1277 278 1334 Sub
290 1295 347 1352 quo
362 1277 581 1336 Valentinianus
595 1279 698 1346 maior,
712 1280 761 1352 qui
772 1290 840 1352 post
850 1299 914 1336 eum
927 1291 986 1337 ter,
1020 1281 1021 1284 ’

36 1359 191 1434 Imperator
204 1361 270 1430 fuit,
285 1359 354 1416 lidei
365 1360 547 1418 Christianae
561 1361 712 1418 confessor
725 1364 852 1434 exstitit,
866 1365 985 1422 militia-

34 1445 163 1518 prisatus
177 1453 230 1498 cst.
244 1442 282 1498 Vt
295 1445 424 1500 ominem
437 1463 510 1518 quae
524 1444 600 1518 apud
612 1443 796 1499 Antiochiam
808 1445 905 1500 lacere
918 1464 986 1501 coe·

17 1528 127 1603 at,lnisi
139 1528 226 1582 unius
238 1525 399 1582 fidelissimi
410 1537 440 1582 et
454 1527 683 1584 constantissimi
696 1528 828 1599 iuvenis,
851 1530 900 1602 qui
913 1531 987 1598 mule

17 1620 70 1666 -ut
83 1619 303 1682 torquerentur,
331 1609 534 1683 apprehensis,
560 1628 612 1683 per
625 1613 718 1664 totum
732 1609 808 1666 diem
819 1611 929 1684 primus
943 1620 988 1666 est

17 1709 70 1762 us,
94 1693 174 1746 inter
192 1693 317 1769 ungulas
340 1694 545 1766 cruciatusque
562 1693 712 1766 psallentis
725 1692 888 1748 libertatem
901 1703 987 1773 atque

17 1777 136 1836 ritatem
148 1775 268 1832 miratus
282 1773 457 1846 horruisset,
485 1777 559 1831 etin
573 1776 696 1830 cacteris
710 1773 870 1832 deformius
883 1776 987 1831 erube·

17 1877 40 1914 ¹e
57 1858 219 1914 timuisset,
248 1856 398 1914 Postremo
417 1868 519 1915 nostra
537 1859 677 1934 cremeris
695 1855 801 1914 Valens
828 1858 987 1932 supradicti

17 1941 159 1998 anticiani
181 1939 563 2012 traternrisnus,1n0nns
585 1959 693 2018 magna
714 1943 920 2014 persecutione
934 1960 986 2015 per

17 2026 90 2081 antis
108 2033 207 2097 partes
226 2021 395 2079 catholicam
414 2027 541 2081 vastavit
552 2021 734 2081 Ecclesiam?
770 2025 862 2091 Quale
876 2034 921 2080 est
934 2043 986 2080 au-

24 2147 35 2180 ,
64 2125 127 2162 non
140 2105 340 2177 considerare,
365 2105 526 2163 Ecclesiam
540 2127 594 2182 per
607 2117 698 2164 totum
711 2107 850 2164 mundum
864 2107 986 2163 fructifi-
1081 2163 1091 2180 s

17 2209 72 2246 :em
85 2199 174 2263 atquc
188 2198 366 2245 crescentem
378 2209 464 2263 posse
484 2192 515 2247 in
534 2189 679 2265 aliquibus
699 2193 836 2268 gentibus
850 2207 987 2265 persecu-

17 2293 67 2330 em
78 2273 142 2346 pati
153 2290 172 2328 a
187 2273 315 2349 regibus,
329 2282 358 2328 et
372 2272 487 2348 quando
500 2274 533 2330 iu
546 2275 610 2329 aliis
621 2291 679 2330 non
694 2271 821 2347 petituri
835 2273 900 2331 Nisi
913 2274 988 2330 forte

29 2365 78 2412 est
89 2357 253 2429 persecutio
268 2355 474 2429 computando,
500 2356 615 2430 quando
633 2373 687 2410 rex
701 2355 866 2414 Gothorum
878 2359 910 2414 iu
923 2359 1002 2431 ipsa·

17 2437 66 2496 hia
79 2447 252 2514 persecutus
266 2447 310 2494 est
323 2437 504 2494 Christianos
517 2437 689 2494 crudelitate
695 2440 845 2511 mirabili,
870 2460 934 2496 cum
947 2441 988 2495 ibi

34 2529 138 2578 essent
157 2522 216 2576 nisi
235 2519 386 2592 catholici,
408 2538 531 2595 quorum
550 2522 670 2594 plurimi
692 2523 833 2596 martyrio
856 2523 989 2578 coronati

17 2615 38 2663 t:
52 2663 55 2668 ,
68 2607 145 2660 sicut
158 2621 175 2659 a
187 2603 357 2678 quibusdam
370 2603 525 2675 fratribus,
545 2605 595 2679 qui
608 2613 679 2660 tuuc
692 2605 753 2658 illic
766 2605 849 2676 pueri
862 2603 987 2676 fiuerant,
1059 2597 1067 2636 ¹·

17 2691 101 2744 cista
113 2685 223 2748 vidisse
236 2686 692 2757 incunctanterrecordabantur,
706 2683 890 2742 audivimusl
912 2687 988 2753 Quid
1019 2738 1021 2748 Α

17 2771 42 2828 lo
56 2773 89 2826 in
101 2766 243 2825 Parsidai
272 2769 378 2826 Nonne
389 2771 432 2826 ita
445 2771 477 2826 in
490 2768 672 2827 Christianos
687 2768 798 2848 ferbuit
808 2771 987 2850 persecutio,

17 2872 106 2911 amen
119 2853 178 2908 iam
191 2849 326 2928 quierit)
339 2862 372 2908 ut
384 2853 531 2930 fugientes
544 2854 613 2911 iude
626 2853 761 2910 nonnulli
774 2871 868 2930 usque
881 2851 916 2912 ad
927 2850 986 2912 Ro·

17 2955 42 2992 ra
55 2935 161 3010 oppida
173 2932 378 3009 pervenerintl
391 2935 473 2992 llaec
483 2946 570 3012 atque
578 2935 743 2994 huiusmodi
751 2937 823 2993 mihi
834 2931 987 3017 cogitanti,

34 3018 151 3075 ridetur
170 3037 234 3074 esse
252 3018 434 3076 definiendus
452 3037 588 3076 numerus
609 3021 857 3094 persecutionum,
883 3021 986 3097 quibus
1009 3018 1010 3021 ’

17 3103 91 3166 teari
105 3111 221 3176 oportet
232 3101 403 3158 Ecclesiam
438 3100 498 3161 Sed
510 3121 611 3160 rursus
624 3102 767 3159 affirmare
781 3106 892 3181 aliquas
907 3103 988 3162 futu-·

17 3185 178 3261 a-regibus,
190 3194 306 3258 praeter
321 3185 400 3240 illam
413 3187 611 3258 novissimam,
636 3185 672 3241 de
685 3205 741 3262 qua
753 3189 852 3243 nullus
865 3185 987 3264 ambigit

17 3267 157 3338 istianus,
179 3286 240 3324 uon
252 3268 374 3322 minoris
389 3276 434 3326 est
447 3269 628 3328 temeritatis.
662 3267 765 3344 ltaque
777 3268 832 3326 hoc
844 3271 875 3327 in
890 3269 985 3326 medio

17 3352 168 3424 oquimns,
192 3359 327 3406 neutram
347 3361 460 3422 partem
482 3352 661 3426 quaestionis
680 3350 766 3407 huius
787 3351 985 3430 adstruentes,

17 3473 19 3478 ,
37 3433 239 3504 destruentes,
265 3431 317 3488 sed
335 3433 534 3490 tautummodo
552 3435 587 3492 ab
601 3433 761 3491 affirmandi
773 3434 921 3510 quodlibet
932 3433 984 3492 bo·

17 3565 19 3570 .
34 3516 368 3590 audaci‘praesumtioue
380 3527 561 3580 revocantes.

335 3662 456 3722 CAP.
499 3665 609 3722 hlll.

138 3759 184 3813 De
197 3766 314 3826 tempore
323 3760 477 3814 semunciae
488 3759 682 3830 persecutionis
696 3763 806 3815 occulto.-

17 3849 103 3991 {lldm
115 3869 189 3910 sane
201 3850 388 3910 nouissimam
400 3853 646 3926 persecutionem,
671 3871 745 3991 (ism
758 3851 794 3910 ab
808 3847 986 3930 Antichristo
