2340 4320
131 189 136 200 ·
193 167 303 254 rm*
354 167 358 268 J
416 133 1004 268 nivrnvnnurrnvevsrrnr

188 358 244 414 tae.
272 342 355 402 Vnde
369 362 385 401 e
400 344 544 417 corruptis
558 341 686 418 moribus
701 342 805 405 vitium
819 331 967 400 contrario
980 343 1090 416 posuit,
1107 362 1114 424 p

94 467 96 482 ,
190 439 361 510 egestatem,
374 428 512 503 privatim
525 428 713 502 opulentiam.

567 591 687 651 ΟΑΡ
730 589 876 652 XIII

188 693 232 750 De
243 710 332 748 artare
343 690 445 754 laudis,
459 688 507 770 qui
516 706 576 742 cum
586 690 623 742 sit
632 688 736 750 citium,
752 687 783 739 ob
794 687 842 740 boe
852 687 941 741 virtus
950 696 1083 758 putatum,
1103 707 1114 760 q

476 759 563 827 iprum
573 760 642 812 vitiu
652 759 756 812 nraiora
766 757 931 812 solidentur.

254 819 448 919 Quamobrem
462 868 529 906 curn
542 849 592 907 diu
606 850 735 906 fuissent
746 867 840 926 regna
854 845 987 906 Oiientis
1001 844 1114 906 illustri

189 936 246 994 luit
261 919 346 991 Deus
365 944 395 990 et
414 932 605 990 Occidentale
623 933 704 1004 lieri,
720 933 809 1006 quod
828 941 961 1008 tempore
977 942 1056 989 esset
1068 951 1114 1006 por

133 1039 134 1042 ¹
191 1019 264 1075 sed'
255 1020 371 1093 rmperir
363 1016 541 1092 'latitudlne
562 1027 593 1072 ct
609 1015 813 1094 magnitudine
830 1017 987 1073 illustrius.
1014 1016 1105 1090 quue

93 1113 103 1130 ⁸
189 1103 376 1178 potissimum
389 1103 537 1157 concessit
548 1097 715 1156 homInibus
735 1098 771 1156 ad
790 1099 933 1156 domanda
945 1102 1050 1178 gravia
1064 1101 1114 1154 mal

190 1194 288 1241 tarum
293 1186 438 1262 gentium,
446 1185 497 1259 qni
506 1201 593 1240 cansa
599 1182 730 1253 honoris,
743 1182 838 1240 laudis
850 1192 880 1239 ct
890 1186 1003 1261 gloriae
1014 1184 1115 1239 consul

190 1269 341 1343 patriae,
332 1287 365 1324 ιιι
378 1286 436 1342 qua
449 1270 541 1342 Ipsam
554 1269 677 1346 gloriam
689 1267 891 1356 requirebant,
906 1269 1088 1342 salutemque
1102 1285 1114 1322 c

190 1353 248 1408 luti
261 1370 332 1407 suae
345 1369 526 1426 praeponere
539 1369 600 1408 non
614 1329 799 1422 dubitarunt,
813 1369 866 1425 pro
880 1353 938 1407 iste
953 1370 1014 1406 uno
1027 1351 1109 1420 vitio,

140 1489 143 1496 ,
192 1454 292 1491 emere
305 1435 412 1516 laudis,
437 1437 579 1533 pecuniae
578 1433 781 1508 cupiditatem
799 1443 829 1489 et
841 1436 932 1490 multa
945 1435 1004 1489 alia
1016 1435 1089 1491 vitia
1102 1453 1114 1488 c

192 1528 319 1592 mentes,
342 1518 441 1575 *Nam
454 1520 555 1575 sanius
568 1518 664 1589 videt,
679 1520 730 1599 qui
744 1527 773 1573 et
787 1537 916 1574 amorem
935 1517 1032 1573 laudis
1046 1518 1114 1578 vitiu

193 1603 363 1682 cognoscit:
379 1602 459 1679 quod
471 1621 527 1659 nec
539 1612 656 1677 poetam
668 1601 748 1679 fugit
760 1600 926 1670 Horatium,
941 1601 993 1675 qui
1006 1603 1073 1658 aits

243 1688 244 1691 ’
276 1686 385 1744 Laudis
400 1705 498 1743 amore
511 1695 618 1758 tumes,
637 1695 708 1741 sunt
721 1694 802 1741 certa
815 1686 932 1759 piacula
945 1702 1021 1758 quae
1034 1694 1064 1741 te

277 1769 304 1828 T
307 1790 339 1827 er
350 1789 424 1846 pure
436 1773 512 1826 lecto
525 1779 685 1845 potuerunt
697 1787 834 1825 recreare
847 1769 955 1824 libello.

194 1855 353 1954 Idemque
344 1873 376 1910 ιιι
392 1856 521 1910 carmine
533 1852 653 1928 Lyrico,
672 1852 709 1910 ad
723 1851 935 1938 reprimendam
948 1849 1114 1909 dominandi

93 1947 99 1958 “
195 1958 262 1996 nem
275 1935 317 1994 ita
331 1929 455 1994 cecinit:

192 2077 195 2081 .
277 2020 381 2078 Latius
395 2037 503 2098 regnes
517 2017 634 2076 aridum
647 2018 791 2077 domando

278 2103 433 2178 Spiritum,
447 2121 534 2178 quens
547 2105 573 2158 si
582 2102 708 2178 'Lybiam
720 2105 840 2160 remotis

279 2185 409 2244 Gadibus
422 2188 539 2266 iungas,
554 2195 584 2242 et
596 2196 719 2264 uterque
732 2186 850 2250 Poenus

193 2285 196 2290 '
278 2269 397 2327 Serviat
409 2272 472 2326 uni.

147 2376 150 2380 ·
165 2391 168 2398 .
194 2354 402 2428 Verumtamen
413 2355 464 2428 qui
473 2354 609 2411 libidines
620 2355 778 2427 turpiores,
793 2353 850 2412 fide
862 2355 981 2430 pietatis
995 2356 1114 2431 impetrr

177 2441 256 2512 ritu
270 2445 387 2508 saneto,
415 2434 445 2494 et
464 2439 568 2494 arnore‘
579 2439 774 2515 intelligibilis
796 2439 1025 2512 pulchritudinis
1052 2447 1114 2496 non

176 2513 177 2518 ἵ
195 2531 280 2594 nant,
297 2521 402 2577 melius
416 2523 519 2578 saltem
533 2522 691 2596 cupiditate
704 2520 848 2578 humonae
861 2523 955 2582 laudis
971 2533 1001 2579 et
1007 2524 1114 2600 glorio

166 2675 167 2678 ι
196 2607 334 2682 quidem
325 2623 385 2661 ram
397 2607 502 2676 saneti,
516 2605 569 2662 sed
581 2623 679 2660 mrnus
693 2614 793 2679 turpes
809 2617 888 2662 sunt.
919 2605 1019 2670 Etiam
1033 2606 1114 2663 Tulli

117 2699 120 2706 “
196 2687 379 2748 dIssirirulare
392 2707 452 2746 non
465 2689 577 2764 potuit,
599 2689 630 2743 in
644 2687 748 2743 iisdem
760 2688 842 2744 libris
857 2708 929 2764 quos
931 2677 979 2744 de
992 2691 1114 2765 republir

195 2776 270 2850 psit,
297 2774 347 2831 ubi
360 2774 492 2848 loquitur
502 2773 540 2828 de
555 2771 735 2836 instituendo
749 2772 882 2846 principe
896 2773 1039 2844 elvitatis,
1060 2792 1114 2848 que

110 2887 112 2896 v
195 2857 333 2914 alendum
347 2874 412 2944 esse
412 2856 542 2953 'gloria3
569 2863 599 2910 et
617 2864 833 2930 consequenter
853 2865 1078 2927 commemorat,
1104 2875 1114 2911 ι

196 2959 264 2998 suos
275 2929 384 2995 multa
380 2938 455 2994 miro
469 2948 557 3014 etque
569 2940 719 3012 praeclara
728 2939 840 3015 gloriae
851 2938 1011 3013 cupiditate
1019 2897 1114 2995 feciss

170 3029 196 3056 ⁸
197 3041 268 3100 crgo
280 3023 354 3078 ritio
366 3039 426 3077 non
440 3024 535 3077 selum
547 3040 608 3078 non
621 3023 814 3093 resistebant,
832 3039 936 3080 verum
949 3023 1038 3078 etiam
1051 3022 1082 3078 id
1095 3043 1114 3079 e

196 3106 265 3163 dum
278 3113 307 3160 et
320 3104 537 3161 accendendum
555 3121 621 3160 esse
641 3106 815 3177 censebunt,
841 3115 979 3178 putantes
999 3104 1055 3161 hoe
1074 3107 1114 3162 uti

196 3188 381 3263 reipublicae.
416 3188 588 3263 Quanquam
600 3207 656 3245 ncc
669 3191 701 3246 ln
714 3191 786 3264 ipsis
799 3187 1000 3262 philosophiae
1015 3190 1098 3244 libris

196 3273 230 3328 ab
245 3271 299 3328 hae
311 3269 393 3346 pest'e
408 3270 589 3343 dissimulet,
615 3273 667 3328 ubi
683 3292 746 3328 earn
762 3275 828 3328 luce
842 3273 948 3327 elarius
962 3273 1114 3328 confitetur

197 3358 275 3411 enirn
289 3355 324 3411 dc
338 3353 443 3410 studiis
457 3356 564 3420 talibus
578 3358 762 3431 loqueretur,
788 3373 862 3430 quae
881 3357 982 3430 utique
1002 3365 1114 3412 sectant

172 3457 175 3460 ·
196 3438 255 3494 fine
268 3441 333 3495 reri
345 3437 432 3510 boni,
458 3457 518 3495 non
538 3441 716 3495 ventositate
736 3438 830 3495 laudis
850 3437 1010 3510 humanae,
1036 3437 1111 3496 hanc

196 3523 394 3578 universalem
419 3523 644 3600 generalemque
670 3523 862 3594 sententiam:
901 3520 1034 3594 „Honos
1061 3523 1114 3578 alit

198 3624 383 3686 „omnesque
397 3605 598 3662 accenduntur
612 3605 648 3660 ad
661 3606 758 3662 studia
772 3606 881 3682 gloria,
899 3607 1055 3680 iacentque
1070 3623 1104 3660 ea

199 3705 299 3764 „quae
312 3688 389 3764 apud
403 3706 534 3767 quosque
547 3689 756 3764 improbantur.
763 3690 784 3722 ‘⁶
951 3685 1007 3762 (al.
1024 3685 1106 3744 cAP
