2340 4312
155 267 211 326 liii
381 260 477 320 le'l
499 259 685 319 AV'RELH
706 259 964 322 ,svavsTINr

83 395 85 402 ,
152 418 205 474 sed
217 415 283 488 filii
295 381 708 496 promissionisdepatantar
726 415 757 469 in
777 415 897 470 semine.
932 385 978 470 'de
996 433 1039 488 por
1054 412 1133 468 hostili

150 501 369 575 promissionis,
395 507 428 554 ut
439 500 501 554 sint
511 513 611 552 semen
624 494 774 565 Abrahae,
801 497 834 551 in
848 494 932 552 {snae
946 506 1084 564 vocantur,
1101 494 1132 549 ba
1168 554 1170 603 1

153 592 215 654 est,
228 584 260 638 in
274 581 421 638 Christum
434 587 557 636 vooante
571 579 668 654 gratia
681 581 912 655 congregantur.
938 577 1018 635 Hane
1030 597 1085 656 orgo
1092 595 1124 650 pn

152 666 323 722 missionem
344 671 429 736 pater
440 661 520 734 prius
532 660 658 716 fideliter
683 669 807 732 tenens,
834 662 967 735 quia'per
977 661 1048 717 hune
1059 669 1132 733 oporte·

153 749 203 804 bat
225 741 353 820 impleri,
379 762 466 817 quem
480 741 561 798 Deus
582 743 699 798 iubebat
718 743 836 813 oaeidi,¹
856 735 916 799 non
937 743 1076 800 haesitavit
1088 751 1136 820 qu,¹
1169 770 1170 773 =

112 833 115 842 ’
154 831 210 884 sibi
222 828 304 884 reddi
317 834 432 900 poterat
444 827 625 894 immolatus,
648 825 699 899 sui
711 824 775 880 dari
787 827 883 899 potuit
894 817 957 881 non
969 836 1089 899 speratm.
1104 815 1133 878 ss
1162 784 1170 929 1

153 913 336 967 intellectum
358 917 403 962 est
426 909 509 963 etin
532 908 655 980 epistoie
671 906 709 961 ad
721 906 887 979 Hebraeos,
916 911 999 964 etsie
1012 907 1133 982 expositus

153 991 242 1060 Fide,
256 991 366 1064 inquit,
384 991 557 1065 praecessit.
567 985 734 1058 Abrabam,
747 992 778 1046 in
792 987 884 1045 Isaae
898 1001 1042 1062 tentatss3
1067 999 1087 1043 et
1096 987 1136 1055 mi
1163 960 1170 1029 ¹

134 1069 217 1130 'eam
230 1072 350 1140 obtulit,
377 1073 428 1146 qai
443 1073 658 1148 promissiones
678 1073 827 1148 suscepit,
854 1074 896 1129 ad
913 1091 994 1148 qaam
1007 1075 1094 1130 dietas
1102 1075 1132 1134 nt,

153 1154 190 1212 In
202 1152 460 1210 Isaaoaoeabitnr
478 1153 535 1210 tibi
555 1167 668 1210 semen:
694 1156 835 1229 cogitans
856 1158 927 1230 qnia
950 1165 979 1212 et
1001 1174 1034 1212 en
1053 1149 1134 1232 non«,

154 1237 288 1294 essitare
306 1246 411 1313 potest
425 1234 516 1291 Deus.
559 1233 686 1291 Proinde
713 1235 839 1294 addidit:
865 1235 925 1292 Pro
944 1237 997 1293 boe
1013 1238 1086 1293 etiaa
1117 1250 1134 1269 >³

77 1313 78 1318 ¹
154 1328 183 1376 et
197 1321 227 1374 in
242 1319 465 1376 similitudinem
478 1317 613 1374 addsait.
658 1316 749 1374 Cuius
761 1318 1004 1388 similitudinem,
1026 1314 1113 1372 nisiil'
1131 1366 1137 1394 e

153 1399 189 1456 de
202 1418 259 1473 quo
273 1399 343 1455 dieit
355 1400 432 1456 idem
444 1401 617 1474 Apostolus:
645 1397 706 1468 Qus
722 1403 851 1478 proprio
865 1399 943 1458 Filio
965 1419 1019 1457 nan
1034 1405 1135 1476 pipam

44 1519 49 1528 ,
154 1484 273 1559 sedpro
286 1483 368 1538 nobis
381 1482 655 1558 omnibus'tradidit
668 1481 771 1539 sinin?
803 1481 964 1559 Propterea
977 1493 1007 1538 et
1019 1481 1097 1548 Isaac,
1112 1475 1134 1528 ,p

154 1576 204 1622 eut
217 1564 361 1622 Dominus
375 1582 490 1620 erucem
502 1583 604 1634 suam,
629 1566 671 1620 ita
690 1565 746 1620 sibi
765 1565 847 1641 ligna
866 1561 903 1622 ad
923 1565 1134 1624 victimaelnu,

154 1648 258 1722 quibus
272 1647 368 1703 fuerat
381 1647 591 1720 imponendus,
604 1647 668 1720 ipse
679 1649 816 1721 portavit.
859 1645 1010 1704 Postremo
1023 1647 1079 1722 quia
1088 1641 1136 1698 loa

60 1773 63 1778 .
155 1729 249 1786 oeeidi
263 1747 323 1786 non
338 1729 505 1809 oportebat,
532 1739 632 1802 postea
646 1747 732 1804 quam
746 1739 789 1785 est
801 1739 885 1804 pater
899 1749 965 1786 eum
977 1731 1059 1785 ferire
1076 1719 1137 1799 preb&

154 1815 244 1882 bitus,
257 1814 323 1886 quis
337 1820 401 1868 erat
413 1813 462 1866 ille
474 1812 570 1881 aries,
584 1829 641 1886 quo
654 1813 802 1868 immolato
816 1813 967 1886 impletum
980 1821 1023 1867 est
1034 1805 1119 1886 sign'fi

107 1917 112 1920 ·
154 1897 216 1950 tivo
229 1897 374 1970 sanguine
388 1889 584 1949 sacrificinmi
616 1892 725 1966 Nempe
740 1894 855 1968 quando
869 1915 936 1951 eum
949 1894 1021 1950 vidit
1031 1892 1100 1950 Abra
1119 1916 1120 1925 2

156 1977 294 2032 cornibus
308 1977 338 2031 in
353 1975 458 2031 frutioe
471 1975 634 2032 tenebatur.
677 1977 750 2042 Quis
766 1995 799 2031 er
820 1995 837 2031 o
853 1979 903 2032 illo
917 1977 1096 2053 figurabatur,
1110 1967 1129 2017 Γ

157 2057 255 2127 lasus,
276 2067 345 2112 ante
358 2074 443 2130 quam
459 2059 658 2114 immolaretur
670 2060 762 2130 spinis
776 1997 900 2114 lugdaieis
916 2052 1080 2116 coronatus?

220 2139 280 2194 Sed
293 2138 393 2193 divina
405 2157 457 2210 per
469 2140 614 2216 Angelum
626 2140 715 2196 verba
727 2143 822 2215 potius
837 2141 1000 2197 audiamus.
1020 2142 1064 2197 Ait
1073 2135 1114 2210 qu'

156 2222 324 2293 Scriptura,
342 2219 383 2274 Et
396 2222 531 2277 extendit
543 2217 693 2278 Abrabam
707 2241 824 2279 manum
838 2242 923 2280 snam
932 2213 1110 2280 samerenad
1132 2223 1134 2226 ’

113 2325 114 2328 ¹
154 2322 236 2369 ram,
258 2310 291 2356 at
305 2300 453 2357 occideret
458 2300 563 2370 filiani
572 2321 665 2359 saum.
704 2304 746 2360 Et
758 2309 876 2362 vaeavit
888 2307 971 2363 iilum
983 2302 1095 2380 Angeia
1111 2302 1117 2343 ¹

97 2429 99 2432 .
154 2385 228 2446 mini
241 2383 277 2440 de
289 2382 382 2450 eaelo,
396 2393 426 2439 et
436 2385 530 2452 dixit,
542 2380 702 2444 Abrabam.
736 2383 791 2444 lile
804 2398 904 2444 antem
918 2389 1012 2456 divit,
1035 2386 1120 2444 ans
1163 2354 1170 2421 ¹

80 2485 81 2488 ¹
154 2467 196 2522 m
211 2466 305 2545 dixit,
318 2461 362 2521 Ne
379 2466 498 2521 iniieias
508 2480 625 2522 manum
635 2477 817 2545 taamsaper
824 2486 971 2545 puer-am,
984 2463 1097 2545 nepaes
1107 2461 1130 2508 *⁸
1164 2428 1170 2485 ¹

91 2563 96 2570 ’
155 2549 202 2604 illi
217 2548 387 2623 qaisquam:
412 2567 489 2604 nana
502 2545 578 2603 enim
591 2550 667 2604 seiri
678 2551 748 2624 qaia
761 2553 847 2628 times
863 2550 961 2608 Deum
975 2563 1007 2608 tn
1021 2540 1116 2627 [iasab
1137 2596 1138 2601 1
1165 2520 1170 2567 ¹

87 2637 89 2644 ‘
104 2639 107 2650 ¹
154 2631 219 2686 non'
219 2631 388 2706 pepercisti
393 2629 462 2700 filio
477 2639 526 2685 tna
541 2630 647 2686 dilecto
658 2642 785 2708 propter
798 2651 851 2688 me.
878 2631 963 2690 Nune
977 2635 1061 2701 scivi,
1072 2629 1104 2683 dic
1117 2648 1124 2665 u

155 2722 218 2782 est,
245 2711 352 2783 idest,
379 2729 457 2768 nuno
477 2712 548 2767 seiri
566 2712 639 2768 feei:
665 2717 852 2787 nequeenim
867 2714 923 2771 hoe
936 2716 1060 2771 nondum
1071 2711 1102 2766 sei
1117 2730 1118 2751 1

153 2793 246 2852 Deus.
281 2793 398 2851 Deinde
411 2794 503 2850 ariete
516 2796 566 2850 illo
579 2796 728 2850 immolato
741 2813 793 2869 pro
807 2794 889 2852 issae
902 2798 965 2854 filio
979 2816 1046 2866 suo,
1057 2814 1080 2850 m

155 2888 189 2934 ut
201 2878 332 2954 legitur,
357 2875 505 2934 Abrabam
519 2895 620 2934 nomen
633 2876 691 2934 loci
704 2877 803 2948 iilius,
828 2879 976 2938 Dominus
988 2880 1074 2937 vidit:
1086 2881 1109 2928 st

153 2971 225 3017 eant
248 2958 347 3026 bodie,
373 2956 409 3016 In
432 2969 528 3016 monte
549 2957 692 3015 Dominus
716 2965 871 3038 apparuit.
915 2962 1000 3018 Sicut
1013 2955 1139 3017 diarum

38 3075 51 3092 s
153 3040 417 3117 Nano·seioi,¹pro
431 3060 466 3096 eo
479 3042 557 3114 quod
570 3053 633 3113 est,
653 3059 731 3098 nuno
744 3045 815 3100 seiri
828 3044 904 3102 feei:
931 3047 973 3101 ita
988 3037 1131 3101 bieDoui'
1167 3092 1170 3139 1

154 3125 245 3193 vidit,
271 3141 324 3195 pro
338 3142 372 3178 eo
387 3123 465 3198 quod
478 3133 541 3195 est,
556 3123 701 3184 Dominus
714 3128 869 3199 apparuit„
895 3126 1026 3198 honest,
1049 3117 1116 3180 rideri
1139 3142 1141 3151 ι
1168 3176 1170 3207 1

150 3206 233 3264 feeit.
276 3203 318 3264 Et
334 3209 452 3264 vaeavit
465 3205 595 3284 Angelus
609 3206 731 3264 Domini
742 3207 893 3265 Abrabam
911 3211 1035 3268 seeundo
1048 3208 1078 3264 de
1087 3215 1129 3256 Μ’
1168 3258 1170 3293 1

154 3289 270 3350 disens:
296 3287 355 3346 Par
368 3285 696 3365 memetipsamiaraoi,
711 3292 785 3346 dicit
798 3290 961 3361 Dominus,
974 3295 1104 3368 propter'I
1124 3306 1125 3311 ¹
1168 3336 1170 3381 1

100 3370 102 3374 ’
145 3371 260 3442 fecisti
271 3370 470 3438 vendomiae,
496 3381 595 3444 etnon
608 3373 779 3449 pepercisti
787 3363 857 3444 filia
877 3384 928 3431 tao
942 3375 1045 3431 dilecto
1056 3369 1139 3447 propte
1166 3416 1170 3457 1

45 3493 48 3502 ,
153 3471 214 3521 me,
228 3455 290 3509 nisi
301 3453 472 3512 benedicens
486 3453 655 3510 benedicam
668 3465 712 3524 te,
732 3465 762 3511 et
774 3453 980 3531 multiplicans
990 3439 1144 3528 mapsam
1166 3498 1170 3547 1

115 3563 119 3576 -
154 3551 250 3591 semen
265 3546 363 3606 taam,
389 3537 469 3592 sicat
481 3535 595 3592 stellas-
607 3537 695 3606 eseli,
721 3547 753 3594 et
764 3547 907 3612 tanquam
921 3525 1139 3614 arenamqsstdf
1165 3558 1170 3619 1

153 3618 242 3671 iaxta
256 3616 364 3674 labium
377 3620 479 3676 maris.
510 3616 555 3672 Et
566 3616 755 3680 haereditate
762 3621 933 3695 possidebit
946 3637 1038 3677 semen
1050 3626 1109 3672 tusa
1117 3621 1140 3658 t*

152 3697 265 3753 vitatas
289 3700 552 3772 adversariorum
576 3711 606 3756 et
627 3701 836 3758 benedicentem·
853 3703 885 3758 in
905 3705 1012 3766 semine
1027 3696 1140 3756 tremi
1169 3744 1170 3763 1

152 3788 258 3850 gentes
279 3789 397 3852 terram
423 3784 493 3856 qaia
519 3781 670 3840 obaudisti
688 3783 785 3840 vocem
803 3803 925 3840 meam.
950 3784 1012 3840 Hoe
1029 3771 1140 3836 ruodo8⁵1

154 3857 206 3912 ula
218 3857 254 3914 de
263 3862 565 3938 vocatione-gentium
576 3865 606 3920 in
621 3868 731 3922 semine
744 3865 890 3938 Abrahae,
902 3865 1138 3941 posthabemus
