2340 4320
146 214 273 282 roo„
370 217 971 282 nrmlvanmraveusrmr

79 388 82 394 “
143 392 204 432 non
215 374 356 433 habeant:
374 384 404 430 et
414 394 467 449 per
481 386 515 432 ea
527 374 604 431 bona
616 385 728 430 morum
742 375 879 432 nituntur
892 374 928 431 ad
942 373 1069 453 gloriam
1081 385 1111 434 et
1121 376 1164 434 ine

141 463 251 535 perium
275 461 323 516 vel
341 459 583 529 dominationem,
609 458 645 512 de
664 459 768 532 quibus
787 460 830 514 ait
850 458 1024 529 Sallustius,
1049 457 1107 515 Sed
1124 462 1169 544 Q

93 595 94 600 ,
113 542 116 548 ’
141 555 212 600 vera
224 545 273 599 via
291 545 406 598 nititur.
433 543 571 617 Quisquis
590 551 686 597 autem
704 543 769 597 sine
788 542 947 616 cupiditate
966 542 1096 619 gloriae,
1119 553 1167 618 aas

142 637 264 684 veretur
277 625 362 681 homo
375 627 449 681 bene
462 624 659 681 iudicantibus
673 623 837 698 displicere,
856 625 1004 682 dominari
1019 635 1105 700 atque
1117 629 1169 694 ins

142 729 246 787 perare
261 709 417 779 desiderat,
432 710 521 764 etiam
534 727 586 782 per
600 709 783 780 apertissima
796 710 1039 784 scelerayqueerit
1050 711 1166 783 plerum-

144 813 199 868 que
210 786 344 860 obtinere
358 792 435 868 quod
448 792 554 869 diligit.
577 791 767 865 Proinde-,qui
780 793 906 868 gloriam
920 794 1110 867 concupiscit,
1120 801 1165 858 aeft

141 896 213 934 vera
226 882 274 933 via
285 878 398 946 nititur,
412 886 462 931 aut
474 884 555 931 certe
569 873 642 930 dolis
656 884 743 949 atque
756 867 879 931 fallaciis
894 875 1061 949 contendit,
1075 877 1163 954 volnt,

142 961 238 1017 bonus
252 960 361 1030 videri,
389 958 466 1034 quod
485 977 546 1014 non
567 967 620 1014 est.
647 957 688 1014 Et
706 957 771 1014 ideo
790 959 916 1021 virtutes
935 956 1058 1014 habenti
1071 977 1112 1014 ma
1150 966 1152 973 ’

143 1045 237 1101 virtus
252 1054 297 1099 est
309 1052 496 1099 contemnere
510 1044 649 1120 gloriam3
668 1042 736 1116 quia
749 1050 916 1098 contemtus
928 1044 992 1098 cius
1007 1043 1041 1099 in
1055 1061 1125 1098 cons
1152 1033 1170 1087 Ι

144 1137 196 1183 otu
204 1126 262 1184 Dei
273 1136 328 1197 est,
342 1126 449 1182 iudicio
463 1135 560 1181 autem
572 1143 632 1182 non
645 1126 774 1198 aperitur
788 1123 924 1190 humano.
938 1125 1083 1200 Quicquid
1096 1126 1133 1180 c'n
1156 1117 1170 1170 Ι

143 1211 249 1266 fecerit
261 1209 297 1266 ad
310 1211 409 1266 oculos
422 1209 582 1280 hominum,
602 1227 660 1283 quo
674 1210 787 1285 gloriae
802 1218 966 1265 contemtor
980 1218 1119 1288 appareat,
1149 1174 1170 1253 Ι

143 1295 284 1349 maiorem
296 1293 425 1366 laudem,
443 1292 499 1350 hoc
507 1302 568 1364 est,
583 1291 620 1348 ad
632 1287 772 1348 maiorem
786 1294 911 1370 gloriam
923 1293 1024 1349 facere
1037 1295 1063 1348 si
1075 1289 1155 1370 credat

142 1387 218 1448 tur,
235 1395 294 1433 non
309 1377 443 1434 estundc
457 1395 488 1432 se
502 1377 714 1450 suspicantium
728 1377 863 1432 sensibus
878 1377 966 1431 aliter
986 1393 1066 1445 esse,
1089 1371 1158 1450 qim

143 1462 350 1535 suspicantur,
373 1460 516 1516 ostendat.
533 1459 602 1516 ‘Sed
619 1461 670 1534 qui
689 1461 849 1518 contemnit
862 1459 972 1516 iudicia
985 1459 1165 1528 laudantium.

138 1547 305 1600 contemnit
317 1546 406 1600 ctiam
419 1545 629 1619 suspicantium
641 1544 851 1615 temeritatem3
878 1561 1006 1618 quorum
1018 1552 1121 1612 tamen,
1134 1539 1150 1596 ι’

47 1631 48 1634 ’
142 1645 213 1684 rere
227 1628 320 1688 bonus
336 1638 395 1694 est,
409 1646 471 1684 non
486 1628 646 1684 contemnit
659 1628 799 1698 salutem;
818 1629 966 1702 quoniam
978 1636 1078 1684 tantae
1090 1625 1150 1680 iusti·

142 1713 202 1776 tiae
216 1721 261 1768 cst
274 1712 371 1788 quide
384 1710 494 1786 Spiritu
507 1710 566 1768 Dei
578 1711 701 1767 virtutes
715 1708 813 1781 habet,
832 1720 866 1766 ut
879 1712 968 1790 etiam
980 1712 1062 1784 ipsos
1074 1709 1151 1785 diligat

56 1863 64 1872 ⁵
99 1819 101 1824 ι
142 1797 295 1868 inimicos3
314 1805 344 1850 et
356 1797 397 1851 ita
408 1795 523 1872 diligat,
536 1804 568 1850 ut
580 1812 646 1849 suos
657 1811 756 1850 osores
769 1796 818 1850 vel
831 1793 1013 1850 detractores
1028 1795 1095 1850 velit
1104 1809 1148 1846 eor·

142 1889 241 1935 rectos
250 1878 360 1934 ‘habere
376 1888 542 1949 consortes;
556 1897 617 1934 non
631 1879 662 1932 in
676 1887 794 1934 terrena
807 1878 911 1953 patria,
927 1877 980 1933 sed
993 1875 1147 1952 supernatia

143 1962 342 2019 laudatoribus
353 1960 451 2017 autem
464 1963 538 2031 suis,-
549 1962 678 2035 quamvis
688 1960 879 2036 parvipendat
889 1961 1043 2037 quodcum
1049 1959 1150 2024 laudent,

144 2044 508 2119 nontamenparvipendit,
523 2044 599 2119 qrrod
608 2043 674 2099 erim
681 2054 794 2114 amant;
808 2047 993 2101 nec‘eosrult
1003 2044 1150 2100 fallerem-

145 2127 260 2198 dantes,
278 2146 315 2183 ne
330 2129 456 2201 decipiat
470 2129 642 2204 diligentes:
667 2129 791 2204 ideoque
804 2130 895 2184 instat
908 2128 1059 2200 ardenter,
1080 2136 1107 2183 ut
1116 2143 1152 2199 po·

143 2212 203 2266 tius
216 2213 267 2266 ille
279 2211 426 2281 laudetur,
452 2230 469 2266 a
483 2229 541 2286 quo
557 2210 643 2268 habet
654 2209 741 2267 homo
754 2210 891 2287 quicquid
905 2213 937 2266 in
951 2231 986 2268 eo
1000 2213 1065 2267 inre
1076 2207 1153 2268 lauda·

144 2303 202 2349 tur.
229 2295 285 2360 Qui
298 2305 394 2350 autem
408 2303 572 2368 contemtor
584 2296 707 2372 gloriae,
721 2295 929 2350 dominationis
943 2305 989 2373 est
1002 2296 1110 2365 avidus,
1119 2291 1154 2346 be·

145 2379 217 2434 stias
231 2387 359 2454 superat,
375 2379 437 2435 sive
451 2378 631 2436 crudelitatis
644 2380 737 2450 vitiis,
761 2380 824 2434 sive
836 2380 983 2434 luxuriae.
1011 2378 1096 2436 Tales
1108 2376 1155 2451 qui·

105 2527 109 2540 ,
145 2460 211 2516 dam
222 2460 350 2518 Romani
363 2463 491 2518 luerunt.
504 2462 572 2518 Non
586 2464 664 2519 enim
677 2481 747 2518 cura
761 2463 991 2519 existimationis
1005 2465 1108 2538 amissa
1120 2458 1156 2514 do

144 2547 315 2602 minationis
329 2546 488 2620 cupiditate
502 2539 676 2603 caruerunt:
700 2547 805 2602 multos
819 2547 892 2602 tales
906 2545 1011 2618 fuisse,
1025 2545 1116 2620 prodit
1125 2541 1157 2597 bi·

145 2632 246 2686 storia.
273 2627 333 2687 Sed
346 2629 430 2686 huius
443 2632 511 2686 vitii
529 2631 740 2700 summitatem,
767 2637 797 2684 et
813 2631 899 2703 quasi
918 2648 1017 2686 arcem
1036 2625 1158 2705 quandair

85 2713 86 2716 ’
106 2735 107 2738 ’
144 2711 225 2769 Nero
240 2713 348 2770 Cacsar
360 2716 474 2787 primus
485 2715 628 2784 obtinuit3
654 2714 737 2768 cuius
752 2711 902 2768 scitante
915 2710 1157 2785 luxuries,futni·

144 2794 187 2851 hil
200 2797 234 2852 ab
250 2817 284 2852 eo
297 2806 449 2871 putaretur
462 2798 548 2853 virile
561 2795 763 2867 metuendum3
780 2805 862 2851 tante
875 2793 1047 2868 crudelitas,
1061 2806 1093 2854 ut
1103 2791 1160 2852 nihil

144 2881 232 2934 molle
245 2867 545 2951 haberecrcderetnr,
560 2882 587 2935 si
600 2881 772 2936 nesciretur.
785 2877 884 2934 Etiam
897 2880 1003 2937 talibus
1015 2891 1110 2937 tamen
1121 2875 1159 2931 du

145 2962 277 3018 minandi
288 2959 417 3037 potestas
430 2982 491 3019 non
505 2963 590 3019 datur
604 2964 663 3018 hisi
677 2964 782 3020 summi
795 2961 853 3018 Dei
864 2964 1062 3037 providentia,
1085 2978 1160 3038 quaa·

56 3065 64 3078 “
145 3043 181 3102 do
195 3065 242 3101 res
257 3045 398 3101 humanas
412 3045 521 3102 iudicat
532 3047 639 3102 talibus
658 3045 782 3102 dominis
800 3045 915 3123 dignas.
941 3047 1052 3121 Aperta
1070 3047 1103 3104 de
1121 3043 1160 3097 hae

127 3147 178 3196 ure
203 3147 264 3186 vox
289 3128 389 3186 divina
412 3139 468 3200 est,
493 3128 703 3204 loquenteDei
715 3131 873 3202 snpientia:
900 3126 959 3186 Per
970 3149 1017 3200 me
1031 3146 1114 3206 reges
1125 3143 1160 3183 rs·

144 3221 251 3288 guent,
272 3224 302 3269 ct
317 3215 442 3287 tyranni
453 3231 513 3289 per
532 3233 575 3270 me
595 3223 695 3270 tenent
709 3222 832 3270 terrama
857 3211 916 3268 Sed
930 3231 968 3268 ne
984 3214 1104 3288 tyranni
1117 3223 1162 3266 non

144 3297 265 3370 pessimi
278 3303 364 3371 atque
376 3297 501 3368 improbi
512 3315 610 3374 reges,-
625 3296 676 3353 sed
684 3305 784 3352 vetere
794 3297 914 3351 nomine
924 3295 1016 3352 fortes
1031 3296 1102 3352 dicti
1114 3292 1162 3349 eri·

24 3393 28 3400 “
73 3397 74 3400 ’
146 3381 312 3451 stimcntur,
327 3379 404 3436 unde
418 3380 460 3434 ait
471 3378 627 3457 Virgilius:

228 3462 301 3518 Pars
314 3462 387 3519 mihi
398 3464 478 3536 pacis
492 3465 549 3520 crit
562 3463 695 3519 dextram
707 3463 844 3541 tetigisse
856 3464 994 3538 tyranm:

89 3597 92 3604 .
145 3547 327 3618 apertissime
341 3549 397 3603 alio
412 3549 475 3603 loeo
490 3546 526 3602 dc
539 3546 609 3604 Dco¹
619 3547 728 3603 dictum
741 3556 801 3618 est,
818 3544 880 3620 Qui
890 3566 1022 3622 regnare
1027 3546 1114 3617 fecit
1125 3542 1163 3600 bo·

145 3631 249 3686 minem
263 3629 446 3706 hypocritam
453 3640 583 3708 propter
589 3632 825 3708 perversitatem
832 3630 948 3707 populi.
975 3629 1166 3696 Quamobrem,

147 3713 289 3784 quamvis,
303 3723 336 3768 ut
348 3715 439 3786 potui,
453 3715 524 3770 satis
539 3714 727 3786 exposuerim
740 3732 798 3788 qua
809 3731 898 3768 eausa
907 3711 991 3768 Deus
1005 3731 1082 3770 unus
1094 3723 1168 3768 reru!

146 3803 177 3847 et
189 3797 283 3850 iustus
292 3794 445 3864 „Romanos
460 3796 618 3852 secundum
631 3795 775 3872 quendam
788 3796 911 3851 formam
925 3804 1064 3853 terrenae
1078 3797 1169 3852 cirita·

145 3879 184 3934 tis
198 3877 289 3932 bonos
301 3877 445 3935 adiuverit
458 3878 493 3932 ad
507 3881 582 3934 tanti
593 3880 707 3953 imperii
718 3881 843 3957 gloriam
853 3878 1103 3958 consequendam:
1115 3885 1169 3956 pot·
