2362 4312
95 233 133 286 14
159 250 160 253 ¹
295 222 402 302 ΑΒΗῚ
432 222 622 281 AVRELH
652 221 914 280 ¹lVGVSTlNl

79 375 218 448 ,mention
239 377 341 433 bonum
361 375 391 431 in
412 375 572 445 futurum,
599 379 632 431 ut
651 366 878 451 apprehendent
900 394 1001 432 verum
1027 345 1126 444 citdm.
1165 421 1169 432 ,

79 461 250 534 ιΗιιοιιιιῖ
263 459 298 514 dc
320 461 382 514 suis
400 459 551 514 iaciebant
569 458 697 528 divitiis,
724 460 841 534 nr'ugnis
861 468 931 515 sunt
945 460 1038 514 lucris
1052 461 1126 516 leuia

94 544 319 612 damnesolati3
341 539 467 616 plusque
493 543 596 596 laetati
615 557 652 595 ex
672 539 740 611 his,
767 559 844 614 quae
862 541 949 598 facile
969 535 1142 600 tribuendo

94 630 190 684 tutius
206 633 419 695 servaverunt,
444 642 531 698 quam
550 625 728 679 ‘contristati
749 641 787 678 ex
800 622 845 679 his
871 637 953 722 quae
966 625 1067 682 timide
1081 646 1127 682 re-

94 709 217 767 tinendo
231 710 347 764 facilius
362 709 534 764 amiserunt.
578 705 644 762 Hoc
663 709 742 762 euim
749 709 886 804 'potuit
878 727 909 764 ιιι
922 717 1003 764 terre
1016 711 1127 784 perire,
1152 749 1155 756 ·

96 793 175 872 quod
194 794 292 870 piguit
306 785 374 846 inde
394 790 569 847 transferre
608 788 683 846 Nam
706 789 758 863 qui
776 793 953 862 receperunt
971 794 1128 848 consilium

30 885 33 888 '
96 877 219 934 Domini
230 876 287 944 sui,
304 874 448 943 dicentis,
473 871 571 930 Nolite
586 873 710 929 condere
722 868 829 928 cobis
817 892 847 928 m
858 885 947 932 terre
954 874 1128 946 thesauros,

94 961 144 1016 ubi
159 963 241 1015 tinec
255 965 284 1014 et
298 957 401 1032 rubigo
417 957 646 1038 exterminent,
661 966 691 1010 et
704 954 853 1027 ubifures
867 959 1014 1033 qffodiunt
1027 969 1057 1015 et
1069 961 1127 1031 fu-

52 1089 54 1092 .
94 1053 220 1112 rentum
241 1041 295 1097 ted
307 1039 511 1096 thesaurizate
524 1038 605 1100 uobis
619 1036 800 1094 thesauros
788 1050 819 1094 ut
832 1040 922 1110 coelo,
936 1041 1060 1117 quofur
1073 1061 1127 1098 aon
1152 1047 1154 1049 ’

95 1125 225 1193 aceedit,
253 1141 344 1199 neque
358 1125 439 1179 tinec
453 1123 634 1198 corrumpit
661 1119 711 1176 uti
725 1122 800 1176 elsim
815 1131 861 1177 est
874 1119 1033 1178 thesaurus
1048 1134 1128 1194 tuus,

94 1219 123 1264 et
143 1207 184 1263 itt
201 1208 259 1263 erit
279 1215 308 1262 et
334 1224 385 1261 eor
407 1215 507 1261 tuum:
538 1204 739 1259 tribulationis
765 1213 897 1276 tempore
916 1207 1127 1278 probaverunt,
1168 1227 1170 1231 ’

95 1309 183 1365 quam
195 1298 275 1345 reete
284 1279 463 1364 sapuerint,
487 1305 548 1342 non
570 1285 786 1343 contemnendo
801 1289 1024 1346 veracissimum
1041 1308 1127 1363 pree-

95 1383 259 1447 ceptorem,
287 1381 316 1427 et
334 1369 466 1426 thesauri
485 1372 533 1426 sui
551 1368 755 1426 fidelissimum
772 1371 1062 1446 invictissimumque
1077 1394 1127 1430 cu·

97 1456 219 1512 stodem.
263 1454 337 1511 Nam
357 1456 382 1509 si
400 1455 572 1510 multisunt
592 1453 702 1530 gavisi,
732 1451 773 1508 ibi
797 1469 830 1508 se
849 1452 987 1511 habuisse
1008 1456 1128 1512 divitias

97 1557 181 1609 suas,
205 1555 266 1613 quo
281 1540 423 1615 contigit,
449 1549 483 1592 ut
500 1534 594 1612 hostis
615 1555 674 1594 non
688 1535 856 1608 accederet3
883 1549 995 1612 quanto
1015 1542 1126 1596 certius

2 1670 7 1674 .
98 1632 127 1678 et
141 1624 275 1698 securius
289 1621 419 1699 gaudere
431 1629 618 1694 potuerunt,
645 1621 697 1694 qui
715 1623 829 1676 monitu
845 1619 904 1678 Dei
917 1623 965 1676 sui
978 1623 1049 1678 illuc
1071 1626 1128 1684 ,mi-

59 1757 64 1768 ,
97 1714 267 1783 gravenam,
289 1723 348 1779 quo
367 1703 507 1760 accedere
523 1705 643 1759 omnino
657 1721 720 1758 non
734 1700 862 1775 porceti
891 1703 972 1760 Vnde
986 1704 1128 1762 Paulinus

96 1799 214 1860 noster,
241 1787 380 1844 Nolensis
404 1787 587 1860 Episcopus,
600 1847 602 1850 ,
614 1804 652 1840 ex
666 1787 890 1857 opulentissimo
907 1785 998 1844 divite
1023 1791 1127 1845 uolun-

96 1883 157 1928 tate
178 1873 394 1945 pauperrimus,
423 1879 452 1924 et
466 1865 673 1940 copiosissime
690 1877 823 1940 sanctus,
850 1870 967 1945 quando
989 1883 1019 1928 et
1036 1874 1128 1945 ipsam

96 1955 201 2011 Nolam
214 1955 337 2010 Barbari
358 1951 566 2021 rastaverunt,
582 1949 698 2005 cantab
713 1951 756 2006 eis
769 1961 933 2025 teneretur,
960 1957 1003 2010 sic
1017 1957 1049 2011 in
1064 1975 1128 2012 cor-

96 2039 132 2094 dc
146 2051 212 2108 suo,
226 2037 301 2092 utab
313 2055 348 2090 eo
355 2034 672 2110 posteacognovimus,
685 2031 874 2106 precabatur:
889 2036 1029 2108 Domine,
1045 2049 1128 2109 „nen

96 2122 276 2193 „excrucier
288 2128 409 2192 propter
427 2135 534 2172 aurum
552 2127 581 2172 et
599 2126 774 2195 argeutum
800 2117 850 2175 ubi
864 2121 941 2177 enim
957 2123 1018 2177 siut
1031 2124 1129 2178 omnia

95 2223 194 2276 „numu
211 2214 243 2258 tu
258 2203 349 2257 scis·.“
376 2199 419 2258 lbi
433 2203 511 2257 enirn
525 2199 648 2258 habebat
661 2203 761 2256 omnis
776 2217 841 2274 sua,
857 2203 907 2259 ubi
921 2216 986 2260 eu'm
1003 2204 1129 2261 condere

38 2303 40 2310 ‘
96 2298 125 2342 ct
140 2286 341 2358 thesaurizare
355 2286 405 2340 ille
418 2294 646 2355 rironstraverat,
661 2285 749 2358 quiet
763 2283 835 2342 hoec
848 2287 924 2343 niele
937 2289 1047 2364 munde
1057 2305 1129 2344 ven-

82 2383 161 2425 ture
169 2369 366 2442 praedixerat.
380 2369 423 2424 lle
431 2367 545 2442 perhoc
554 2369 603 2442 qui
612 2362 731 2423 domino
740 2385 795 2424 suo
806 2371 1129 2442 monentiobedierant,

13 2471 14 2474 ’
34 2479 36 2484 ,
94 2455 143 2509 ubi
159 2463 188 2508 et
202 2451 348 2526 quomodo
365 2449 567 2508 thesaurizare
581 2449 740 2522 deberent,
767 2453 822 2508 nec
837 2455 917 2526 ipsas
936 2463 1071 2510 terrenas
1085 2454 1129 2510 di·

93 2538 182 2600 vitias
204 2535 341 2592 Barbarie
369 2535 593 2592 incursantibus
620 2536 793 2606 amiserunt.
835 2537 917 2602 Quos
945 2545 1043 2594 autern
1070 2556 1128 2594 non

5 2691 6 2694 Ἴ
94 2619 229 2675 obedisse
242 2620 404 2692 poenituit,
432 2617 551 2694 quidde
567 2603 673 2674 talibus
689 2617 778 2674 rebus
796 2619 964 2686 faciendum
981 2632 1077 2692 esset,
1104 2623 1128 2676 si

93 2721 154 2758 uon
182 2700 376 2774 praecedente
403 2704 569 2777 sapientie,
608 2711 688 2758 certe
716 2713 919 2794 consequente
945 2706 1128 2776 experientia

94 2785 284 2841 didicerunt.

154 2871 192 2924 At
204 2870 281 2923 eninr
297 2863 415 2942 quidam
428 2869 498 2925 boni
513 2870 601 2926 etiam
614 2867 777 2931 Christiani
791 2871 948 2925 tormentis
964 2872 1128 2928 excruciati
1144 2885 1149 2892 ·

93 2962 174 3023 sunt,
206 2964 239 3006 ut
256 2952 332 3006 bona
347 2971 400 3007 sus
414 2950 546 3009 hostibus
562 2945 729 3026 proderent.
773 2951 820 3007 llli
831 2971 901 3008 vero
917 2967 972 3008 nee
992 2951 1128 3025 prodere,

1 3090 6 3097 ,
93 3055 149 3092 nce
164 3030 286 3108 perdere
299 3044 460 3107 potuerunt
475 3037 594 3115 bonum,
616 3054 673 3108 quo
689 3045 718 3092 et
732 3035 871 3109 ipsiboni
887 3046 981 3091 erant.
1025 3034 1061 3092 Si
1073 3055 1127 3092 su-

93 3129 153 3175 tem
167 3119 314 3189 torqueri,
344 3135 430 3190 quam
444 3137 610 3175 rrrammona
623 3119 789 3190 iniquitatis
808 3117 933 3192 prodere
947 3122 1128 3190 meluerunt,

92 3201 207 3259 boni
178 3220 237 3257 nen
250 3210 343 3256 erant.
388 3199 571 3257 Admonendi
585 3213 683 3257 autem
698 3203 828 3273 suerent,
851 3203 902 3274 qui
925 3211 1010 3258 tanta
1034 3205 1127 3275 patie-

93 3285 269 3358 banturpro
285 3299 378 3354 auro,
406 3295 517 3358 quanta
539 3291 647 3340 esseut
663 3277 838 3340 sustinenda
861 3303 914 3359 pro
929 3284 1062 3341 Christo:
1096 3297 1129 3341 ut

94 3386 160 3424 eum
176 3370 275 3443 potius
291 3362 416 3444 diligere
430 3361 600 3438 discerent,
646 3369 677 3422 ui
692 3386 745 3442 pro
760 3386 792 3424 sc
806 3385 910 3443 passos
923 3377 1046 3424 aeterna
1061 3368 1127 3423 feli-

37 3467 57 3474 ·’
95 3452 185 3506 citato
198 3451 322 3521 ditaret
350 3467 409 3506 non
430 3469 536 3517 aurum
552 3461 583 3510 et
602 3460 776 3526 argentum,
802 3469 856 3526 pro
876 3469 934 3525 quo
948 3453 1008 3525 petr
1024 3470 1127 3507 nisset

94 3534 201 3589 rimam
214 3535 282 3605 luit,
310 3547 362 3590 seu
376 3533 545 3589 mentiendo
571 3535 788 3604 occultaretur,
815 3551 988 3590 seuverum
1002 3533 1128 3590 diceudo

94 3614 280 3688 proderetur.
321 3617 454 3692 Namque
466 3618 545 3672 inter
558 3626 706 3672 tormenta
719 3635 804 3674 rteuro
819 3616 967 3674 Christum
982 3618 1128 3673 conlitea-

27 3739 35 3746 .
96 3697 133 3753 do
148 3695 257 3768 amisit3
279 3717 365 3757 nemo
380 3719 497 3770 aurum,
517 3701 576 3757 nisi
590 3693 727 3776 negando
742 3703 881 3756 servavit.
904 3702 1054 3767 Quocirca
1068 3703 1127 3756 uti·

94 3780 170 3836 liora
197 3794 282 3839 erant
308 3784 435 3839 sortasse
461 3792 631 3853 tormenta,
665 3801 740 3856 quae
768 3783 877 3839 bonurn
903 3784 1129 3858 incorruptibile

94 3861 251 3920 curandum
278 3865 432 3938 docebant,
459 3860 547 3944 ¹quam
572 3867 622 3923 ille
649 3865 746 3937 bona,
774 3883 849 3941 quse
876 3867 940 3922 sine
969 3867 1126 3928 ulloutili
