2266 4312
212 181 519 317 ‘aspernantia
542 213 621 272 om
648 212 729 270 um.
752 213 850 273 xnr.
916 277 918 280 ,
984 221 1045 276 ιιι

32 369 59 427 do
70 369 208 425 induimus
223 368 381 441 imaginem
393 371 516 436 terreni,
543 369 697 424 incidamus
710 377 740 424 et
754 365 908 440 imaginem
923 368 985 422 eius
998 371 1049 444 qui

31 453 57 508 de
68 452 135 507 coelo
150 461 205 506 est.
242 449 288 506 Dc
302 449 404 524 quillus
418 451 550 505 omnibus
564 454 731 524 apostolicis
745 448 842 506 verbis
854 451 989 521 superios
1004 453 1047 504 lo-

27 537 190 590 ·cutisumus.
235 532 348 606 Corpus
367 534 458 608 igitur
478 536 619 608 anmralc,
639 523 745 608 in'quo
765 533 889 604 primum
901 530 1049 589 hominem

27 618 100 694 ddum
112 616 223 671 iactuum
236 633 301 672 esse
316 615 387 669 dicit
399 613 568 689 Apostolus,
577 619 618 671 sic
628 625 697 672 crat
710 617 833 684 iactuum,
854 633 914 670 non
927 622 960 668 ut
971 617 1048 670 mori

28 701 127 755 omnino
140 719 201 754 non
215 708 330 772 posset3
346 697 397 752 sed
410 707 441 752 ut
454 718 513 754 non
526 710 702 769 inereretur,
716 700 774 754 nisi
787 695 873 754 homo
886 706 1046 772 peccasset.

27 783 86 838 Nam
102 780 173 837 illud
193 781 273 856 quod
292 783 395 854 spiritu
413 781 730 856 vivificantespiritale
748 782 808 836 crit
823 790 852 835 et
871 782 1047 852 immortale,
1097 827 1102 834 ,

26 867 86 922 aori
97 866 215 922 omnino
229 877 290 920 non
302 867 419 946 poterit.
463 863 548 920 Sicut
567 867 669 922 anima.
683 874 779 921 creata
798 873 843 920 est
862 865 1047 935 immortalis,

26 966 85 1022 quae
97 950 164 1002 licet
176 956 297 1024 peccato
310 955 425 1003 mortua
444 946 629 1022 perhibeatur
650 965 752 1004 carens
771 946 895 1021 quadam
906 949 968 1004 uita
983 964 1047 1017 sua,
1114 943 1127 1001 Ϊ

26 1029 71 1086 hoc
82 1040 138 1101 est,
152 1029 356 1105 Deinpiritu,
379 1048 434 1108 quo
450 1032 697 1104 etiam'sapicnter
711 1040 740 1086 et
753 1032 836 1085 beate
848 1033 950 1086 virere
962 1040 1048 1104 potc-

27 1123 75 1169 rst:
95 1123 193 1168 tamen
206 1114 323 1187 propria
337 1113 475 1186 quadam,
495 1115 566 1168 licct
580 1115 701 1184 misera,
725 1115 786 1170 vita
801 1131 852 1168 sua
865 1133 927 1169 non
941 1112 1050 1169 desinit
1131 1145 1132 1148 ι

26 1198 123 1266 viverc3
137 1198 205 1270 quia
219 1191 392 1251 immortalis
408 1207 452 1250 cst
466 1206 572 1262 ereata.
617 1196 701 1252 Sicut
715 1199 803 1251 etiam
816 1197 980 1252 desertores
995 1215 1049 1252 an-

26 1281 87 1355 geli,
110 1281 181 1335 licet
202 1279 361 1334 secundum
379 1279 503 1334 modum.
516 1279 659 1353 quendam
680 1281 788 1334 mortui
809 1279 1050 1353 sint‘peccand03
1100 1323 1102 1326 .

28 1364 82 1434 quia
93 1363 203 1419 iontem
217 1363 297 1417 ritae
312 1360 512 1432 deseruerunt,
526 1362 575 1436 qui
585 1361 667 1418 Deus
682 1370 737 1432 est,
751 1377 837 1435 quem
849 1363 987 1434 potando,
1002 1381 1050 1418 sa-

26 1446 124 1518 pienter
136 1437 280 1518 beateque
294 1454 431 1517 poterant
446 1446 565 1500 nivere:
590 1453 690 1502 tamen
709 1462 769 1499 non
788 1445 833 1499 sic
849 1447 925 1500 meri
943 1455 1049 1518 potue-

27 1538 91 1598 runt,
106 1537 138 1582 ut
152 1529 273 1582 omnino
285 1521 577 1583 desisterent'vivere
590 1528 814 1600 atqucscntire3
841 1529 978 1600 quoniam
991 1531 1049 1597 im-⁴

28 1613 149 1666 mortales
169 1611 261 1666 creati
280 1620 361 1666 sunt:
390 1618 478 1684 atque
492 1612 534 1665 ita
546 1612 577 1664 in
592 1609 748 1665 secundam
762 1617 885 1663 mortem
898 1619 965 1681 post
978 1613 1049 1665 ulti-
1072 1663 1077 1670 ,

28 1711 92 1748 uum
104 1694 372 1768 praecipitabuntur
385 1693 535 1764 iudicium,
549 1703 583 1747 ut
594 1711 648 1747 nec
660 1689 720 1747 illic
730 1692 792 1747 rita
806 1701 941 1752 careant:
956 1710 1048 1766 quan-

28 1773 56 1830 do
66 1776 177 1852 quidem
190 1777 279 1830 etiam
292 1794 392 1846 sensu,
405 1795 470 1832 cum
483 1779 515 1832 in
529 1775 676 1842 doloribus
691 1775 783 1830 futuri
797 1784 876 1845 sunt,
887 1777 951 1830 ‘non
966 1787 1048 1830 carc-

27 1856 94 1914 huut.
112 1858 171 1914 Sed
185 1857 317 1913 homines
331 1858 367 1913 ad
381 1859 438 1915 Dci
452 1861 576 1936 gratiam
590 1859 865 1932 pertinentescives
880 1867 1049 1938 sanctorum

27 1940 188 2018 Angelorum
207 1943 239 1996 in
252 1942 337 1996 beata
349 1943 410 1998 vita
422 1944 618 2011 manentium,
633 1943 674 1996 ita
687 1942 865 2014 spiritalibus
879 1941 1048 2014 corporibus
1077 1989 1078 1992 ,

28 2023 181 2095 induentur,
201 2034 234 2079 ut
249 2043 344 2099 neque
357 2035 481 2098 peccent
495 2027 629 2098 amplius,
644 2041 737 2099 noque
750 2025 928 2080 moriantur:
956 2041 989 2078 ca
1002 2033 1034 2078 ta
1048 2061 1050 2065 -

28 2124 81 2163 nen
94 2109 313 2165 immortalitate
326 2110 445 2178 vestiti,
460 2125 550 2181 quac,
565 2109 644 2162 sieut
656 2108 846 2184 Angelorum,
861 2125 916 2163 nec
928 2115 1048 2180 peccato
1127 2119 1130 2124 ’

28 2194 105 2261 possit
116 2191 242 2261 auferri3
268 2199 373 2246 natura
386 2190 501 2264 quidem
514 2201 651 2246 manente
666 2193 774 2261 carnis,
796 2188 847 2254 sed
857 2192 936 2246 nulla
952 2191 1047 2244 omni-

27 2289 57 2328 uo
68 2276 174 2330 carnali
190 2274 435 2347 corruptibilitate
447 2275 496 2334 vel
509 2273 646 2328 tarditate
660 2287 838 2330 remanente.
1084 2285 1087 2290 '

83 2355 222 2431 Sequitur
241 2367 339 2411 autem
357 2359 489 2431 quaestio
508 2354 675 2412 necessasso
692 2356 913 2430 pertractanda,
939 2366 969 2412 et
982 2355 1046 2412 De-

26 2439 90 2494 mino
102 2437 166 2496 Deo
179 2440 313 2496 ueritatis
334 2441 491 2513 adiuuante
510 2436 667 2508 solvenda.
692 2440 726 2496 Si
743 2439 833 2494 libido
850 2441 1047 2498 menrbrorum

27 2518 241 2578 mosellensem
255 2541 292 2576 ex
304 2532 425 2602 peccato
445 2522 660 2588 inobedientiae
679 2524 713 2577 in‘
726 2523 785 2576 illis
805 2524 905 2595 primis
918 2521 1046 2578 homini-

26 2599 67 2659 bus
77 2625 138 2661 cum
148 2608 215 2662 illos
227 2606 326 2670 divina
337 2608 434 2683 gratia
447 2605 634 2673 deseruisset,
649 2613 750 2660 exorta
761 2614 819 2674 cst;
833 2604 910 2658 unde
921 2605 951 2661 in
964 2625 1046 2664 suam
1079 2625 1085 2636 ·

27 2686 171 2744 nuditatem
184 2691 284 2745 oculos
299 2699 485 2763 aperuerunt,
499 2688 600 2756 idest,
615 2705 678 2742 eam
690 2687 834 2742 curiosius
847 2685 1045 2758 adverterunt,

27 2778 50 2823 ct
60 2774 121 2845 quia
134 2771 286 2845 impudens
301 2782 398 2838 motus
411 2773 573 2827 voluntatis
587 2769 707 2825 arbitrio
721 2770 889 2840 resistebat,
913 2770 1046 2843 pudenda

26 2858 162 2924 texerunt:
191 2855 334 2929 quomodo
348 2865 448 2910 essent
465 2854 540 2910 filios
562 2854 764 2928 propagaturi,
790 2854 815 2906 si
829 2861 863 2908 ut
877 2855 967 2906 creati
981 2853 1044 2908 iuc-
1092 2915 1093 2920 Ἰ

27 2946 93 3006 not,
118 2940 182 2993 sine
201 2940 454 3011 praevaricatione
473 2939 657 2994 mansissent.
680 2987 684 2992 .
700 2935 759 2992 Sed
771 2937 846 3010 'quia
860 2943 889 2990 et
901 2935 974 3010 liber
989 2937 1045 2990 iste

28 3018 188 3076 claudendus
203 3031 274 3094 cst,
288 3041 342 3078 nec
355 3030 438 3090 tauta
452 3020 582 3095 quaestio
596 3020 628 3074 in
642 3020 783 3075 sermonis
798 3020 948 3096 angustias
962 3035 1045 3072 coar-

28 3101 124 3177 ctanda,
137 3105 170 3162 in
182 3122 248 3164 eum
259 3107 309 3180 qui
320 3106 462 3180 sequitur,
473 3102 667 3159 commodiore
678 3102 871 3178 disputatione
885 3097 1044 3157 differatur.
1082 3157 1084 3162 ,
