2324 4312
130 222 191 280 coc
259 285 262 298 Χ
298 205 301 216 ’
359 209 454 278 u1v1
477 211 666 277 nvnnnn
690 187 945 276 nrcvs'rnn

34 435 42 442 μ
131 371 285 430 coelorum.
326 370 392 426 Alio
411 370 496 426 niodo
512 371 604 448 igitur
623 364 850 446 intelligendum
868 379 910 426 est
926 369 1074 447 regnuncodo
1107 355 1142 428 pin

88 441 91 450 ‚
129 443 207 525 runi,
220 455 271 510 ubi
284 455 367 510 ambo
380 449 458 524 sunt,
472 465 502 540 pt
514 456 563 509 ille
577 454 692 508 scilieet
704 454 757 527 qui
770 455 861 510 solvit
873 453 944 529 quod
955 453 1079 522 donatuli
1107 457 1142 534 Βῆ

71 555 72 560 ’
131 539 282 614 quisunt,
310 535 360 592 sed
374 538 424 592 ille
436 538 593 606 minimus,
602 538 657 591 iste
671 555 813 612 magnus:
840 536 1079 593 aliomodoautenn
1108 539 1142 617 ΙΨ

112 629 115 634 ’
134 617 227 700 guum
240 623 386 678 coelorum
399 619 521 691 dicitur,
548 639 604 694 quo
618 638 678 674 non
692 621 785 676 intrat
799 622 858 676 nisi
871 622 918 676 ille
931 619 1038 694 quilacit.
1059 615 1079 672 lc
1108 616 1142 658 dl

133 723 187 784 per
198 703 253 761 lroc
265 703 315 759 ubi
326 712 480 778 utrumque
493 721 586 780 genus
601 713 658 773 ert,
672 701 808 759 Ecclesia
822 707 882 775 est,
907 705 986 779 qualis
996 707 1078 759 cunrat
1108 685 1142 750 iffi*

134 789 185 844 ubi
197 797 296 844 autem
309 785 381 842 illud
394 789 488 842 solum
501 788 573 858 erit,
586 785 717 842 Ecclesia
731 796 787 857 est,
800 789 893 863 qualis
908 797 969 842 tunc
980 787 1078 857 eritqru-
1108 786 1142 860 Ψ

135 871 172 927 do
186 873 279 927 rnalus
292 871 324 926 in
342 888 377 924 ea
395 885 456 924 non
477 873 543 925 erit.
585 869 665 948 Ergo
679 868 814 926 Ecclesia
833 881 863 926 et
880 889 955 926 nune
971 879 1006 924 est
1018 881 1082 944 regnu
1108 849 1142 907 du

37 953 41 958 ’
135 953 245 1012 Christi
265 959 446 1029 regnumque
469 955 624 1009 coelorum.
666 951 806 1030 Regnent
819 956 915 1029 itaque
927 971 983 1009 eun
996 953 1031 1006 illc
1041 949 1083 1005 eur
1110 949 1142 990 ¹¹⁹³

134 1055 214 1094 nunc
228 1037 322 1091 sancti
336 1036 414 1105 eius,
442 1037 527 1091 aliter
546 1036 678 1112 quidem,
705 1055 793 1118 quan}
812 1046 885 1093 tunc
905 1029 1046 1113 regnabunt:
1059 1046 1084 1084 ut
1112 1016 1142 1106 dil

135 1130 232 1176 tamen
246 1137 311 1174 curn
323 1119 374 1173 illo
387 1129 516 1195 regnant
526 1121 650 1190 zizania,
665 1121 795 1193 qrrnmvis
808 1122 839 1176 in
847 1119 972 1178 Ecclesia
982 1137 1029 1173 cun
1037 1113 1086 1170 titio
1115 1111 1142 1171 ll

135 1211 277 1258 crescant.
320 1199 460 1278 Regnent
476 1205 553 1259 eninr
574 1205 707 1274 cunrillo
727 1205 776 1277 qui
794 1202 906 1258 iaciunt
923 1197 1087 1277 quodlpsnlc
1115 1175 1142 1257 lp

32 1283 33 1286 ’
135 1286 190 1341 ait:
217 1283 252 1340 Si
271 1287 482 1342 resurrexistis
501 1305 564 1342 cunc
583 1285 717 1354 Christo,
745 1304 820 1362 quae
837 1303 951 1352 sursum
968 1280 1090 1356 austrapio
1114 1272 1134 1319 Μ

134 1368 186 1424 udi
207 1365 344 1424 Christus
368 1379 413 1425 cst
436 1370 466 1425 in
490 1371 615 1426 dexteru
635 1367 696 1445 Dei
717 1371 838 1425 sedens:
864 1388 938 1445 quae
957 1383 1046 1423 euroin
1060 1367 1090 1416 sul
1115 1341 1142 1400 im

88 1483 91 1494 ι
136 1453 282 1525 quaerite,
295 1469 351 1507 non
365 1469 439 1527 quae
452 1469 541 1528 anper
555 1462 676 1508 terram.-
704 1451 750 1507 De
764 1451 899 1526 qualibus
912 1454 978 1506 item
989 1450 1050 1517 dicit,
1058 1439 1095 1518 qud
1117 1439 1142 1482 ll

74 1535 76 1548 '
136 1541 238 1590 corum
250 1535 435 1590 conversatio
449 1537 488 1589 sit
505 1536 537 1590 in
552 1537 649 1590 coelis.
692 1531 845 1590 Postremo
868 1543 991 1612 regnant
1010 1550 1055 1588 eun
1068 1528 1097 1592 'lu
1120 1521 1142 1578 μ’

60 1609 63 1616 ’
137 1618 189 1690 qui
202 1636 236 1672 eo
249 1616 334 1673 modo
348 1626 417 1673 sunt
432 1619 464 1672 in
477 1635 570 1695 regno
584 1620 662 1689 eius,
675 1627 709 1672 ut
721 1620 781 1673 sint
793 1619 883 1674 etiam
894 1620 950 1692 ipsi
961 1612 1100 1694 regnando
1136 1595 1141 1644 i

123 1699 291 1780 Quomodo
315 1711 411 1756 autem
426 1710 503 1756 sunt
525 1720 650 1778 regnum
669 1699 795 1772 Christi,
823 1703 891 1778 qui,
918 1712 951 1757 ut
970 1702 1103 1758 aristarco

68 1813 71 1822 .
138 1785 269 1858 quamvis
288 1785 330 1840 ibi
343 1785 404 1839 sint
417 1783 508 1842 donec
523 1786 699 1861 colligantur
713 1786 745 1840 in
758 1784 817 1840 fine
830 1785 940 1840 saeculi
953 1785 986 1840 d'e
996 1778 1105 1860 regnerio
1130 1773 1142 1809 i

138 1867 237 1923 omnia
262 1865 418 1937 scandala,
444 1876 541 1924 tamen
567 1869 628 1924 illic
652 1885 703 1923 sua
728 1878 892 1942 quaerunt,
918 1887 978 1924 non
1001 1861 1108 1942 quaein
1135 1856 1142 1891 ⁸

107 1947 267 2007 —Christil
856 1989 858 1998 ι
913 2017 917 2021 ,
1136 1927 1142 1974 i

205 2034 251 2091 De
264 2034 319 2104 hoe
333 2053 404 2112 crgo
416 2052 509 2113 regno
519 2034 656 2104 militiae,
669 2035 701 2090 in
715 2052 772 2110 quo
785 2032 879 2090 adhuc
893 2053 959 2090 cum
971 2033 1045 2090 hoste
1055 2024 1113 2088 cccli

49 2119 52 2126 ’
138 2119 237 2196 gitur,
251 2128 281 2174 et
294 2109 451 2193 aliquando
465 2126 648 2196 repugnatur
660 2117 892 2194 repugnantibus
905 2120 1000 2190 vitiis,
1014 2108 1119 2190 aliqunto*

138 2197 308 2258 cedentibus
322 2203 498 2274 imperatur,
519 2201 615 2256 donec
638 2203 776 2276 veniatur
800 2201 838 2256 a'd
859 2203 935 2258 illud
956 2200 1118 2278 pacatissimo

94 2303 96 2308 ’
137 2301 277 2360 regnum,
300 2285 351 2358 ulli
371 2281 435 2341 sine
454 2283 540 2341 hoste
558 2284 742 2362 regnabitur,
769 2285 847 2340 etde
860 2283 916 2342 liac
930 2289 1022 2359 prinis
1036 2295 1120 2339 resurr

139 2369 236 2422 ctione
254 2385 330 2442 quae
350 2386 429 2424 nunc
449 2378 512 2438 cst,
540 2368 613 2423 liber
630 2369 685 2422 iste
705 2369 747 2424 sic
766 2370 906 2444 loquitur.
951 2369 1021 2426 Cum
1033 2360 1121 2422 enind-

138 2452 243 2524 xiseet,
257 2453 374 2530 alligari
385 2451 530 2507 diabolum
544 2453 623 2507 mille
636 2453 737 2523 annis,
751 2461 781 2507 et
792 2461 898 2527 postea
913 2454 990 2509 solvi
1001 2452 1074 2508 bren
1083 2457 1123 2503 ten

110 2537 226 2609 '·porc;
256 2553 322 2595 nrox
339 2534 558 2618 recapitulando
574 2533 645 2609 quid
663 2535 696 2590 in
714 2536 778 2590 istis
791 2537 872 2592 mille
885 2539 974 2593 annis
988 2530 1125 2614 agatEcdr

39 2683 44 2690 ἱ
122 2619 182 2672 'sia
194 2620 242 2674 vel
254 2630 359 2696 agatur
373 2621 405 2675 in
419 2637 466 2688 ea,
493 2616 535 2674 Et
552 2619 630 2688 eidi,
655 2619 766 2692 inquit,
791 2620 876 2677 sedes
891 2630 924 2676 et
938 2622 1064 2678 cedentes
1074 2629 1127 2692 rupo

112 2763 115 2767 ¹
137 2711 208 2771 ecs,
233 2712 264 2759 et
277 2703 417 2759 iudicium
431 2703 598 2764 detumeat.
637 2699 704 2756 Non
716 2700 772 2758 hoe
784 2702 953 2776 putandum
966 2712 1010 2758 est
1022 2702 1054 2757 de
1065 2701 1129 2756 ulto

136 2783 247 2841 iudicio
263 2785 334 2841 dici:
361 2784 413 2840 sed
426 2783 508 2840 sedes
522 2785 766 2858 praepositorum,
794 2795 824 2841 et
837 2787 895 2860 ipsi
907 2788 1062 2861 praepositi
1077 2779 1129 2839 ind

29 2929 35 2942 p
131 2868 250 2945 ¹ligendi
263 2877 349 2939 sunt,
362 2886 416 2942 per
429 2885 502 2944 quos
512 2867 645 2923 Ecclesia
657 2886 734 2924 nunc
748 2869 945 2946 gubernatur.
969 2868 1130 2926 ludicionu

136 2961 197 3007 tern
210 2951 310 3007 datum
322 2953 433 3007 nullum
446 2952 548 3006 melius
562 2951 763 3026 accipiendum
775 2951 911 3024 videtur,
937 2959 1027 3029 'quam
1047 2952 1073 3008 id
1087 2940 1132 3025 qod

137 3033 248 3091 dietum
262 3044 321 3092 est:
351 3033 435 3104 Quae
449 3035 618 3110 ligaveritis
632 3037 663 3092 in
676 3037 776 3107 terra,
804 3035 906 3112 ligole
921 3047 1010 3094 eruut
1023 3047 1051 3094 et
1061 3039 1086 3092 in
1096 3048 1132 3089 ort

137 3116 183 3192 103
207 3128 237 3175 et
251 3137 325 3194 quae
338 3118 486 3174 solveritis
500 3120 531 3174 in
541 3128 644 3190 terro,
666 3119 765 3174 solute
779 3130 870 3176 erunt
881 3131 912 3177 et
925 3123 958 3178 in
972 3120 1056 3178 coelo,
1083 3111 1134 3172 vlle

91 3207 94 3211 '
137 3199 308 3275 Apostolus,
337 3200 417 3270 Quid
428 3203 504 3258 enim
516 3200 591 3258 mili
603 3213 674 3272 est,
688 3203 800 3276 inquit,
823 3195 922 3260 deliis
936 3207 989 3281 qui
1001 3201 1080 3274 soris
1093 3200 1134 3256 ssd

137 3282 292 3362 iudicare?
315 3282 463 3341 Neurode
476 3282 584 3360 lisque·
602 3287 683 3352 intus
699 3296 769 3342 sunt
786 3303 837 3342 uos
857 3283 1029 3344 iudicetis?
1051 3285 1086 3341 Et
1097 3279 1136 3338 cri

136 3363 217 3438 mue,
237 3369 352 3441 inquit,
373 3371 530 3424 occisorum
538 3371 668 3446 propter
682 3371 881 3425 testimonium
894 3367 984 3440 Iesu,
1010 3374 1137 3448 ctprcpld

136 3450 255 3508 verdum
267 3449 343 3508 Dei:
366 3441 536 3506 subauditur
549 3451 625 3525 quod
637 3462 737 3526 postea
751 3451 882 3508 dicturus
896 3463 960 3525 est,
975 3449 1138 3528 regnarunt

137 3527 201 3588 cum
219 3531 289 3590 Iesu
308 3535 388 3591 mille
407 3537 509 3603 uanis,
535 3536 650 3598 aniinae
664 3537 776 3592 scilicet
789 3531 957 3610 Martyrum
977 3524 1138 3592 nondunsili

139 3616 309 3690 corporibus
324 3619 385 3673 suis
403 3616 535 3674 redditis.
575 3617 678 3693 Neque
693 3622 771 3674 enim
784 3621 901 3694 piorum
914 3622 1030 3676 animae
1045 3621 1137 3671 mortit-

138 3713 203 3753 rurn
219 3710 392 3772 separantur
405 3702 439 3756 ab
454 3699 596 3772 Ecclesia,
611 3719 686 3777 quae
700 3704 786 3759 etiam
801 3719 880 3760 nunc
894 3712 941 3758 est
954 3719 1071 3780 regnum
1082 3691 1138 3754 Chfr

79 3840 83 3842 .
142 3779 191 3834 sti.
230 3781 369 3857 Alioquin
387 3803 443 3840 nec
462 3784 498 3840 ad
511 3779 603 3840 altare
615 3784 673 3842 Dei
685 3785 769 3842 lieret
782 3801 883 3845 eorum
895 3783 1073 3841 memoriain
1085 3793 1137 3833 ιω·

141 3864 342 3923 manicatione
356 3868 486 3941 corporis
501 3866 626 3943 Christi3
652 3869 835 3949 nec‘aliquid
850 3868 1005 3948 prodesset
1016 3865 1049 3924 ad
1059 3857 1135 3921 cirri·
