2340 4320
230 169 295 260 'nu
316 149 641 268 cincinnum
673 198 753 256 ure.
776 198 828 280 vr.
997 205 1056 260 roe

53 371 96 431 tur,
118 357 167 414 'scd
187 365 220 412 ut
234 374 301 411 cum
313 355 364 409 illa
377 352 541 427 respuenda
553 352 795 429 intelligeretur3
821 365 909 432 atque
930 359 972 413 ita
993 362 1056 430 sinc

14 439 18 496 l
47 444 155 518 periculo
169 457 271 498 eorum
283 439 334 513 qui
344 437 462 494 ciuilem
470 434 648 513 theologiam
657 433 871 508 reprehendere
879 442 1057 514 metuebant,
1125 475 1130 490 «

15 553 16 580 1
47 529 329 602 utraquecontcmta,
357 537 491 594 coquam
501 520 664 575 naturalem
676 527 798 589 vocant,
825 521 901 598 apud
921 525 1057 583 meliore.

14 611 17 632 ²
45 612 139 666 rnimoa
158 607 311 663 inveniret
325 605 433 659 locuni.
474 601 549 659 Nanr
563 611 592 657 et
604 602 700 659 civilis
713 610 744 658 ct
755 601 888 662 fabulosa
899 607 1001 664 ambae
1013 608 1057 664 la·

44 695 144 750 bulosee
156 697 229 746 sunt
247 687 407 761 ambaeque
433 686 547 743 cirilcs:
574 685 672 740 ambas
686 686 819 742 inveniet
829 687 995 762 fabulosos,
1008 693 1060 766 qui

42 777 170 832 vanitates
185 783 217 828 et
233 771 450 827 obscoenitates
463 768 611 824 ambarum
624 767 782 841 prudenter
795 771 972 846 inspexerit3
997 791 1058 832 am-

13 857 14 882 l
43 861 85 915 bas
96 859 190 913 civiles
205 855 258 930 qui
279 852 366 909 ludos
379 852 512 908 scenicos
524 853 705 924 pertinentes
713 851 755 907 'ad
767 852 928 922 fabulosam
936 858 973 913 in
987 856 1059 913 deo·

46 961 101 997 rum
121 941 247 996 cirillum
261 935 470 999 festivitatibus
485 936 559 990 etin
573 935 689 990 urbium
697 933 809 992 divinis
821 939 910 995 rebus
923 935 1058 998 adverte-

49 1027 90 1080 rit.
126 1021 272 1091 Quomodo
298 1021 390 1096 igitur
414 1019 494 1074 ritae
506 1026 643 1083 aeternae
656 1016 768 1078 dandae
780 1021 909 1094 potestas
924 1025 1060 1099 cuiquam

51 1108 148 1163 deorum
159 1108 287 1161 istorum
300 1103 456 1172 tribuitur,
475 1118 546 1175 quoa
560 1118 612 1156 sua
625 1102 780 1158 simulacra
792 1112 822 1159 et
836 1123 922 1162 sacra
934 1109 1058 1164 conrin-

48 1200 118 1261 cunt,
141 1190 197 1245 diis
209 1187 356 1243 fabulosis
370 1185 552 1260 apertissime
564 1185 727 1257 reprobatis
740 1203 805 1240 esec
821 1189 983 1246 simillimos
997 1183 1059 1247 for'·

46 1275 101 1345 nis,
124 1272 287 1341 aetatibus,
302 1286 395 1337 sexu,
406 1265 522 1337 habitu,
535 1269 698 1345 coniugiis,
711 1272 969 1345 generationibus,
992 1273 1060 1330 riti-

45 1357 100 1428 bus,
123 1359 154 1413 in
168 1354 277 1431 quibus
291 1351 426 1410 omnibus
439 1359 490 1406 aut
511 1348 642 1406 homines
664 1351 757 1406 fuisse
780 1353 1004 1432 intelliguntur,
1031 1367 1061 1414 et

46 1457 84 1513 pro
96 1440 331 1510 uniuscuiusque
343 1436 405 1492 vita
417 1436 465 1490 vel
477 1442 570 1490 morte
583 1449 666 1490 sacra
681 1435 724 1489 eis
739 1445 770 1490 et
791 1439 924 1494 solennia
948 1443 1059 1512 consti-

46 1533 108 1594 tuta,
130 1521 212 1579 hunc
226 1537 361 1576 errorem
371 1517 589 1580 insinuantibus
603 1517 845 1592 firmantibusque
860 1519 1059 1596 daemonibus,

44 1615 82 1662 rut
93 1617 169 1663 certe
183 1623 223 1660 cx
236 1603 367 1678 qualibet
390 1601 544 1660 occasione
557 1600 781 1658 immundissimi
794 1604 912 1675 spiritus
925 1605 1059 1662 fallendis

44 1687 160 1748 humanis
175 1687 325 1745 mentibus
339 1680 511 1762 irrepsisset

293 1883 297 1896 t
436 1801 505 1894 cu
526 1835 557 1891 r.
601 1833 669 1891 1x.
805 1901 820 1920 Α

310 1932 353 1985 De
370 1931 468 2000 officiis
483 1929 650 2002 singulorum
664 1933 780 1986 deorum.
917 1976 925 1992 κ

12 2033 13 2040 ’
98 2029 174 2096 Quid
198 2028 262 2101 ipsa
285 2024 436 2080 numinum
451 2017 619 2080 officiatem
631 2024 732 2080 viliter
753 2023 976 2098 minutatimque
991 2041 1062 2081 con-

37 2117 103 2183 cisa,
129 2119 251 2188 propter
273 2106 350 2182 quod
373 2106 416 2160 eis
440 2104 542 2161 dicunt
558 2124 611 2180 pro
625 2108 854 2183 uniuscuiusque
866 2107 983 2183 proprio
996 2127 1062 2188 mu7

35 2215 98 2252 nere
118 2193 281 2269 supplicari
296 2199 445 2264 oportere,
472 2187 551 2244 unde
565 2207 625 2246 non
639 2190 755 2264 quidem
768 2193 881 2261 cumin,
907 2191 960 2264 sed
972 2194 1064 2250 multa

34 2281 90 2334 iam·
100 2278 247 2346 diximus,
274 2291 371 2346 nonne
385 2273 558 2330 scurrilitati
571 2273 720 2344 mimicae,
744 2291 830 2348 quani
852 2277 969 2332 divinae
993 2294 1077 2332 con-s
1128 2287 1130 2290 '

38 2371 138 2417 sonant
152 2353 325 2438 dignitati?
352 2354 386 2412 Si
410 2354 482 2410 duas
508 2353 662 2433 quisquam
688 2359 817 2416 nutrices
843 2358 994 2436 adhiberet
1016 2362 1063 2426 in,
1114 2417 1117 2426 Ι

38 2444 124 2514 fanti,
137 2431 260 2520 quarum
273 2457 332 2496 una
346 2438 419 2496 nihil
431 2439 490 2494 nisi
503 2453 615 2510 escam,
635 2440 727 2496 altera
741 2440 815 2496 nihil
827 2444 887 2498 nisi
899 2451 998 2516 potum
1012 2443 1063 2499 da·
1076 2501 1078 2506 ,

38 2538 95 2598 ret,
119 2530 194 2584 sicut
207 2527 262 2582 isti
275 2521 378 2580 adhoc
392 2521 463 2577 duas
476 2519 672 2578 adhibuerunt
685 2523 769 2595 deas,
796 2524 927 2581 Educanr
940 2533 970 2580 et
982 2525 1063 2583 Poti-

33 2631 110 2668 narn:
129 2611 243 2684 'nempe
257 2608 403 2681 desipere,
431 2613 461 2660 ot
486 2603 597 2679 aliquid
621 2606 710 2660 mimo
736 2608 831 2663 similo
856 2609 889 2664 in
912 2626 965 2665 sua
978 2609 1062 2667 domo
1137 2657 1139 2662 ,

30 2694 291 2776 agercvideretur.
315 2689 471 2747 liberum
493 2687 724 2745 e·libcramento
751 2693 927 2765 appellatum
948 2695 1063 2765 volunt,

31 2779 105 2855 qnod
117 2795 216 2836 mares
230 2777 261 2831 in
276 2772 405 2832 cotundo
418 2789 470 2847 per
484 2769 546 2826 clus
566 2771 741 2828 beneficium
767 2776 880 2831 emissis
905 2777 1064 2832 seminibus
1107 2791 1111 2802 ‘

31 2863 209 2920 liberentur:
236 2858 292 2915 hoc
315 2858 391 2913 idem
413 2855 445 2911 in
458 2854 575 2911 leminis
589 2855 840 2933 agercbiberam,
867 2874 953 2934 quam
977 2861 1065 2923 etiarn
1140 2885 1157 2900 e

30 2945 177 3002 Venerem
188 2950 312 3018 putant,
331 2940 408 3015 quod
421 2947 451 2994 et
462 2939 541 3013 ipsas
553 2935 726 3014 perhibeant
739 2943 851 2999 semina
862 2945 1009 3014 emittere3
1036 2952 1065 2998 et
1138 2957 1142 2965 ’

29 3032 63 3087 cb
76 3029 133 3086 hoc
147 3027 259 3084 Libero
284 3025 404 3081 candem
422 3023 537 3079 virilem
550 3025 680 3098 eorporis
693 3028 851 3098 partemin
864 3028 969 3100 templo
982 3027 1063 3098 poni,

29 3115 187 3172 femineam
200 3108 344 3167 Liberae,
367 3105 411 3164 Ad
422 3104 494 3162 baec
507 3106 616 3163 addunt
629 3108 766 3165 mulieres
780 3110 933 3165 attributas
947 3108 1064 3178 Libero,

29 3207 57 3253 ct
80 3199 189 3254 vinum
216 3202 336 3266 propter
361 3189 511 3246 libidinem
537 3190 749 3252 concitandam.
793 3191 843 3249 Sic
871 3190 1064 3247 Bacchanalia
1142 3198 1143 3204 ’

29 3299 139 3338 somma
154 3277 342 3334 celebrantur
355 3275 478 3330 insania.
497 3275 503 3298 l
520 3271 575 3329 Vbi
589 3271 681 3342 Varro
694 3276 757 3350 ipae
772 3275 945 3341 confitetur,
958 3291 976 3328 a
989 3272 1063 3329 Bac-

30 3360 272 3421 chantibustalia
285 3357 351 3414 fieri
362 3355 578 3430 nonpotuisse‚
606 3358 664 3417 nisi
677 3366 774 3414 niente
788 3365 938 3414 commota.
981 3354 1064 3413 Haec

30 3457 124 3504 tamen
138 3451 245 3522 postca
258 3441 473 3514 displicuerunt
485 3441 598 3496 senatui
611 3441 741 3511 saniori,
756 3451 785 3497 ct
799 3459 834 3496 ea
846 3438 933 3510 iussit
943 3437 1062 3495 auferri.

29 3529 139 3587 Saltem
161 3528 213 3584 hic
235 3525 357 3582 tandein
379 3523 502 3580 forsitan
527 3532 684 3580 senserunt
695 3523 763 3598 quid
778 3518 919 3579 immundi
931 3520 1063 3595 spiritus,

30 3613 93 3671 dum
105 3631 161 3690 pro
174 3611 234 3667 diis
247 3607 409 3677 habentur,
434 3607 467 3661 in
479 3603 629 3663 hominum
649 3607 764 3679 possint
786 3602 955 3676 mcntibusr·
976 3603 1063 3663 Haeo

32 3709 103 3754 certe
118 3715 182 3754 non
197 3693 312 3749 fierent
324 3689 356 3744 in
368 3687 498 3746 theatris.
542 3688 660 3746 Ludunt
672 3689 776 3761 quippe
790 3687 847 3756 ibi,
865 3700 934 3770 'nou
947 3683 1064 3746 furunt:

32 3783 154 3854 quamvis
182 3777 260 3832 deos
286 3771 407 3843 babere,
432 3773 480 3847 qui
494 3772 581 3828 etiam
594 3771 669 3827 ludis
684 3767 789 3830 talibus
804 3769 996 3843 delectentur,
1024 3774 1064 3828 si-

30 3866 87 3922 nilc
98 3867 137 3924 sit
150 3859 283 3922 suroris.
353 3877 372 3910 .·
