2310 4306
158 227 219 287 oa
242 215 466 289 crvrr‘nru
490 229 568 289 oar
589 229 669 290 arn.
692 231 820 294 xvrn.
869 234 873 252 ·
932 217 1004 298 ‘rsa

4 391 33 432 ι
46 395 76 434 ea
92 365 221 456 tempora
240 381 289 437 isti
308 383 390 438 velut
407 380 504 438 fontes
523 381 691 458 prophetiae
709 386 819 458 pariter
833 397 1003 462 eruperunt,
1084 445 1087 450 .

7 461 83 517 ando
96 481 221 540 regnum
235 463 342 519 defecit
354 465 516 538 Assyrium,
531 468 685 540 coepitque
697 465 876 524 Romanurn:
900 480 934 525 ut
947 474 1003 526 sci-

4 554 49 599 et
62 544 300 619 quemadmodum
322 548 408 624 regni
425 547 613 622 Assyriorum
630 550 869 628 prirnotempore
888 554 1003 610 exstitit

4 625 126 696 naham,
152 629 199 682 cui
214 631 423 701 promissiones
438 631 639 702 apertissimae
651 629 758 687 fierent
770 634 801 688 in
814 633 878 688 eius
892 635 1004 691 semine
1088 633 1092 638 ’

4 709 179 766 ncdietionis
205 713 349 768 omnium*
361 713 512 789 gentium,
550 713 593 768 ita
617 713 814 770 occidentalis
842 714 1003 790 Babylonis

4 791 99 862 ordio,
113 811 170 867 qua
183 793 281 848 iuerat
292 792 425 850 Christus
439 796 602 868 imperante
617 805 770 868 venturus,
784 799 816 853 in
830 795 886 871 quo
899 800 1003 871 imple-

4 873 71 930 ntur
83 877 134 930 ilia
146 877 290 949 promissa
304 879 423 932 oracula
435 874 663 950 Prophetarum,
688 897 748 934 non
767 881 861 936 solum
878 882 1002 955 loquen-

4 975 57 1027 Jn,
79 963 182 1014 v'crum
202 960 290 1032 etiam
308 960 500 1015 scribentium
513 961 545 1016 iu
563 968 664 1029 tantae
678 963 724 1016 rei
737 961 855 1018 suturae
868 966 1012 1020 testimo·¹
1116 1021 1119 1030 .

4 1041 255 1104 amsoiverentur.
290 1041 362 1098 Cum
375 1043 454 1098 enim
468 1027 631 1114 Prophetae
649 1044 798 1118 nunquam
816 1045 878 1100 fere
892 1046 1003 1124 deficis-
1040 1075 1042 1082 v

4 1131 35 1177 at
44 1125 150 1196 populo
165 1122 272 1194 lsrael,
296 1139 336 1179 cx‘
353 1143 408 1198 quo
427 1123 469 1179 ibi
486 1142 571 1202 reges
591 1141 657 1180 csse
671 1127 844 1198 coeperunt,
873 1130 904 1184 in
917 1147 1003 1186 usum

4 1205 165 1262 rtummodo
180 1207 385 1279 eorumfuere,
399 1225 460 1264 non
473 1210 617 1285 gentium.
631 1207 753 1277 Quando
767 1219 867 1284 autem*
878 1229 913 1266 ea
926 1214 1001 1267 seri-

4 1303 48 1343 rra
61 1287 246 1344 manifestius
259 1287 430 1363 prophetica
445 1287 642 1360 condebatur,
667 1291 742 1363 quac
754 1293 891 1368 gentibus
906 1312 1001 1368 quan·
1090 1323 1091 1328 κ

4 1387 56 1446 pne
67 1367 243 1446 prodesset,
263 1375 336 1428 tunc
350 1373 503 1446 oportebat
516 1375 661 1445 inciperet
682 1369 839 1450 [incipere]
847 1412 857 1445 ,
883 1372 1017 1452 quando*

4 1453 144 1523 {debatur
156 1451 357 1525 haeccivitas,
372 1473 446 1532 quae
458 1455 595 1533 gentibus
608 1456 775 1530 imperaret.

294 1603 416 1664 ΟΜ).
459 1603 658 1662 xxviii.

7 1697 53 1758 ,hir
64 1715 136 1768 poce
145 1699 183 1752 cd
191 1699 488 1822 Evangeziumctpptt
494 1701 642 1821 perttinent,
657 1700 724 1768 qaid
734 1697 801 1754 Osee
811 1708 839 1755 et
851 1700 930 1755 Amor
937 1719 1000 1772 pro.

388 1787 409 1838 p
429 1786 550 1822 caverna
566 1807 573 1821 .

19 1874 214 1952 Osce·igitur
226 1870 385 1948 Propheta,
410 1884 519 1952 quanto
532 1875 709 1949 profundius
729 1875 843 1951 quidem
858 1877 999 1952 loquitur,

4 1967 41 2014 ito
58 1959 212 2032 operosius
225 1965 406 2031 penetratur.
439 1956 499 2014 Sed
509 1957 620 2033 aliq-uid
634 1949 702 2015 inde
718 1959 886 2015 sumendum
901 1969 955 2031 est,
971 1970 1001 2018 et

16 2059 58 2096 ex
71 2050 177 2096 nostra
187 2041 384 2113 promissione
396 2041 570 2113 ponendum.
607 2039 651 2097 Et
664 2043 735 2111 erit,
757 2043 872 2117 inquit,
892 2044 923 2098 in
938 2042 999 2100 loco

4 2141 10 2180 r
24 2125 139 2180 dictum
154 2117 273 2191 erreis,
300 2119 363 2178 Non
370 2123 500 2200 popolus
515 2141 594 2179 mcor
607 2141 675 2193 coc,
700 2125 882 2181 vocabuntur·
896 2135 927 2181 et
940 2127 1001 2204 epm

4 2206 94 2263 i'Dee'
105 2206 177 2260 orbi.
211 2203 276 2262 Hoc
293 2206 495 2264 testimonium
512 2205 714 2280 propheticum
728 2205 931 2264 devocatione
943 2227 999 2281 po-

4 2290 18 2344 i
31 2288 180 2366 gentium,
194 2289 246 2362 qui
257 2288 338 2361 prius
352 2290 417 2344 non'
425 2289 591 2360 pertinebat
601 2288 637 2345 ad
648 2287 755 2360 Deum,
769 2291 856 2346 ctiam
866 2289 1000 2363 Apostoli
1098 2313 1099 2316 ¹

4 2375 179 2427 euenerunt.
206 2368 246 2426 Et
260 2371 328 2444 quia
337 2371 404 2444 ipse
418 2389 533 2446 quoque
545 2373 667 2445 populus
681 2369 813 2448 g'cntiurn
827 2374 999 2447 spiritaliter

10 2456 48 2510 'in
61 2453 133 2508 filiis
147 2451 296 2524 Abrabae,
321 2471 355 2509 ce
366 2472 420 2527 per
432 2452 486 2509 hoc
499 2462 579 2508 recte
594 2453 702 2510 dicitur
715 2454 817 2526 lsra‘e'l,
840 2466 998 2529 propterea

4 2537 101 2612 piitur,
120 2533 249 2593 et'dicit:
271 2535 314 2592 Et
336 2536 597 2611 congregabuntur
608 2536 673 2606 fila·
687 2533 765 2592 Indo
779 2537 886 2607 etfile'i
898 2535 1001 2596 [erati

4 2620 142 2696 idaeam,
157 2627 187 2690 et
192 2625 306 2695 poneret
318 2619 436 2675 sibimet
441 2620 650 2694 principatum
663 2635 760 2686 unum,
773 2627 803 2673 et
816 2620 998 2677 adscendent

4 2719 87 2756 erra.
107 2698 174 2757 Hoc
187 2701 214 2755 si
227 2699 319 2757 adhuc
333 2702 457 2758 velimus
472 2717 630 2773 exponere,
644 2701 752 2773 eloquii
766 2699 931 2773 prophetici
944 2702 996 2758 ob·

4 2781 98 2838 rdetar
111 2799 209 2856 sapor.
246 2782 407 2839 Recclatur
423 2792 521 2838 tamen
540 2784 612 2856 lapis
630 2784 681 2838 illo
702 2783 872 2859 angularis,
892 2791 924 2843 ct
939 2784 997 2841 duo

22 2867 162 2938 parietes,
186 2872 263 2921 uuus
275 2883 319 2934 ‚ex
333 2866 466 2935 Iudaeis,
488 2867 563 2920 aiter
577 2864 785 2936 echntibu13
813 2866 863 2922 ille
877 2867 997 2922 nomine

4 2965 85 3003 aram
96 2947 178 3019 iuda,
191 2950 248 3003 iste
261 2951 381 3004 nominc
394 2949 521 3003 filiorum
531 2947 632 3019 lersbl,
647 2949 739 3004 cidem
754 2948 806 3003 uni
818 2949 998 3021 principatui

4 3045 17 3081 ι
29 3029 196 3104 inidipsum
210 3032 381 3102 innitentes,
396 3040 426 3086 ct
439 3030 650 3086 adscendentes
664 3039 864 3108 agnoscantur
876 3047 893 3086 a
906 3039 995 3086 terre.

4 3127 38 3166 nc
57 3123 154 3168 cutem
177 3116 309 3169 carnales
324 3113 487 3182 israelitas,
514 3115 564 3188 qui
589 3132 667 3170 nune
690 3116 797 3170 nolunt
814 3113 939 3168 ¹credere
962 3114 995 3170 iu

4 3193 116 3266 rictum,
137 3207 240 3268 postca
254 3196 434 3267 credituros,
448 3195 551 3266 idest,
569 3196 646 3252 filios
660 3215 777 3267 eorum,
799 3189 881 3275 (nam
894 3196 997 3270 utique

4 3273 15 3326 ἱ
29 3275 54 3332 iu
65 3281 260 3335 suumiocum
273 3280 424 3335 moriendo
438 3275 638 3356 transibunt,)
658 3279 735 3334 idem
748 3276 891 3352 Propheta
904 3272 996 3334 testa·

4 3373 31 3426 ',
50 3360 159 3426 dicens:
190 3361 335 3431 Quoniam
352 3362 453 3418 diebus
470 3362 571 3419 multis
589 3359 807 3430 sedebunt'filii
820 3355 920 3417 [crud
932 3362 997 3420 aino

4 3454 44 3509 ζα,
55 3447 117 3502 cine
127 3448 281 3522 principe,
293 3447 357 3500 cine
370 3443 531 3514 conficio,
544 3446 608 3501 eine
621 3444 727 3512 altori,
741 3446 805 3498 cine
818 3443 996 3513 sacerdotio,

4 3533 30 3573 Μ
39 3519 339 3598 manifestationibus.
353 3527 424 3592 Quis
437 3545 497 3582 non
510 3526 619 3596 videat,
633 3543 713 3581 nanc
727 3527 770 3581 sic
785 3519 996 3581 csseludaeosi

4 3597 99 3690 flquid
112 3609 272 3686 adiungat,
295 3609 454 3664 audiemus.
491 3608 533 3665 Et
539 3614 658 3685 posteo,
681 3609 787 3682 inquit,
807 3617 997 3664 revertentur·

4 3683 137 3762 'ilci-att,
152 3702 183 3748 et
197 3693 350 3766 inquirent
359 3689 516 3747 Dominum
525 3689 621 3746 Deum
634 3708 726 3760 suum,
741 3701 771 3746 et
783 3687 887 3745 David
898 3709 998 3766 regem

4 3777 55 3827 ’ἣν
68 3785 99 3831 et
111 3783 285 3852 stupescent
296 3775 327 3827 in
342 3771 478 3842 Domino,
492 3782 522 3829 et
534 3776 564 3828 in
577 3773 659 3828 bonis
672 3775 774 3850 ἐρείπια,
788 3773 819 3827 in
832 3775 998 3830 nouissimis
1038 3823 1042 3832 .

4 3840 67 3983 gu.
102 3855 185 3914 Nihil
199 3864 248 3912 est
260 3853 481 3932 ista‘propbctic
498 3853 696 3925 manifestius,
721 3873 788 3912 cum
801 3849 885 3932 [qua]
901 3853 999 3914 David
