2362 4312
140 186 180 240 ro
354 174 450 234 orvs
483 137 667 237 ινιιιιιι
699 163 953 236 nvevsrmu
993 235 1008 264 ,l

102 320 104 326 ἲ
150 332 264 388 sfianac
278 318 607 406 religionitribuerent,
635 327 661 382 si
678 328 736 384 iam
753 335 824 384 tunc
842 325 1023 408 Evangelice
1037 328 1170 390 doctrino

146 415 288 472 adversus
301 412 395 468 falsos
410 419 440 466 et
458 407 577 476 fallaces
596 428 698 466 eorum
714 409 784 492 deos
794 411 1009 476 'testificatione
1023 415 1163 472 liberrime

144 505 326 574 personaret.
662 557 663 564 χ

461 659 463 666 ,
532 589 654 650 CAP.
701 589 776 675 Ill.
823 611 824 616 ¹
888 619 893 629 s

142 693 185 758 De
196 689 353 746 assumeado
364 688 487 751 historio,
507 703 559 756 quo
579 687 753 750 ostendatur,
773 703 841 755 quoe
860 691 933 740 mulo
951 688 1100 743 occiderint
1118 691 1163 745 Ilo·

141 761 236 826 raonis,
254 775 313 810 cam
324 759 384 808 deos
399 760 534 820 colerent,
554 767 698 824 autequam
712 757 809 826 religio
825 755 985 810 Ohmsts'euci
999 757 1162 814 claresceret.

205 847 352 912 Memento
371 856 480 918 autem,
502 865 549 901 me
572 848 629 902 ista
652 856 936 919 commemorantem,
958 847 1054 904 atlhuc
1070 861 1163 907 contra

143 932 294 1010 imperitos
309 947 414 1006 agere,
440 947 478 984 ex
502 945 627 1002 quorum
640 929 786 1002 imperitia
797 929 871 984 illud
885 948 1002 1005 quoque
1017 927 1114 986 ort'um
1126 943 1163 989 est

143 1015 268 1090 vulgare
295 1012 497 1085 proverbium:
512 1007 628 1068 'Pluvia
654 1011 738 1083 defit,
765 1029 854 1068 causa
881 1011 1051 1070 Christiani.
1094 1015 1164 1074 Sunt

55 1149 60 1163 ,
144 1091 269 1178 namque
283 1096 334 1168 qui
347 1112 450 1163 eorum
462 1092 568 1160 studiis
582 1095 751 1152 liberalibus
764 1095 880 1150 intituti
895 1105 994 1152 amant
1006 1095 1162 1172 historiam,

12 1255 21 1262 .
74 1175 76 1178 ’
144 1197 201 1255 qua
214 1173 352 1234 facillime
365 1179 423 1232 ista
437 1186 600 1235 noverunt:
626 1177 678 1234 sed
690 1171 725 1233 ut
735 1177 822 1233 nobis
839 1179 1058 1236 ineruditorum
1070 1183 1163 1239 turbas

93 1285 94 1292 ¹
143 1261 349 1327 infestissimas
363 1259 497 1342 reddant,
523 1279 555 1316 se
578 1279 667 1317 nosse
690 1257 892 1334 dissimulant3
918 1253 1007 1337 atque
1025 1263 1082 1322 hoc
1096 1265 1164 1338 apud

143 1347 251 1425 tulgus
267 1345 444 1410 confirmare
453 1347 601 1415 nituntur,
626 1343 723 1400 clades
737 1344 842 1417 quibus
855 1363 908 1418 per
921 1355 1002 1402 certa
1015 1348 1165 1404 intervella

141 1421 276 1486 locorum
290 1437 320 1483 et
332 1433 498 1500 temporum
519 1445 614 1503 genus
637 1425 808 1483 humanum
821 1435 937 1499 oportet
950 1428 1059 1507 affligi,
1086 1449 1165 1487 eausa

143 1513 278 1578 accidere
301 1511 428 1579 nominis
448 1509 625 1581 Christiani,
650 1509 728 1586 quod
751 1518 856 1584 centra
878 1509 949 1567 deos
973 1531 1044 1568 suos
1058 1515 1164 1592 ingenti

144 1597 224 1662 fama
237 1602 266 1650 ct
278 1595 514 1667 praeclarissima
527 1593 699 1649 celebritate
712 1610 766 1666 per
779 1602 886 1648 cuncta
899 1591 1084 1652 diffunditur.
1114 1595 1166 1652 Re·

145 1681 243 1746 colant
257 1677 327 1755 ergo
342 1678 505 1747 nobiscum,
533 1684 690 1750 antequam
712 1673 847 1732 Chrisstu
871 1678 1004 1733 venisset
1024 1680 1166 1748 incarne,

107 1777 109 1784 ’
144 1771 300 1844 antequam
314 1761 377 1815 cius
391 1779 499 1815 nomen
513 1775 559 1832 ea,
585 1761 635 1814 cui
648 1759 760 1814 frustra
772 1757 921 1831 inrident,
948 1763 1044 1838 gloria
1058 1764 1166 1836 populis

145 1847 361 1912 innotesceret,
377 1842 494 1917 'quibus
507 1842 724 1896 calamitatibus
737 1859 786 1896 res
799 1839 949 1898 Romanae
971 1829 1167 1918 multipliciter

30 1945 31 1948 ’
113 1973 120 1990 ,s
144 1929 283 2002 varieque
299 1926 444 1992 contritae
459 1925 530 1994 sint,
557 1922 691 1980 etinhis
705 1923 875 1996 defendunt,
901 1927 927 1981 si
940 1938 1078 2000 possunt,
1104 1929 1166 1983 deos

77 2007 80 2012 ’
138 2025 226 2081 suos,
253 2010 280 2064 si
291 2016 450 2084 propterea
465 2008 621 2078 coluntur,
649 2025 687 2062 ne
709 2009 768 2062 leta
790 2009 865 2062 mala
879 2011 1030 2080 patiantur
1044 2014 1166 2068 cultores

144 2106 262 2162 corum3
287 2107 412 2164 quorum
426 2091 452 2144 si
466 2088 537 2163 quid
550 2108 630 2146 nunc
643 2091 723 2164 passi
737 2089 858 2161 fuerint,
873 2092 959 2148 nobis
972 2095 1168 2168 imputandum

148 2193 212 2231 csse
227 2171 419 2229 contendunt.
463 2171 523 2228 Cur
537 2174 616 2230 enim
634 2190 756 2246 eaquae
777 2171 910 2229 dicturus
924 2187 1008 2247 sum,
1034 2180 1167 2251 permise-

100 2275 103 2281 “
144 2266 217 2326 runt
230 2254 364 2311 accidere
379 2255 541 2310 cultoribus
560 2257 640 2328 suis,
664 2264 821 2329 antequem
834 2273 884 2312 eos
898 2256 1079 2318 declaratum
1091 2259 1167 2318 Chri-

67 2333 71 2340 *
144 2343 183 2397 sti
197 2357 306 2408 nomen
318 2334 498 2409 offenderet,
525 2355 686 2414 eorumque
705 2337 850 2405 sacrificia
862 2339 1050 2414 prohiberet?

532 2488 664 2548 cnr.
706 2489 767 2552 ιν.
825 2459 828 2463 ’

42 2575 44 2580 ’
147 2587 350 2652 Quoteultorec
360 2586 468 2638 deorum
483 2587 557 2638 nullo
568 2602 685 2654 unquam
700 2603 717 2637 o
732 2585 784 2638 eliis
798 2585 855 2638 sote
865 2595 1014 2658 praecepta
1026 2591 1170 2656 probitatis

107 2663 109 2667 ’
213 2655 379 2724 occeperint,
399 2664 426 2707 et
435 2655 464 2708 in
473 2657 559 2708 sacris
569 2673 661 2708 eoram
672 2655 766 2726 turpio
776 2672 895 2724 quaeque
904 2657 1106 2712 celebraverint.
1155 2695 1156 2698 =

131 2763 133 2766 ·
205 2744 307 2802 Primo
316 2747 397 2819 ipsos
410 2763 507 2800 utores
521 2763 559 2801 ne
571 2747 715 2820 pessimos
729 2743 885 2817 haberent,
912 2763 1004 2820 quare
1018 2743 1060 2802 dii
1075 2768 1170 2808 eorum

67 2859 73 2870 ¹
147 2849 252 2888 curare
266 2825 447 2886 noluerunt?
466 2827 549 2893 Deus
565 2830 643 2885 cuim
655 2846 745 2885 verus
760 2845 822 2899 eos,
836 2831 974 2903 aquibus
984 2849 1046 2887 non
1061 2833 1170 2894 coleba-

127 2945 132 2958 ·
146 2923 209 2986 tur,
234 2913 341 2970 merito
355 2912 505 2990 neglexit:
532 2910 574 2967 dii
597 2920 696 2967 autem
709 2912 770 2981 illi,
795 2929 813 2966 a
826 2930 953 2986 quorum
966 2915 1048 2970 cultu
1062 2932 1096 2970 se
1108 2932 1171 2988 pro-

145 2996 242 3054 hiberi
263 2995 397 3052 hemines
418 2995 614 3073 ingratissimi
633 3003 873 3070 conqueruntur,
903 2996 1032 3053 cultores
1050 3016 1121 3053 suos
1140 2995 1172 3052 etl

145 3082 221 3138 bene
239 3078 398 3136 vivendum
416 3097 506 3153 quare
526 3078 616 3134 nullis
634 3073 750 3154 legibus
775 3074 972 3134 adiuveruntl
1003 3076 1113 3154 Vtique
1132 3079 1172 3134 di-

139 3153 240 3241 lgnum
254 3172 327 3233 erat,
352 3172 387 3218 ut
400 3159 546 3238 quomodo
560 3161 611 3220 isti
625 3161 745 3216 illorum
757 3177 856 3230 sacra,
881 3161 924 3216 ita
935 3161 980 3216 illi
992 3163 1119 3218 istorum
1131 3163 1171 3216 fe-

146 3255 202 3302 cta
227 3253 374 3302 curarent.
431 3243 491 3310 Sed
523 3243 743 3315 respondetur,
775 3233 858 3318 quoti
878 3245 1032 3300 voluntate
1057 3246 1173 3318 propris

91 3377 95 3385 ι
145 3331 270 3404 quisquc
283 3331 377 3385 malus
392 3337 445 3384 cst.
496 3327 570 3394 Quis
587 3324 644 3382 hoc
657 3323 830 3403 negaverit?
856 3325 1066 3384 Verumtamen
1084 3328 1171 3401 perti·

145 3413 233 3468 nebat
245 3411 283 3468 etl
296 3412 481 3468 consultores
495 3409 584 3480 deos,
611 3411 691 3466 ritae
708 3409 804 3464 bonae
823 3419 980 3483 praecepta
997 3428 1059 3466 non
1074 3411 1170 3466 occul-

145 3504 209 3551 tare
222 3497 338 3569 populis
351 3494 513 3550 cultoribus
527 3494 600 3563 suis,
626 3491 679 3548 sed
693 3493 773 3548 clara
785 3491 1005 3567 praedicatione
1019 3493 1170 3567 praebere:

145 3596 198 3651 per
211 3587 294 3635 vetes
321 3579 409 3632 etiam
434 3576 595 3631 convenire
619 3585 708 3650 atquc
730 3593 856 3652 arguere
882 3584 1057 3648 peccantem
1080 3577 1172 3648 palem

70 3649 73 3669 '
145 3662 253 3717 minari
266 3667 376 3733 poenas
397 3660 471 3714 male
490 3658 662 3736 agentibus,
687 3659 816 3730 praemia
829 3667 909 3715 recte
922 3659 1090 3714 virentibus
1110 3659 1170 3731 pol·

146 3744 240 3798 liceri.
284 3740 361 3808 Quid
376 3736 505 3816 unquam
522 3742 582 3796 tale
600 3742 632 3796 in
651 3740 773 3796 deorum
791 3742 909 3802 illorum
928 3741 1043 3814 templis
1061 3747 1173 3815 promte

79 3879 83 3888 ,
148 3835 178 3882 et
191 3825 336 3882 eminenti
349 3842 422 3881 voce
437 3820 631 3898 concrepuit?
657 3822 851 3884 Veniebamus
869 3825 957 3880 etism
971 3841 1026 3880 nos
1039 3823 1170 3899 aliquan·
