2324 4312
76 275 78 280 ’
143 267 205 322 21111
264 291 265 294 “
371 257 969 323 ulvisvltsmlnvcvsutnr

143 416 281 493 populus,
294 414 379 470 iuxta
390 413 472 470 illam
485 410 632 488 Scipionis
644 415 693 480 ucl
706 409 860 479 Ciceronis
874 415 1059 473 definitionem:
1077 415 1113 472 eti

144 519 205 558 uon
223 499 358 574 populus,
383 515 437 553 nec
451 514 498 552 res
517 498 630 570 populi3
656 496 706 552 sed
731 499 947 574 qualiscunque
969 499 1112 570 multitudini,
1141 502 1142 505 ’

145 601 220 658 quae
232 581 330 658 populi
343 582 461 638 nomina
475 571 636 657 digna'non
648 590 703 636 est.
731 575 791 637 'Ac
803 599 857 654 per
869 580 941 654 hue,
965 584 990 638 sl
1007 583 1112 656 respublo
1133 494 1162 675 Ι

145 683 194 723 res
210 665 308 740 popuii
327 673 389 735 cst,
415 671 444 718 et
459 663 581 739 populus
600 681 661 720 non
680 671 726 720 est
744 665 796 739 qni
810 683 956 722 consensu
969 685 1023 722 nou
1036 667 1110 721 satiant
1133 666 1162 741 B

146 749 293 817 ostiaris,
317 747 620 818 reseruassemus,
639 746 689 802 nbi
701 749 786 803 nulla
798 748 913 806 institia
927 757 985 805 est:
1006 745 1107 824 praculis
1141 740 1153 761 ''

145 831 194 888 bio
209 831 375 908 colligitur,
387 829 437 885 ubi
450 830 561 885 iustitia
574 847 635 885 non
648 839 709 901 est,
723 847 784 886 mon
798 848 864 886 esse
877 832 1067 906 rempublicum
1081 827 1104 883 b

144 916 226 971 stitia
238 931 326 987 porro
339 931 374 968 cu
385 912 481 968 virtus
495 921 555 983 est,
571 930 645 987 quae
657 929 710 969 sua
723 909 830 988 orsi'que
843 914 999 971 distribuit.
1018 911 1102 988 Quat'p'r
1160 924 1162 927 ’

145 1008 193 1054 tur
209 996 322 1053 iustitia
340 1004 386 1050 est
403 991 546 1066 bominis,
572 1013 646 1069 quae
657 996 753 1070 ipsum
766 996 915 1054 hominem
927 996 989 1054 Deo
1001 993 1105 1062 veracli,
1156 1006 1162 1029 ἰ

145 1090 175 1136 et
184 1077 340 1136 inmundis
353 1077 539 1140 daemomibus
553 1074 667 1134 subditi
689 1078 825 1136 Hoccine
834 1088 880 1136 est
892 1099 946 1138 sua
959 1083 1048 1156 cuique
1057 1077 1107 1133 distr'r

69 1203 76 1208 -
144 1157 253 1219 buerei
297 1160 408 1235 Anqui
421 1160 654 1219 fundumauiert
667 1163 796 1237 eiaquc
811 1172 906 1219 emtus
920 1173 980 1235 est,
1003 1157 1109 1218 etnaditti
1158 1166 1162 1169 ’

77 1299 85 1312 ,
145 1247 196 1320 qui
209 1243 284 1322 nibil
295 1245 328 1300 in
341 1262 376 1300 co
390 1241 578 1315 habetisne,
591 1245 718 1302 iniustus
733 1255 793 1317 est3
820 1255 851 1301 et
864 1249 917 1321 qui
929 1265 962 1302 se
974 1249 1053 1322 ipsum
1061 1241 1110 1299 suist

48 1385 49 1388 ,
145 1327 306 1384 dominanti
319 1326 403 1400 Deo,
422 1345 509 1404 aquo
522 1327 617 1385 ductus
631 1337 693 1399 est,
710 1337 740 1385 et
753 1330 896 1407 malignis
910 1332 1002 1388 seruit
1013 1325 1111 1406 spiritilrs
1129 1332 1162 1403 ᾖ

128 1412 238 1471 ‘iustus
256 1406 319 1467 esti
1135 1410 1162 1425 ’“

204 1492 381 1569 Disputatur
397 1504 477 1551 certe
495 1496 636 1552 acerrime
654 1505 742 1571 atque
760 1495 923 1554 fortissime
939 1499 971 1554 in
983 1489 1118 1566 eisdemipt't

146 1577 181 1636 dc
194 1577 343 1652 republica
355 1579 436 1634 libris
455 1578 596 1636 advorsus
617 1577 792 1637 iniustitiam
810 1598 865 1654 pro
884 1582 1004 1637 iustitia.
1038 1577 1068 1634 Et
1079 1589 1118 1650 pt
1141 1582 1146 1591 ’

146 1663 226 1720 niam
239 1659 308 1717 'cnm
326 1663 405 1737 prius
419 1671 562 1740 augeretur
580 1681 633 1737 pro
651 1662 814 1726 iniustitiae
826 1663 962 1746 partibus
977 1673 1065 1720 corna
1074 1653 1113 1714 iuti
1140 1656 1141 1667 ¹
1156 1662 1158 1665 ’

145 1747 232 1815 tiam,
259 1753 289 1800 et
301 1743 448 1804 diceretur
463 1745 523 1800 nisi
546 1763 599 1819 per
624 1746 801 1803 iniustitiam
811 1747 1018 1820 rempublicam
1029 1753 1111 1802 seer

118 1837 121 1848 '
146 1829 267 1906 gerique
284 1847 344 1885 non
358 1842 461 1902 posse3
486 1825 542 1882 hoc
557 1830 647 1885 veluti
658 1828 871 1886 validissimum
883 1833 1011 1904 positum
1022 1823 1114 1895 orauit

146 1913 255 1969 iustum
279 1929 360 1983 esse,
386 1921 420 1966 nt
445 1908 578 1966 homines
600 1909 764 1968 hominibus
788 1911 1006 1969 dominantibus
1027 1909 1115 1967 setin

144 2001 232 2070 'quam
245 2003 344 2050 tamem
356 1994 530 2051 iniustitiam
542 1995 602 2049 nisi
614 2003 754 2069 sequatur
771 1996 931 2068 imperiosa
948 1997 1057 2064 civitas,
1074 1989 1099 2044 ι’

147 2087 191 2134 ιιι
215 2095 322 2155 magna
346 2077 524 2152 respublica,
556 2095 616 2133 non
638 2096 702 2133 eam
722 2095 809 2151 posse
832 2080 995 2152 provinciis
1016 2097 1069 2133 *nn¹
1093 2098 1095 2115 ·

145 2179 318 2234 responsum
333 2171 378 2217 est
390 2179 407 2216 a
420 2169 503 2234 parte
515 2158 659 2231 iustitiae,
672 2157 739 2216 ideo
751 2161 863 2217 iustum
877 2180 961 2234 essu,
981 2159 1049 2236 quod
1063 2184 1074 2205 e
1118 2204 1119 2207 ,
1143 2160 1162 2179 '⁴

145 2241 311 2300 hominibus
331 2243 371 2298 sit
388 2245 469 2298 utilis
488 2243 633 2314 servitus,
660 2252 690 2297 et
706 2261 759 2317 pro
777 2243 906 2300 utilitato
921 2261 1018 2301 corum
1029 2239 1120 2299 fietus*

81 2337 84 2342 ’
146 2336 227 2383 rectc
240 2326 295 2396 fit,
321 2325 351 2382 id
364 2335 486 2381 osteum
501 2327 638 2400 improbis
652 2325 783 2382 aufertur
801 2325 980 2385 iniuriarum
991 2319 1116 2388 licentias
1132 2326 1134 2329 ’

147 2410 249 2468 domiti
263 2429 295 2466 se
304 2411 408 2466 urelins
421 2405 578 2481 habebunt,
595 2411 663 2484 quia
672 2407 808 2466 indomiti
817 2408 948 2466 deterius
958 2429 989 2466 sc
998 2403 1115 2465 latuerit

147 2493 349 2568 subditumque
363 2501 422 2562 est,
434 2501 468 2547 ut
480 2492 538 2548 ista
549 2493 626 2548 ratio
638 2492 821 2564 firmaretur,
844 2493 939 2549 veluti
952 2513 970 2550 a
981 2503 1069 2550 natura
1078 2497 1114 2540 a*
1139 2488 1147 2509 '‘

146 2585 207 2630 turn
220 2576 319 2632 nobile
332 2577 512 2650 exemplum,
537 2584 626 2650 atque
639 2575 748 2632 dictum
762 2586 822 2646 est,
843 2575 915 2633 'Cur
928 2578 1017 2655 igitur
1026 2563 1114 2631 neuls
1139 2578 1142 2585 ’
1160 2582 1162 2587 ’

146 2659 235 2730 mini,
256 2660 370 2716 annuus
383 2661 508 2730 imperat
521 2661 652 2735 corpori,
672 2660 748 2714 ratio
760 2658 878 2715 libidini
892 2661 1060 2732 eaeterisque
1069 2648 1115 2740 uidit
1131 2672 1162 2743 Ι

104 2741 108 2750 ’
146 2742 188 2796 sis
200 2741 291 2799 animi
303 2737 450 2817 partibus?
492 2740 583 2798 Plane
595 2739 650 2798 hoc
663 2743 796 2820 exemplo
809 2744 882 2798 satis
897 2743 1026 2799 edoctum
1036 2743 1162 2816 ιιιιῑι.

45 2835 52 2848 ·
86 2823 87 2826 ’
145 2823 266 2882 busdam
288 2842 352 2880 csse
374 2825 476 2881 utilem
498 2825 684 2896 servitutem
709 2823 818 2881 et¹Deo
836 2825 954 2900 quidem
972 2833 1003 2882 ιιι
1017 2819 1114 2884 cernui!
1131 2824 1157 2839 ”

129 2911 130 2914 ’
146 2909 219 2965 utile
233 2925 296 2966 esse
309 2909 452 2964 omnibus.
495 2905 636 2964 Servicns
649 2907 826 2965 sutemDec
838 2911 971 2981 animus,
989 2915 1059 2963 reete
1068 2903 1114 2968 ior
1132 2978 1133 2981 Ἴ

145 3001 192 3048 rat
206 2992 338 3066 corpori,
353 2992 442 3064 inqua
455 2990 516 3064 ipso
530 2991 627 3046 animo
641 2992 716 3047 ratio
727 2989 857 3047 Domino
871 2991 937 3049 Deo
952 2989 1065 3057 subdite,
1074 2983 1114 3037 τι*
1131 3056 1132 3059 ¹

146 3075 269 3148 imperat
282 3073 396 3130 libidini
407 3074 545 3148 vitiisque
558 3075 690 3130 caeteris.
736 3075 921 3150 Quapropter
939 3075 989 3131 nbi
1003 3061 1115 3152 bouelt·
1131 3068 1162 3151 'p'

146 3157 207 3234 non
222 3159 328 3228 servit,
341 3155 410 3231 quid
423 3158 454 3212 in
468 3175 502 3212 eo
513 3157 672 3230 putandum
686 3165 809 3212 estesse
822 3159 970 3232 iustitiae3
982 3152 1114 3236 quernus
1131 3156 1162 3233 ζῇ

145 3239 209 3296 dcm
223 3240 288 3298 Deo
301 3259 360 3297 non
375 3240 521 3310 serviens,
534 3241 616 3296 nullo
630 3239 715 3296 modo
727 3248 825 3314 potest
838 3242 915 3318 iuste
925 3243 1031 3298 animus
1040 3237 1113 3322 copisa
1132 3252 1162 3327 p·

144 3333 195 3380 sut
206 3321 334 3380 humana
346 3323 423 3380 ratio
436 3324 517 3379 vitiis
538 3315 689 3400 [caeteris]
699 3320 875 3398 imperare?
918 3323 995 3381 Etsi
1010 3325 1037 3377 in
1047 3315 1115 3372 lonc
1152 3320 1158 3327 '

144 3408 197 3464 toli
209 3425 269 3462 non
283 3415 329 3463 cst
340 3408 400 3462 ulla
412 3407 540 3476 iustitia,
565 3408 666 3480 procul
683 3405 770 3462 dubio
788 3425 844 3466 nec
862 3408 896 3464 in
914 3397 1113 3464 'hominunm
1155 3404 1156 3415 ²

144 3491 194 3564 qui
213 3507 251 3546 ex
267 3488 432 3546 bominibus
451 3489 557 3546 talibus
578 3498 701 3545 constat.
744 3488 813 3545 Non
831 3499 877 3546 est
894 3488 942 3570 hic
957 3469 1114 3566 crgoiurii·
1142 3486 1162 3503 '¹

145 3591 316 3643 consensus,
330 3575 380 3648 qui
392 3571 542 3628 hominum
555 3573 772 3629 multitudinem
786 3575 923 3648 populum
937 3574 1012 3643 tacit,
1024 3563 1114 3650 esitii*

145 3654 253 3712 dicitur
277 3674 341 3712 esse
363 3655 537 3730 respublica.
579 3653 654 3712 Nam
667 3655 703 3711 de
716 3657 845 3712 utilitate
867 3657 936 3734 quid
954 3655 1049 3721 dicam,
1068 3645 1114 3698 ‘¹¹⁶

145 3739 235 3792 otiam
247 3740 451 3795 communione
466 3740 593 3795 sociatus
605 3749 704 3796 coctus
716 3737 881 3812 homiuum,
895 3743 970 3798 sient
979 3757 1008 3794 se
1016 3725 1114 3792 laboti

41 3815 44 3824 “
147 3819 296 3893 definitio,
320 3823 440 3896 populus
467 3819 669 3896 nuncupaturi
713 3824 852 3890 Quamvis
866 3827 959 3896 enim,
980 3809 1113 3904 1111111111ια

121 3985 129 3992 .
146 3903 291 3972 attendas,
306 3923 360 3962 nec
374 3906 482 3962 utilitas
498 3905 537 3962 sit
549 3907 792 3981 ullauiuentium,
807 3909 858 3985 qui
868 3910 971 3967 uiuunt
980 3902 1059 3980 impiet
1072 3887 1113 3945 ff
1150 3914 1154 3919 ’
