<?xml version="1.0" encoding="UTF-8"?>
<!DOCTYPE html PUBLIC "-//W3C//DTD XHTML 1.0 Transitional//EN"
    "http://www.w3.org/TR/xhtml1/DTD/xhtml1-transitional.dtd">
<html xmlns="http://www.w3.org/1999/xhtml" xml:lang="en" lang="en">
 <head>
  <title>
</title>
<meta http-equiv="Content-Type" content="text/html;charset=utf-8" />
  <meta name='ocr-system' content='tesseract 3.04.00' />
  <meta name='ocr-capabilities' content='ocr_page ocr_carea ocr_par ocr_line ocrx_word'/>
</head>
<body>
  <div class='ocr_page' id='page_1' title='image "./saureliiaugusti00augugoog_0648.png"; bbox 0 0 2310 4306; ppageno 0'>
   <div class='ocr_carea' id='block_1_1' title="bbox 126 185 959 276">
    <p class='ocr_par' dir='ltr' id='par_1_1' title="bbox 126 185 959 276">
     <span class='ocr_line' id='line_1_1' title="bbox 126 185 959 276; baseline -0.012 0"><span class='ocrx_word' id='word_1_1' title='bbox 126 223 188 276; x_wconf 77' lang='lat'><strong>24⁰</strong></span> <span class='ocrx_word' id='word_1_2' title='bbox 282 215 283 222; x_wconf 47' lang='lat'><strong>¹</strong></span> <span class='ocrx_word' id='word_1_3' title='bbox 349 213 447 274; x_wconf 85' lang='lat' dir='ltr'><strong>nrvr</strong></span> <span class='ocrx_word' id='word_1_4' title='bbox 474 210 662 276; x_wconf 76' lang='lat' dir='ltr'><strong>sunnam</strong></span> <span class='ocrx_word' id='word_1_5' title='bbox 688 185 959 272; x_wconf 63' lang='lat' dir='ltr'><strong>nvevsrmr‘</strong></span> 
     </span>
    </p>
   </div>
   <div class='ocr_carea' id='block_1_2' title="bbox 80 361 1149 1938">
    <p class='ocr_par' dir='ltr' id='par_1_2' title="bbox 126 361 1149 612">
     <span class='ocr_line' id='line_1_2' title="bbox 129 361 1083 444; baseline -0.011 -17"><span class='ocrx_word' id='word_1_6' title='bbox 129 370 219 444; x_wconf 86' lang='lat' dir='ltr'><strong>„dum</strong></span> <span class='ocrx_word' id='word_1_7' title='bbox 232 369 308 426; x_wconf 86' lang='lat' dir='ltr'><strong>est.“</strong></span> <span class='ocrx_word' id='word_1_8' title='bbox 332 370 398 436; x_wconf 84' lang='lat' dir='ltr'><strong>Qua</strong></span> <span class='ocrx_word' id='word_1_9' title='bbox 410 369 481 438; x_wconf 84' lang='lat' dir='ltr'><strong>vita&#39;,</strong></span> <span class='ocrx_word' id='word_1_10' title='bbox 496 361 637 423; x_wconf 72' lang='lat' dir='ltr'><strong>obsecroi</strong></span> <span class='ocrx_word' id='word_1_11' title='bbox 651 363 727 436; x_wconf 86' lang='lat' dir='ltr'><strong>Hoc,</strong></span> <span class='ocrx_word' id='word_1_12' title='bbox 742 363 850 441; x_wconf 88' lang='lat' dir='ltr'><strong>inquit,</strong></span> <span class='ocrx_word' id='word_1_13' title='bbox 864 383 931 441; x_wconf 84' lang='lat' dir='ltr'><strong>quae</strong></span> <span class='ocrx_word' id='word_1_14' title='bbox 943 365 1012 419; x_wconf 85' lang='lat' dir='ltr'><strong>tantis</strong></span> <span class='ocrx_word' id='word_1_15' title='bbox 1022 379 1083 438; x_wconf 74' lang='lat' dir='ltr'><strong>agga</strong></span> 
     </span>
     <span class='ocr_line' id='line_1_3' title="bbox 126 448 1149 528; baseline -0.012 -17"><span class='ocrx_word' id='word_1_16' title='bbox 126 465 213 511; x_wconf 86' lang='lat' dir='ltr'><strong>vatur</strong></span> <span class='ocrx_word' id='word_1_17' title='bbox 226 455 319 509; x_wconf 85' lang='lat' dir='ltr'><strong>malis.</strong></span> <span class='ocrx_word' id='word_1_18' title='bbox 343 451 429 511; x_wconf 86' lang='lat' dir='ltr'><strong>Certe</strong></span> <span class='ocrx_word' id='word_1_19' title='bbox 442 469 513 528; x_wconf 76' lang='lat' dir='ltr'><strong>erge</strong></span> <span class='ocrx_word' id='word_1_20' title='bbox 526 449 612 507; x_wconf 84' lang='lat' dir='ltr'><strong>beata</strong></span> <span class='ocrx_word' id='word_1_21' title='bbox 625 450 716 526; x_wconf 80' lang='lat' dir='ltr'><strong>estin</strong></span> <span class='ocrx_word' id='word_1_22' title='bbox 729 448 839 504; x_wconf 89' lang='lat' dir='ltr'><strong>eisdem</strong></span> <span class='ocrx_word' id='word_1_23' title='bbox 852 449 918 522; x_wconf 85' lang='lat' dir='ltr'><strong>ipsis</strong></span> <span class='ocrx_word' id='word_1_24' title='bbox 930 449 1006 515; x_wconf 85' lang='lat' dir='ltr'><strong>malis,</strong></span> <span class='ocrx_word' id='word_1_25' title='bbox 1016 452 1085 518; x_wconf 81' lang='lat' dir='ltr'><strong>proptu</strong></span> <span class='ocrx_word' id='word_1_26' title='bbox 1118 478 1125 499; x_wconf 51' lang='lat'><strong>1,</strong></span> <span class='ocrx_word' id='word_1_27' title='bbox 1140 472 1149 506; x_wconf 66' lang='grc' dir='ltr'>ε</span> 
     </span>
     <span class='ocr_line' id='line_1_4' title="bbox 128 521 1086 612; baseline -0.014 -19"><span class='ocrx_word' id='word_1_28' title='bbox 128 554 204 612; x_wconf 86' lang='lat' dir='ltr'><strong>quae</strong></span> <span class='ocrx_word' id='word_1_29' title='bbox 220 536 292 592; x_wconf 88' lang='lat' dir='ltr'><strong>dieis</strong></span> <span class='ocrx_word' id='word_1_30' title='bbox 307 553 371 592; x_wconf 83' lang='lat' dir='ltr'><strong>esse</strong></span> <span class='ocrx_word' id='word_1_31' title='bbox 384 529 574 612; x_wconf 80' lang='lat' dir='ltr'><strong>fugiendaml</strong></span> <span class='ocrx_word' id='word_1_32' title='bbox 595 533 640 588; x_wconf 83' lang='lat' dir='ltr'><strong>An</strong></span> <span class='ocrx_word' id='word_1_33' title='bbox 654 531 720 587; x_wconf 91' lang='lat' dir='ltr'><strong>ideo</strong></span> <span class='ocrx_word' id='word_1_34' title='bbox 733 531 849 587; x_wconf 83' lang='lat' dir='ltr'><strong>beatam</strong></span> <span class='ocrx_word' id='word_1_35' title='bbox 862 521 939 603; x_wconf 59' lang='lat' dir='ltr'><strong>dicia</strong></span> <span class='ocrx_word' id='word_1_36' title='bbox 952 525 1086 604; x_wconf 82' lang='lat' dir='ltr'><strong>qnialioetti·</strong></span> 
     </span>
    </p>

    <p class='ocr_par' dir='ltr' id='par_1_3' title="bbox 80 611 1149 1938">
     <span class='ocr_line' id='line_1_5' title="bbox 128 611 1144 693; baseline -0.015 -18"><span class='ocrx_word' id='word_1_37' title='bbox 128 620 159 676; x_wconf 93' lang='lat' dir='ltr'><strong>bi</strong></span> <span class='ocrx_word' id='word_1_38' title='bbox 176 621 212 676; x_wconf 86' lang='lat' dir='ltr'><strong>ab</strong></span> <span class='ocrx_word' id='word_1_39' title='bbox 231 619 276 674; x_wconf 87' lang='lat' dir='ltr'><strong>bis</strong></span> <span class='ocrx_word' id='word_1_40' title='bbox 295 621 378 676; x_wconf 86' lang='lat' dir='ltr'><strong>malis</strong></span> <span class='ocrx_word' id='word_1_41' title='bbox 389 620 485 674; x_wconf 72' lang='lat' dir='ltr'><strong>‘morte</strong></span> <span class='ocrx_word' id='word_1_42' title='bbox 500 611 665 673; x_wconf 65' lang='lat' dir='ltr'><strong>discedere?</strong></span> <span class='ocrx_word' id='word_1_43' title='bbox 679 615 767 680; x_wconf 71' lang='lat' dir='ltr'><strong>vQuid</strong></span> <span class='ocrx_word' id='word_1_44' title='bbox 781 617 807 670; x_wconf 88' lang='lat' dir='ltr'><strong>si</strong></span> <span class='ocrx_word' id='word_1_45' title='bbox 820 633 891 693; x_wconf 80' lang='lat' dir='ltr'><strong>ergo</strong></span> <span class='ocrx_word' id='word_1_46' title='bbox 904 615 981 670; x_wconf 87' lang='lat' dir='ltr'><strong>ineis</strong></span> <span class='ocrx_word' id='word_1_47' title='bbox 992 611 1087 685; x_wconf 83' lang='lat' dir='ltr'><strong>aliquoiu·</strong></span> <span class='ocrx_word' id='word_1_48' title='bbox 1117 642 1120 663; x_wconf 55' lang='lat' dir='ltr'><strong>t</strong></span> <span class='ocrx_word' id='word_1_49' title='bbox 1134 644 1144 659; x_wconf 74' lang='grc'><strong>-,</strong></span> 
     </span>
     <span class='ocr_line' id='line_1_6' title="bbox 130 693 1149 773; baseline -0.015 -14"><span class='ocrx_word' id='word_1_50' title='bbox 130 703 206 759; x_wconf 90' lang='lat' dir='ltr'><strong>dicio</strong></span> <span class='ocrx_word' id='word_1_51' title='bbox 220 702 320 759; x_wconf 89' lang='lat' dir='ltr'><strong>divino</strong></span> <span class='ocrx_word' id='word_1_52' title='bbox 332 701 487 768; x_wconf 80' lang='lat' dir='ltr'><strong>tenereris,</strong></span> <span class='ocrx_word' id='word_1_53' title='bbox 501 717 557 757; x_wconf 87' lang='lat' dir='ltr'><strong>nec</strong></span> <span class='ocrx_word' id='word_1_54' title='bbox 569 699 781 773; x_wconf 88' lang='lat' dir='ltr'><strong>permittereris</strong></span> <span class='ocrx_word' id='word_1_55' title='bbox 792 700 878 768; x_wconf 88' lang='lat' dir='ltr'><strong>mori,</strong></span> <span class='ocrx_word' id='word_1_56' title='bbox 892 715 941 753; x_wconf 89' lang='lat' dir='ltr'><strong>nee</strong></span> <span class='ocrx_word' id='word_1_57' title='bbox 950 693 1088 771; x_wconf 77' lang='lat' dir='ltr'><strong>anquando</strong></span> <span class='ocrx_word' id='word_1_58' title='bbox 1140 702 1149 754; x_wconf 76' lang='lat' dir='ltr'><strong>j</strong></span> 
     </span>
     <span class='ocr_line' id='line_1_7' title="bbox 129 777 1149 860; baseline -0.007 -19"><span class='ocrx_word' id='word_1_59' title='bbox 129 787 189 843; x_wconf 86' lang='lat' dir='ltr'><strong>illis</strong></span> <span class='ocrx_word' id='word_1_60' title='bbox 203 803 267 842; x_wconf 90' lang='lat' dir='ltr'><strong>esse</strong></span> <span class='ocrx_word' id='word_1_61' title='bbox 283 781 399 860; x_wconf 88' lang='lat' dir='ltr'><strong>[morte]</strong></span> <span class='ocrx_word' id='word_1_62' title='bbox 415 779 574 839; x_wconf 66' lang='lat' dir='ltr'><strong>sinereris?</strong></span> <span class='ocrx_word' id='word_1_63' title='bbox 601 781 713 856; x_wconf 80' lang='lat' dir='ltr'><strong>Nempe</strong></span> <span class='ocrx_word' id='word_1_64' title='bbox 726 791 798 836; x_wconf 93' lang='lat' dir='ltr'><strong>tune</strong></span> <span class='ocrx_word' id='word_1_65' title='bbox 812 783 914 838; x_wconf 88' lang='lat' dir='ltr'><strong>saltem</strong></span> <span class='ocrx_word' id='word_1_66' title='bbox 925 777 1087 836; x_wconf 74' lang='lat' dir='ltr'><strong>miserantes</strong></span> <span class='ocrx_word' id='word_1_67' title='bbox 1124 785 1149 855; x_wconf 74' lang='lat' dir='ltr'><strong>pir</strong></span> 
     </span>
     <span class='ocr_line' id='line_1_8' title="bbox 130 858 1135 943; baseline -0.016 -17"><span class='ocrx_word' id='word_1_68' title='bbox 130 869 244 927; x_wconf 81' lang='lat' dir='ltr'><strong>diceres</strong></span> <span class='ocrx_word' id='word_1_69' title='bbox 258 870 357 924; x_wconf 90' lang='lat' dir='ltr'><strong>vitam.</strong></span> <span class='ocrx_word' id='word_1_70' title='bbox 393 865 460 922; x_wconf 92' lang='lat' dir='ltr'><strong>Non</strong></span> <span class='ocrx_word' id='word_1_71' title='bbox 473 867 567 943; x_wconf 78' lang='lat' dir='ltr'><strong>igitur</strong></span> <span class='ocrx_word' id='word_1_72' title='bbox 580 874 733 939; x_wconf 89' lang='lat' dir='ltr'><strong>propterea</strong></span> <span class='ocrx_word' id='word_1_73' title='bbox 746 866 855 920; x_wconf 86' lang='lat' dir='ltr'><strong>misera</strong></span> <span class='ocrx_word' id='word_1_74' title='bbox 868 883 926 934; x_wconf 87' lang='lat' dir='ltr'><strong>non</strong></span> <span class='ocrx_word' id='word_1_75' title='bbox 939 872 990 932; x_wconf 86' lang='lat' dir='ltr'><strong>est,</strong></span> <span class='ocrx_word' id='word_1_76' title='bbox 1003 858 1088 940; x_wconf 16' lang='lat' dir='ltr'><strong>*quitto</strong></span> <span class='ocrx_word' id='word_1_77' title='bbox 1122 892 1135 911; x_wconf 71' lang='grc'><strong>.,</strong></span> 
     </span>
     <span class='ocr_line' id='line_1_9' title="bbox 80 943 1149 1034; baseline -0.007 -26"><span class='ocrx_word' id='word_1_78' title='bbox 80 977 91 998; x_wconf 58' lang='lat' dir='ltr'><em>s</em></span> <span class='ocrx_word' id='word_1_79' title='bbox 129 953 321 1025; x_wconf 82' lang='lat' dir='ltr'><strong>relinquitur:</strong></span> <span class='ocrx_word' id='word_1_80' title='bbox 340 948 456 1024; x_wconf 82' lang='lat' dir='ltr'><strong>quando</strong></span> <span class='ocrx_word' id='word_1_81' title='bbox 471 947 588 1034; x_wconf 71' lang='lat' dir='ltr'><strong>quidem</strong></span> <span class='ocrx_word' id='word_1_82' title='bbox 600 947 626 1002; x_wconf 87' lang='lat' dir='ltr'><strong>si</strong></span> <span class='ocrx_word' id='word_1_83' title='bbox 640 948 818 1021; x_wconf 86' lang='lat' dir='ltr'><strong>sempiterna</strong></span> <span class='ocrx_word' id='word_1_84' title='bbox 831 949 975 1018; x_wconf 78' lang='lat' dir='ltr'><strong>sit,&#39;etiam</strong></span> <span class='ocrx_word' id='word_1_85' title='bbox 986 945 1024 1000; x_wconf 88' lang='lat' dir='ltr'><strong>abs</strong></span> <span class='ocrx_word' id='word_1_86' title='bbox 1034 943 1091 1014; x_wconf 76' lang='lat' dir='ltr'><strong>oin</strong></span> <span class='ocrx_word' id='word_1_87' title='bbox 1121 966 1149 1010; x_wconf 75' lang='lat' dir='ltr'><strong>,ro</strong></span> 
     </span>
     <span class='ocr_line' id='line_1_10' title="bbox 129 1027 1149 1106; baseline -0.014 -16"><span class='ocrx_word' id='word_1_88' title='bbox 129 1036 236 1090; x_wconf 83' lang='lat' dir='ltr'><strong>misera</strong></span> <span class='ocrx_word' id='word_1_89' title='bbox 252 1031 406 1088; x_wconf 85' lang='lat' dir='ltr'><strong>iudicatur.</strong></span> <span class='ocrx_word' id='word_1_90' title='bbox 442 1029 509 1087; x_wconf 93' lang='lat' dir='ltr'><strong>Non</strong></span> <span class='ocrx_word' id='word_1_91' title='bbox 528 1033 627 1106; x_wconf 89' lang='lat' dir='ltr'><strong>itaque</strong></span> <span class='ocrx_word' id='word_1_92' title='bbox 643 1039 813 1104; x_wconf 84' lang='lat' dir='ltr'><strong>propterea,</strong></span> <span class='ocrx_word' id='word_1_93' title='bbox 838 1032 971 1105; x_wconf 84' lang='lat' dir='ltr'><strong>quoniam</strong></span> <span class='ocrx_word' id='word_1_94' title='bbox 984 1027 1055 1084; x_wconf 81' lang='lat' dir='ltr'><strong>brevis</strong></span> <span class='ocrx_word' id='word_1_95' title='bbox 1066 1029 1092 1090; x_wconf 82' lang='lat' dir='ltr'><strong>st,</strong></span> <span class='ocrx_word' id='word_1_96' title='bbox 1115 1049 1149 1104; x_wconf 65' lang='grc' dir='ltr'><strong>μ</strong></span> 
     </span>
     <span class='ocr_line' id='line_1_11' title="bbox 96 1105 1149 1187; baseline -0.007 -15"><span class='ocrx_word' id='word_1_97' title='bbox 96 1167 99 1172; x_wconf 94' lang='grc'><em>.</em></span> <span class='ocrx_word' id='word_1_98' title='bbox 130 1118 209 1174; x_wconf 90' lang='lat' dir='ltr'><strong>nulla</strong></span> <span class='ocrx_word' id='word_1_99' title='bbox 222 1116 340 1170; x_wconf 89' lang='lat' dir='ltr'><strong>miseria</strong></span> <span class='ocrx_word' id='word_1_100' title='bbox 354 1113 439 1170; x_wconf 90' lang='lat' dir='ltr'><strong>debet</strong></span> <span class='ocrx_word' id='word_1_101' title='bbox 452 1113 545 1170; x_wconf 87' lang='lat' dir='ltr'><strong>videri</strong></span> <span class='ocrx_word' id='word_1_102' title='bbox 553 1129 566 1186; x_wconf 48' lang='grc' dir='ltr'><strong>ς,</strong></span> <span class='ocrx_word' id='word_1_103' title='bbox 588 1123 639 1169; x_wconf 88' lang='lat' dir='ltr'><strong>aut</strong></span> <span class='ocrx_word' id='word_1_104' title='bbox 651 1113 726 1187; x_wconf 88' lang='lat' dir='ltr'><strong>quod</strong></span> <span class='ocrx_word' id='word_1_105' title='bbox 739 1123 785 1168; x_wconf 86' lang='lat' dir='ltr'><strong>est</strong></span> <span class='ocrx_word' id='word_1_106' title='bbox 798 1112 963 1183; x_wconf 79' lang='lat' dir='ltr'>absurdius,</span> <span class='ocrx_word' id='word_1_107' title='bbox 981 1105 1094 1187; x_wconf 78' lang='lat' dir='ltr'><strong>quiabreri</strong></span> <span class='ocrx_word' id='word_1_108' title='bbox 1137 1133 1149 1165; x_wconf 79' lang='lat' dir='ltr'><strong>e</strong></span> 
     </span>
     <span class='ocr_line' id='line_1_12' title="bbox 129 1187 1148 1278; baseline -0.007 -23"><span class='ocrx_word' id='word_1_109' title='bbox 129 1199 247 1255; x_wconf 86' lang='lat' dir='ltr'><strong>miseria</strong></span> <span class='ocrx_word' id='word_1_110' title='bbox 262 1207 316 1269; x_wconf 88' lang='lat' dir='ltr'><strong>est,</strong></span> <span class='ocrx_word' id='word_1_111' title='bbox 331 1197 398 1254; x_wconf 90' lang='lat' dir='ltr'><strong>ideo</strong></span> <span class='ocrx_word' id='word_1_112' title='bbox 412 1199 499 1253; x_wconf 89' lang='lat' dir='ltr'><strong>etiarn</strong></span> <span class='ocrx_word' id='word_1_113' title='bbox 512 1195 658 1252; x_wconf 79' lang='lat' dir='ltr'><strong>beatitudo</strong></span> <span class='ocrx_word' id='word_1_114' title='bbox 672 1198 821 1270; x_wconf 88' lang='lat' dir='ltr'><strong>appellari.</strong></span> <span class='ocrx_word' id='word_1_115' title='bbox 843 1196 949 1278; x_wconf 74' lang='lat' dir='ltr'><strong>blegne</strong></span> <span class='ocrx_word' id='word_1_116' title='bbox 958 1197 997 1252; x_wconf 77' lang='lat' dir='ltr'><strong>vis</strong></span> <span class='ocrx_word' id='word_1_117' title='bbox 1009 1201 1041 1249; x_wconf 87' lang='lat' dir='ltr'><strong>est</strong></span> <span class='ocrx_word' id='word_1_118' title='bbox 1050 1187 1095 1246; x_wconf 79' lang='lat' dir='ltr'><strong>iret</strong></span> <span class='ocrx_word' id='word_1_119' title='bbox 1125 1195 1148 1248; x_wconf 77' lang='lat' dir='ltr'><strong>ca</strong></span> 
     </span>
     <span class='ocr_line' id='line_1_13' title="bbox 129 1278 1149 1358; baseline -0.005 -21"><span class='ocrx_word' id='word_1_120' title='bbox 129 1284 225 1351; x_wconf 81' lang='lat' dir='ltr'><strong>nralis,</strong></span> <span class='ocrx_word' id='word_1_121' title='bbox 241 1297 315 1354; x_wconf 87' lang='lat' dir='ltr'><strong>quae</strong></span> <span class='ocrx_word' id='word_1_122' title='bbox 328 1289 441 1358; x_wconf 82' lang='lat' dir='ltr'><strong>cogunt</strong></span> <span class='ocrx_word' id='word_1_123' title='bbox 453 1279 610 1351; x_wconf 88' lang='lat' dir='ltr'><strong>hominem,</strong></span> <span class='ocrx_word' id='word_1_124' title='bbox 626 1279 785 1334; x_wconf 87' lang='lat' dir='ltr'><strong>seeundum</strong></span> <span class='ocrx_word' id='word_1_125' title='bbox 798 1282 877 1353; x_wconf 86' lang='lat' dir='ltr'><strong>ipsos</strong></span> <span class='ocrx_word' id='word_1_126' title='bbox 892 1281 975 1335; x_wconf 85' lang='lat' dir='ltr'><strong>etiam</strong></span> <span class='ocrx_word' id='word_1_127' title='bbox 987 1278 1097 1351; x_wconf 77' lang='lat' dir='ltr'><strong>sapienta,</strong></span> <span class='ocrx_word' id='word_1_128' title='bbox 1129 1279 1149 1332; x_wconf 82' lang='lat' dir='ltr'><strong>br</strong></span> 
     </span>
     <span class='ocr_line' id='line_1_14' title="bbox 130 1357 1134 1438; baseline -0.009 -18"><span class='ocrx_word' id='word_1_129' title='bbox 130 1365 247 1420; x_wconf 89' lang='lat' dir='ltr'><strong>sibimet</strong></span> <span class='ocrx_word' id='word_1_130' title='bbox 260 1365 375 1419; x_wconf 83' lang='lat' dir='ltr'><strong>auferre</strong></span> <span class='ocrx_word' id='word_1_131' title='bbox 390 1363 466 1438; x_wconf 85' lang='lat' dir='ltr'><strong>quod</strong></span> <span class='ocrx_word' id='word_1_132' title='bbox 478 1361 564 1420; x_wconf 91' lang='lat' dir='ltr'><strong>hemo</strong></span> <span class='ocrx_word' id='word_1_133' title='bbox 579 1373 638 1419; x_wconf 82' lang='lat' dir='ltr'><strong>est:</strong></span> <span class='ocrx_word' id='word_1_134' title='bbox 665 1381 734 1418; x_wconf 87' lang='lat' dir='ltr'><strong>eum</strong></span> <span class='ocrx_word' id='word_1_135' title='bbox 750 1362 868 1435; x_wconf 86' lang='lat' dir='ltr'><strong>dicant,</strong></span> <span class='ocrx_word' id='word_1_136' title='bbox 894 1372 924 1419; x_wconf 93' lang='lat' dir='ltr'><strong>et</strong></span> <span class='ocrx_word' id='word_1_137' title='bbox 941 1357 1102 1422; x_wconf 62' lang='lat' dir='ltr'><strong>rotundiora</strong></span> <span class='ocrx_word' id='word_1_138' title='bbox 1128 1394 1134 1403; x_wconf 19' lang='grc' dir='ltr'><strong>«κ</strong></span> 
     </span>
     <span class='ocr_line' id='line_1_15' title="bbox 130 1439 1134 1522; baseline 0.002 -20"><span class='ocrx_word' id='word_1_139' title='bbox 130 1447 206 1502; x_wconf 88' lang='lat' dir='ltr'><strong>bone</strong></span> <span class='ocrx_word' id='word_1_140' title='bbox 225 1463 290 1502; x_wconf 84' lang='lat' dir='ltr'><strong>esse</strong></span> <span class='ocrx_word' id='word_1_141' title='bbox 310 1457 433 1503; x_wconf 88' lang='lat' dir='ltr'><strong>naturae</strong></span> <span class='ocrx_word' id='word_1_142' title='bbox 450 1449 572 1522; x_wconf 88' lang='lat' dir='ltr'><strong>primam</strong></span> <span class='ocrx_word' id='word_1_143' title='bbox 590 1445 714 1521; x_wconf 86' lang='lat' dir='ltr'><strong>quodam</strong></span> <span class='ocrx_word' id='word_1_144' title='bbox 733 1439 820 1502; x_wconf 87' lang='lat' dir='ltr'><strong>modo</strong></span> <span class='ocrx_word' id='word_1_145' title='bbox 834 1455 865 1502; x_wconf 89' lang='lat' dir='ltr'><strong>et</strong></span> <span class='ocrx_word' id='word_1_146' title='bbox 876 1448 1022 1502; x_wconf 83' lang='lat' dir='ltr'><strong>maximam</strong></span> <span class='ocrx_word' id='word_1_147' title='bbox 1036 1450 1103 1504; x_wconf 51' lang='lat' dir='ltr'><strong>volt&amp;</strong></span> <span class='ocrx_word' id='word_1_148' title='bbox 1131 1473 1134 1479; x_wconf 93' lang='lat'><em>·</em></span> 
     </span>
     <span class='ocr_line' id='line_1_16' title="bbox 130 1521 1149 1604; baseline -0.006 -18"><span class='ocrx_word' id='word_1_149' title='bbox 130 1540 165 1586; x_wconf 90' lang='lat' dir='ltr'><strong>ut</strong></span> <span class='ocrx_word' id='word_1_150' title='bbox 176 1529 262 1586; x_wconf 91' lang='lat' dir='ltr'><strong>homo</strong></span> <span class='ocrx_word' id='word_1_151' title='bbox 278 1531 451 1586; x_wconf 80' lang='lat' dir='ltr'><strong>concilietur</strong></span> <span class='ocrx_word' id='word_1_152' title='bbox 464 1530 538 1601; x_wconf 91' lang='lat' dir='ltr'><strong>sibi,</strong></span> <span class='ocrx_word' id='word_1_153' title='bbox 564 1538 595 1584; x_wconf 88' lang='lat' dir='ltr'><strong>ct</strong></span> <span class='ocrx_word' id='word_1_154' title='bbox 613 1535 767 1604; x_wconf 88' lang='lat' dir='ltr'><strong>propterea</strong></span> <span class='ocrx_word' id='word_1_155' title='bbox 786 1540 910 1586; x_wconf 65' lang='lat' dir='ltr'><strong>breuem</strong></span> <span class='ocrx_word' id='word_1_156' title='bbox 927 1521 1105 1586; x_wconf 73' lang='lat' dir='ltr'><strong>naturalitate</strong></span> <span class='ocrx_word' id='word_1_157' title='bbox 1134 1528 1149 1580; x_wconf 79' lang='lat' dir='ltr'><strong>i</strong></span> 
     </span>
     <span class='ocr_line' id='line_1_17' title="bbox 131 1609 1149 1692; baseline -0.009 -23"><span class='ocrx_word' id='word_1_158' title='bbox 131 1615 209 1692; x_wconf 72' lang='lat' dir='ltr'><strong>gibt,</strong></span> <span class='ocrx_word' id='word_1_159' title='bbox 233 1615 275 1668; x_wconf 89' lang='lat' dir='ltr'><strong>ita</strong></span> <span class='ocrx_word' id='word_1_160' title='bbox 288 1613 344 1669; x_wconf 88' lang='lat' dir='ltr'><strong>sibi</strong></span> <span class='ocrx_word' id='word_1_161' title='bbox 357 1615 527 1684; x_wconf 83' lang='lat' dir='ltr'><strong>amicus,·ut</strong></span> <span class='ocrx_word' id='word_1_162' title='bbox 540 1627 603 1668; x_wconf 86' lang='lat' dir='ltr'><strong>esse</strong></span> <span class='ocrx_word' id='word_1_163' title='bbox 617 1631 649 1668; x_wconf 90' lang='lat' dir='ltr'><strong>se</strong></span> <span class='ocrx_word' id='word_1_164' title='bbox 663 1614 787 1683; x_wconf 87' lang='lat' dir='ltr'><strong>animal,</strong></span> <span class='ocrx_word' id='word_1_165' title='bbox 803 1622 833 1668; x_wconf 88' lang='lat' dir='ltr'><strong>et</strong></span> <span class='ocrx_word' id='word_1_166' title='bbox 846 1614 880 1674; x_wconf 86' lang='lat' dir='ltr'><strong>in</strong></span> <span class='ocrx_word' id='word_1_167' title='bbox 891 1612 945 1668; x_wconf 86' lang='lat' dir='ltr'><strong>bae</strong></span> <span class='ocrx_word' id='word_1_168' title='bbox 958 1609 1105 1668; x_wconf 75' lang='lat' dir='ltr'><strong>coniunctos</strong></span> <span class='ocrx_word' id='word_1_169' title='bbox 1129 1628 1149 1660; x_wconf 66' lang='grc' dir='ltr'><strong>«ι</strong></span> 
     </span>
     <span class='ocr_line' id='line_1_18' title="bbox 132 1685 1149 1771; baseline -0.006 -19"><span class='ocrx_word' id='word_1_170' title='bbox 132 1698 261 1771; x_wconf 81' lang='lat' dir='ltr'><strong>corporis</strong></span> <span class='ocrx_word' id='word_1_171' title='bbox 284 1707 371 1771; x_wconf 86' lang='lat' dir='ltr'><strong>atque</strong></span> <span class='ocrx_word' id='word_1_172' title='bbox 394 1698 508 1752; x_wconf 90' lang='lat' dir='ltr'><strong>animae</strong></span> <span class='ocrx_word' id='word_1_173' title='bbox 530 1695 745 1766; x_wconf 65' lang='lat' dir='ltr'><strong>vivere‘velit,</strong></span> <span class='ocrx_word' id='word_1_174' title='bbox 771 1694 1010 1770; x_wconf 70' lang='lat' dir='ltr'><strong>vehementerque</strong></span> <span class='ocrx_word' id='word_1_175' title='bbox 1030 1685 1107 1765; x_wconf 58' lang='lat' dir='ltr'><strong>apptdl&#39;</strong></span> <span class='ocrx_word' id='word_1_176' title='bbox 1126 1687 1149 1761; x_wconf 74' lang='lat' dir='ltr'><strong>b</strong></span> 
     </span>
     <span class='ocr_line' id='line_1_19' title="bbox 131 1765 1143 1858; baseline -0.002 -20"><span class='ocrx_word' id='word_1_177' title='bbox 131 1779 240 1858; x_wconf 80' lang='lat' dir='ltr'><strong>Magna</strong></span> <span class='ocrx_word' id='word_1_178' title='bbox 253 1784 298 1836; x_wconf 85' lang='lat' dir='ltr'><strong>vis</strong></span> <span class='ocrx_word' id='word_1_179' title='bbox 313 1782 402 1836; x_wconf 91' lang='lat' dir='ltr'><strong>estin</strong></span> <span class='ocrx_word' id='word_1_180' title='bbox 416 1781 458 1835; x_wconf 87' lang='lat' dir='ltr'><strong>eis</strong></span> <span class='ocrx_word' id='word_1_181' title='bbox 473 1775 572 1849; x_wconf 71' lang='lat' dir='ltr'><strong>malis,</strong></span> <span class='ocrx_word' id='word_1_182' title='bbox 587 1780 690 1854; x_wconf 87' lang='lat' dir='ltr'><strong>quibus</strong></span> <span class='ocrx_word' id='word_1_183' title='bbox 705 1779 900 1835; x_wconf 85' lang='lat' dir='ltr'><strong>istenaturae</strong></span> <span class='ocrx_word' id='word_1_184' title='bbox 913 1781 1031 1835; x_wconf 84' lang='lat' dir='ltr'><strong>vincitur</strong></span> <span class='ocrx_word' id='word_1_185' title='bbox 1040 1765 1102 1836; x_wconf 46' lang='lat' dir='ltr'><strong>seed</strong></span> <span class='ocrx_word' id='word_1_186' title='bbox 1133 1800 1143 1817; x_wconf 59' lang='lat'><strong>¹¹</strong></span> 
     </span>
     <span class='ocr_line' id='line_1_20' title="bbox 132 1861 1137 1938; baseline -0.007 -19"><span class='ocrx_word' id='word_1_187' title='bbox 132 1881 191 1938; x_wconf 89' lang='lat' dir='ltr'><strong>quo</strong></span> <span class='ocrx_word' id='word_1_188' title='bbox 204 1881 282 1919; x_wconf 89' lang='lat' dir='ltr'><strong>mors</strong></span> <span class='ocrx_word' id='word_1_189' title='bbox 298 1865 378 1919; x_wconf 89' lang='lat' dir='ltr'><strong>omni</strong></span> <span class='ocrx_word' id='word_1_190' title='bbox 390 1863 476 1918; x_wconf 87' lang='lat' dir='ltr'><strong>modo</strong></span> <span class='ocrx_word' id='word_1_191' title='bbox 491 1862 625 1918; x_wconf 70' lang='lat' dir='ltr'><strong>oninibus</strong></span> <span class='ocrx_word' id='word_1_192' title='bbox 638 1861 750 1918; x_wconf 85' lang='lat' dir='ltr'><strong>viribus</strong></span> <span class='ocrx_word' id='word_1_193' title='bbox 765 1862 973 1937; x_wconf 82' lang='lat' dir='ltr'><strong>conatibusque</strong></span> <span class='ocrx_word' id='word_1_194' title='bbox 984 1863 1079 1924; x_wconf 62' lang='lat' dir='ltr'><strong>vitatur,</strong></span> <span class='ocrx_word' id='word_1_195' title='bbox 1136 1882 1137 1889; x_wconf 45' lang='lat'>¹</span> 
     </span>
    </p>
   </div>
   <div class='ocr_carea' id='block_1_3' title="bbox 33 1946 1140 2021">
    <p class='ocr_par' dir='ltr' id='par_1_4' title="bbox 33 1946 1140 2021">
     <span class='ocr_line' id='line_1_21' title="bbox 33 1946 1140 2021; baseline -0.002 -19"><span class='ocrx_word' id='word_1_196' title='bbox 33 1993 37 2002; x_wconf 92' lang='grc'><em>,</em></span> <span class='ocrx_word' id='word_1_197' title='bbox 131 1948 173 2002; x_wconf 91' lang='lat' dir='ltr'><strong>lta</strong></span> <span class='ocrx_word' id='word_1_198' title='bbox 186 1949 327 2015; x_wconf 87' lang='lat' dir='ltr'><strong>vincitur,</strong></span> <span class='ocrx_word' id='word_1_199' title='bbox 341 1955 374 2002; x_wconf 92' lang='lat' dir='ltr'><strong>ut</strong></span> <span class='ocrx_word' id='word_1_200' title='bbox 385 1964 458 2021; x_wconf 89' lang='lat' dir='ltr'><strong>quae</strong></span> <span class='ocrx_word' id='word_1_201' title='bbox 469 1946 626 2014; x_wconf 82' lang='lat' dir='ltr'><strong>vitabatur,</strong></span> <span class='ocrx_word' id='word_1_202' title='bbox 641 1953 767 2019; x_wconf 88' lang='lat' dir='ltr'><strong>optetur,</strong></span> <span class='ocrx_word' id='word_1_203' title='bbox 781 1955 949 2020; x_wconf 74' lang='lat' dir='ltr'><strong>appetatur,</strong></span> <span class='ocrx_word' id='word_1_204' title='bbox 964 1956 992 2001; x_wconf 94' lang='lat' dir='ltr'><strong>et</strong></span> <span class='ocrx_word' id='word_1_205' title='bbox 1003 1946 1025 2000; x_wconf 93' lang='lat' dir='ltr'><strong>si</strong></span> <span class='ocrx_word' id='word_1_206' title='bbox 1035 1953 1105 2010; x_wconf 74' lang='lat' dir='ltr'><strong>nonpt</strong></span> <span class='ocrx_word' id='word_1_207' title='bbox 1133 1995 1140 2010; x_wconf 66' lang='grc'>,</span> 
     </span>
    </p>
   </div>
   <div class='ocr_carea' id='block_1_4' title="bbox 64 2024 1149 2356">
    <p class='ocr_par' dir='ltr' id='par_1_5' title="bbox 64 2024 1149 2356">
     <span class='ocr_line' id='line_1_22' title="bbox 131 2024 1113 2106; baseline -0.007 -21"><span class='ocrx_word' id='word_1_208' title='bbox 131 2031 224 2086; x_wconf 78' lang='lat' dir='ltr'><strong>merit</strong></span> <span class='ocrx_word' id='word_1_209' title='bbox 237 2028 354 2087; x_wconf 81' lang='lat' dir='ltr'><strong>aliunde</strong></span> <span class='ocrx_word' id='word_1_210' title='bbox 373 2031 563 2106; x_wconf 82' lang='lat' dir='ltr'><strong>contingere,</strong></span> <span class='ocrx_word' id='word_1_211' title='bbox 591 2029 625 2084; x_wconf 92' lang='lat' dir='ltr'><strong>ab</strong></span> <span class='ocrx_word' id='word_1_212' title='bbox 651 2029 715 2100; x_wconf 88' lang='lat' dir='ltr'><strong>ipso</strong></span> <span class='ocrx_word' id='word_1_213' title='bbox 739 2026 856 2084; x_wconf 90' lang='lat' dir='ltr'><strong>homine</strong></span> <span class='ocrx_word' id='word_1_214' title='bbox 878 2029 992 2084; x_wconf 88' lang='lat' dir='ltr'><strong>sibimet</strong></span> <span class='ocrx_word' id='word_1_215' title='bbox 1011 2024 1078 2083; x_wconf 78' lang='lat' dir='ltr'><strong>inlota</strong></span> <span class='ocrx_word' id='word_1_216' title='bbox 1091 2048 1113 2069; x_wconf 34' lang='lat'><strong>11111</strong></span> 
     </span>
     <span class='ocr_line' id='line_1_23' title="bbox 131 2103 1107 2190; baseline -0.007 -21"><span class='ocrx_word' id='word_1_217' title='bbox 131 2111 303 2190; x_wconf 72' lang='lat' dir='ltr'><strong>Magnetis</strong></span> <span class='ocrx_word' id='word_1_218' title='bbox 324 2121 369 2167; x_wconf 87' lang='lat' dir='ltr'><strong>est</strong></span> <span class='ocrx_word' id='word_1_219' title='bbox 386 2113 475 2168; x_wconf 88' lang='lat' dir='ltr'><strong>ineis</strong></span> <span class='ocrx_word' id='word_1_220' title='bbox 495 2112 594 2181; x_wconf 82' lang='lat' dir='ltr'><strong>malis,</strong></span> <span class='ocrx_word' id='word_1_221' title='bbox 618 2129 691 2185; x_wconf 88' lang='lat' dir='ltr'><strong>quae</strong></span> <span class='ocrx_word' id='word_1_222' title='bbox 710 2110 913 2168; x_wconf 75' lang='lat' dir='ltr'><strong>fortitudinem</strong></span> <span class='ocrx_word' id='word_1_223' title='bbox 926 2103 1107 2168; x_wconf 77' lang='lat' dir='ltr'><strong>faciuntbonid</strong></span> 
     </span>
     <span class='ocr_line' id='line_1_24' title="bbox 132 2186 1149 2270; baseline -0.004 -20"><span class='ocrx_word' id='word_1_224' title='bbox 132 2193 212 2252; x_wconf 88' lang='lat' dir='ltr'><strong>dam:</strong></span> <span class='ocrx_word' id='word_1_225' title='bbox 239 2197 265 2250; x_wconf 87' lang='lat' dir='ltr'><strong>si</strong></span> <span class='ocrx_word' id='word_1_226' title='bbox 278 2203 375 2251; x_wconf 85' lang='lat' dir='ltr'><strong>tamen</strong></span> <span class='ocrx_word' id='word_1_227' title='bbox 390 2194 482 2251; x_wconf 87' lang='lat' dir='ltr'><strong>adbuc</strong></span> <span class='ocrx_word' id='word_1_228' title='bbox 495 2195 617 2250; x_wconf 85' lang='lat' dir='ltr'><strong>dicenda</strong></span> <span class='ocrx_word' id='word_1_229' title='bbox 631 2203 676 2248; x_wconf 86' lang='lat' dir='ltr'><strong>cst</strong></span> <span class='ocrx_word' id='word_1_230' title='bbox 688 2193 848 2267; x_wconf 76' lang='lat' dir='ltr'><strong>fortitudo,</strong></span> <span class='ocrx_word' id='word_1_231' title='bbox 872 2213 946 2270; x_wconf 89' lang='lat' dir='ltr'><strong>quae</strong></span> <span class='ocrx_word' id='word_1_232' title='bbox 965 2198 1003 2252; x_wconf 88' lang='lat' dir='ltr'><strong>ita</strong></span> <span class='ocrx_word' id='word_1_233' title='bbox 1017 2193 1052 2249; x_wconf 89' lang='lat' dir='ltr'><strong>bis</strong></span> <span class='ocrx_word' id='word_1_234' title='bbox 1063 2186 1107 2246; x_wconf 73' lang='lat' dir='ltr'><strong>nd!</strong></span> <span class='ocrx_word' id='word_1_235' title='bbox 1136 2194 1149 2258; x_wconf 78' lang='lat' dir='ltr'><strong>b</strong></span> 
     </span>
     <span class='ocr_line' id='line_1_25' title="bbox 64 2275 1149 2356; baseline -0.006 -21"><span class='ocrx_word' id='word_1_236' title='bbox 64 2343 67 2352; x_wconf 45' lang='lat'><strong>,</strong></span> <span class='ocrx_word' id='word_1_237' title='bbox 132 2279 273 2349; x_wconf 87' lang='lat' dir='ltr'><strong>vincitur,</strong></span> <span class='ocrx_word' id='word_1_238' title='bbox 287 2287 320 2333; x_wconf 92' lang='lat' dir='ltr'><strong>ut</strong></span> <span class='ocrx_word' id='word_1_239' title='bbox 331 2276 489 2348; x_wconf 88' lang='lat' dir='ltr'><strong>hominem,</strong></span> <span class='ocrx_word' id='word_1_240' title='bbox 504 2296 588 2352; x_wconf 89' lang='lat' dir='ltr'><strong>quem</strong></span> <span class='ocrx_word' id='word_1_241' title='bbox 602 2279 679 2334; x_wconf 91' lang='lat' dir='ltr'><strong>sicut</strong></span> <span class='ocrx_word' id='word_1_242' title='bbox 690 2279 781 2334; x_wconf 87' lang='lat' dir='ltr'><strong>virtus</strong></span> <span class='ocrx_word' id='word_1_243' title='bbox 795 2279 959 2356; x_wconf 82' lang='lat' dir='ltr'><strong>regendum</strong></span> <span class='ocrx_word' id='word_1_244' title='bbox 971 2275 1087 2334; x_wconf 87' lang='lat' dir='ltr'><strong>tuendon</strong></span> <span class='ocrx_word' id='word_1_245' title='bbox 1112 2288 1115 2299; x_wconf 61' lang='lat'><strong>¹¹</strong></span> <span class='ocrx_word' id='word_1_246' title='bbox 1133 2287 1149 2350; x_wconf 68' lang='lat' dir='ltr'><strong>tp</strong></span> 
     </span>
    </p>
   </div>
   <div class='ocr_carea' id='block_1_5' title="bbox 42 2356 1149 2435">
    <p class='ocr_par' dir='ltr' id='par_1_6' title="bbox 42 2356 1149 2435">
     <span class='ocr_line' id='line_1_26' title="bbox 42 2356 1149 2435; baseline -0.003 -18"><span class='ocrx_word' id='word_1_247' title='bbox 42 2377 45 2388; x_wconf 89' lang='grc'><em>·</em></span> <span class='ocrx_word' id='word_1_248' title='bbox 125 2361 277 2434; x_wconf 77' lang='lat' dir='ltr'><strong>suscepit,</strong></span> <span class='ocrx_word' id='word_1_249' title='bbox 304 2379 364 2416; x_wconf 94' lang='lat' dir='ltr'><strong>non</strong></span> <span class='ocrx_word' id='word_1_250' title='bbox 376 2362 461 2418; x_wconf 91' lang='lat' dir='ltr'><strong>modo</strong></span> <span class='ocrx_word' id='word_1_251' title='bbox 476 2380 537 2416; x_wconf 90' lang='lat' dir='ltr'><strong>non</strong></span> <span class='ocrx_word' id='word_1_252' title='bbox 551 2362 645 2435; x_wconf 89' lang='lat' dir='ltr'><strong>possit</strong></span> <span class='ocrx_word' id='word_1_253' title='bbox 666 2359 718 2435; x_wconf 84' lang='lat' dir='ltr'><strong>per</strong></span> <span class='ocrx_word' id='word_1_254' title='bbox 736 2363 909 2434; x_wconf 85' lang='lat' dir='ltr'><strong>patientiam</strong></span> <span class='ocrx_word' id='word_1_255' title='bbox 929 2361 1068 2428; x_wconf 87' lang='lat' dir='ltr'><strong>custodire,</strong></span> <span class='ocrx_word' id='word_1_256' title='bbox 1084 2372 1099 2408; x_wconf 61' lang='grc' dir='ltr'><strong>ε’</strong></span> <span class='ocrx_word' id='word_1_257' title='bbox 1136 2356 1149 2433; x_wconf 72' lang='lat' dir='ltr'><strong>lp</strong></span> 
     </span>
    </p>
   </div>
   <div class='ocr_carea' id='block_1_6' title="bbox 34 2441 1149 3936">
    <p class='ocr_par' dir='ltr' id='par_1_7' title="bbox 34 2441 1149 3936">
     <span class='ocr_line' id='line_1_27' title="bbox 130 2441 1149 2522; baseline -0.003 -22"><span class='ocrx_word' id='word_1_258' title='bbox 130 2445 193 2519; x_wconf 84' lang='lat' dir='ltr'><strong>ipsa</strong></span> <span class='ocrx_word' id='word_1_259' title='bbox 208 2445 328 2518; x_wconf 84' lang='lat' dir='ltr'><strong>insuper</strong></span> <span class='ocrx_word' id='word_1_260' title='bbox 342 2455 467 2522; x_wconf 81' lang='lat' dir='ltr'><strong>cogatur</strong></span> <span class='ocrx_word' id='word_1_261' title='bbox 481 2445 622 2500; x_wconf 86' lang='lat' dir='ltr'><strong>occidere.</strong></span> <span class='ocrx_word' id='word_1_262' title='bbox 644 2443 740 2500; x_wconf 87' lang='lat' dir='ltr'><strong>Debet</strong></span> <span class='ocrx_word' id='word_1_263' title='bbox 752 2445 869 2520; x_wconf 89' lang='lat' dir='ltr'><strong>quidem</strong></span> <span class='ocrx_word' id='word_1_264' title='bbox 884 2448 971 2502; x_wconf 90' lang='lat' dir='ltr'><strong>etiam</strong></span> <span class='ocrx_word' id='word_1_265' title='bbox 983 2441 1114 2500; x_wconf 62' lang='lat' dir='ltr'><strong>mortens*</strong></span> <span class='ocrx_word' id='word_1_266' title='bbox 1138 2461 1149 2504; x_wconf 71' lang='lat' dir='ltr'><strong>t</strong></span> 
     </span>
     <span class='ocr_line' id='line_1_28' title="bbox 129 2523 1149 2603; baseline -0.004 -21"><span class='ocrx_word' id='word_1_267' title='bbox 129 2529 213 2603; x_wconf 88' lang='lat' dir='ltr'><strong>piens</strong></span> <span class='ocrx_word' id='word_1_268' title='bbox 228 2527 305 2582; x_wconf 81' lang='lat' dir='ltr'><strong>ferre</strong></span> <span class='ocrx_word' id='word_1_269' title='bbox 317 2530 474 2602; x_wconf 76' lang='lat' dir='ltr'><strong>patienter,</strong></span> <span class='ocrx_word' id='word_1_270' title='bbox 490 2527 541 2583; x_wconf 85' lang='lat' dir='ltr'><strong>sed</strong></span> <span class='ocrx_word' id='word_1_271' title='bbox 555 2545 630 2602; x_wconf 88' lang='lat' dir='ltr'><strong>quae</strong></span> <span class='ocrx_word' id='word_1_272' title='bbox 644 2526 750 2583; x_wconf 87' lang='lat' dir='ltr'><strong>accidit</strong></span> <span class='ocrx_word' id='word_1_273' title='bbox 762 2528 890 2584; x_wconf 87' lang='lat' dir='ltr'><strong>aliunde.</strong></span> <span class='ocrx_word' id='word_1_274' title='bbox 915 2527 1061 2586; x_wconf 84' lang='lat' dir='ltr'><strong>Secundam</strong></span> <span class='ocrx_word' id='word_1_275' title='bbox 1072 2523 1083 2569; x_wconf 66' lang='lat'><strong>¹,</strong></span> <span class='ocrx_word' id='word_1_276' title='bbox 1102 2524 1109 2561; x_wconf 71' lang='grc' dir='ltr'>ἴ</span> <span class='ocrx_word' id='word_1_277' title='bbox 1147 2573 1149 2578; x_wconf 81' lang='grc'>,</span> 
     </span>
     <span class='ocr_line' id='line_1_29' title="bbox 91 2601 1149 2686; baseline -0.005 -21"><span class='ocrx_word' id='word_1_278' title='bbox 91 2669 93 2674; x_wconf 58' lang='grc'><strong>,</strong></span> <span class='ocrx_word' id='word_1_279' title='bbox 130 2601 345 2683; x_wconf 65' lang='grc' dir='ltr'><strong>αυῒοιιῃίὀῐιιη</strong></span> <span class='ocrx_word' id='word_1_280' title='bbox 358 2611 413 2666; x_wconf 91' lang='lat' dir='ltr'><strong>sibi</strong></span> <span class='ocrx_word' id='word_1_281' title='bbox 430 2613 492 2685; x_wconf 86' lang='lat' dir='ltr'><strong>ipse</strong></span> <span class='ocrx_word' id='word_1_282' title='bbox 512 2611 623 2666; x_wconf 76' lang='lat' dir='ltr'><strong>inferre</strong></span> <span class='ocrx_word' id='word_1_283' title='bbox 642 2612 841 2684; x_wconf 84' lang='lat' dir='ltr'><strong>compellitur,</strong></span> <span class='ocrx_word' id='word_1_284' title='bbox 865 2613 995 2686; x_wconf 83' lang='lat' dir='ltr'><strong>profecto</strong></span> <span class='ocrx_word' id='word_1_285' title='bbox 1012 2611 1108 2666; x_wconf 64' lang='lat' dir='ltr'><strong>lateam</strong></span> <span class='ocrx_word' id='word_1_286' title='bbox 1142 2608 1149 2661; x_wconf 86' lang='lat' dir='ltr'><strong>i</strong></span> 
     </span>
     <span class='ocr_line' id='line_1_30' title="bbox 131 2692 1149 2764; baseline -0.002 -16"><span class='ocrx_word' id='word_1_287' title='bbox 131 2703 177 2748; x_wconf 90' lang='lat' dir='ltr'><strong>est</strong></span> <span class='ocrx_word' id='word_1_288' title='bbox 189 2696 242 2763; x_wconf 84' lang='lat' dir='ltr'><strong>eis,</strong></span> <span class='ocrx_word' id='word_1_289' title='bbox 258 2713 319 2764; x_wconf 88' lang='lat' dir='ltr'><strong>non</strong></span> <span class='ocrx_word' id='word_1_290' title='bbox 332 2696 428 2750; x_wconf 88' lang='lat' dir='ltr'><strong>solum</strong></span> <span class='ocrx_word' id='word_1_291' title='bbox 439 2695 526 2764; x_wconf 87' lang='lat' dir='ltr'><strong>mala,</strong></span> <span class='ocrx_word' id='word_1_292' title='bbox 540 2692 590 2748; x_wconf 91' lang='lat' dir='ltr'><strong>sed</strong></span> <span class='ocrx_word' id='word_1_293' title='bbox 603 2693 798 2749; x_wconf 81' lang='lat' dir='ltr'><strong>intolerabilia</strong></span> <span class='ocrx_word' id='word_1_294' title='bbox 811 2696 900 2751; x_wconf 89' lang='lat' dir='ltr'><strong>etiarn</strong></span> <span class='ocrx_word' id='word_1_295' title='bbox 913 2698 988 2750; x_wconf 87' lang='lat' dir='ltr'><strong>mala</strong></span> <span class='ocrx_word' id='word_1_296' title='bbox 1002 2709 1062 2761; x_wconf 84' lang='lat' dir='ltr'><strong>esse,</strong></span> <span class='ocrx_word' id='word_1_297' title='bbox 1071 2703 1092 2761; x_wconf 80' lang='lat' dir='ltr'><strong>ql</strong></span> <span class='ocrx_word' id='word_1_298' title='bbox 1110 2705 1114 2721; x_wconf 77' lang='grc'><em>”</em></span> <span class='ocrx_word' id='word_1_299' title='bbox 1137 2701 1149 2741; x_wconf 73' lang='lat' dir='ltr'><strong>t</strong></span> 
     </span>
     <span class='ocr_line' id='line_1_31' title="bbox 130 2765 1140 2854; baseline -0.004 -22"><span class='ocrx_word' id='word_1_300' title='bbox 130 2775 187 2832; x_wconf 91' lang='lat' dir='ltr'><strong>boe</strong></span> <span class='ocrx_word' id='word_1_301' title='bbox 202 2783 267 2834; x_wconf 87' lang='lat' dir='ltr'><strong>eum</strong></span> <span class='ocrx_word' id='word_1_302' title='bbox 278 2767 448 2854; x_wconf 75' lang='lat' dir='ltr'><strong>perpetrare</strong></span> <span class='ocrx_word' id='word_1_303' title='bbox 464 2778 648 2851; x_wconf 88' lang='lat' dir='ltr'><strong>compellunt.</strong></span> <span class='ocrx_word' id='word_1_304' title='bbox 670 2775 858 2853; x_wconf 72' lang='lat' dir='ltr'><strong>Vita&#39;igitur,</strong></span> <span class='ocrx_word' id='word_1_305' title='bbox 884 2795 959 2852; x_wconf 91' lang='lat' dir='ltr'><strong>quae</strong></span> <span class='ocrx_word' id='word_1_306' title='bbox 972 2781 1071 2834; x_wconf 76' lang='lat' dir='ltr'><strong>isteron</strong></span> <span class='ocrx_word' id='word_1_307' title='bbox 1079 2765 1112 2823; x_wconf 61' lang='grc' dir='ltr'><strong>Μ’</strong></span> <span class='ocrx_word' id='word_1_308' title='bbox 1139 2796 1140 2799; x_wconf 79' lang='lat'>¹</span> 
     </span>
     <span class='ocr_line' id='line_1_32' title="bbox 104 2853 1138 2940; baseline -0.002 -24"><span class='ocrx_word' id='word_1_309' title='bbox 104 2923 107 2926; x_wconf 53' lang='grc'><strong>,</strong></span> <span class='ocrx_word' id='word_1_310' title='bbox 131 2877 305 2940; x_wconf 76' lang='lat' dir='ltr'><strong>magnorum</strong></span> <span class='ocrx_word' id='word_1_311' title='bbox 323 2869 441 2935; x_wconf 87' lang='lat' dir='ltr'><strong>tamque</strong></span> <span class='ocrx_word' id='word_1_312' title='bbox 464 2861 598 2937; x_wconf 80' lang='lat' dir='ltr'><strong>gravium</strong></span> <span class='ocrx_word' id='word_1_313' title='bbox 621 2862 762 2914; x_wconf 86' lang='lat' dir='ltr'><strong>malorum</strong></span> <span class='ocrx_word' id='word_1_314' title='bbox 784 2871 836 2916; x_wconf 92' lang='lat' dir='ltr'><strong>aut</strong></span> <span class='ocrx_word' id='word_1_315' title='bbox 854 2864 996 2935; x_wconf 83' lang='lat' dir='ltr'><strong>premitur</strong></span> <span class='ocrx_word' id='word_1_316' title='bbox 1012 2853 1109 2915; x_wconf 68' lang='lat' dir='ltr'><strong>onuba</strong></span> <span class='ocrx_word' id='word_1_317' title='bbox 1132 2925 1138 2936; x_wconf 9' lang='lat'>¹</span> 
     </span>
     <span class='ocr_line' id='line_1_33' title="bbox 130 2937 1147 3016; baseline -0.013 -17"><span class='ocrx_word' id='word_1_318' title='bbox 130 2952 182 2999; x_wconf 91' lang='lat' dir='ltr'><strong>aut</strong></span> <span class='ocrx_word' id='word_1_319' title='bbox 194 2943 326 3000; x_wconf 84' lang='lat' dir='ltr'><strong>subiacet</strong></span> <span class='ocrx_word' id='word_1_320' title='bbox 339 2943 469 3013; x_wconf 84' lang='lat' dir='ltr'><strong>casibus,</strong></span> <span class='ocrx_word' id='word_1_321' title='bbox 493 2943 573 2998; x_wconf 91' lang='lat' dir='ltr'><strong>nullo</strong></span> <span class='ocrx_word' id='word_1_322' title='bbox 594 2942 678 2998; x_wconf 88' lang='lat' dir='ltr'><strong>modo</strong></span> <span class='ocrx_word' id='word_1_323' title='bbox 698 2943 782 2999; x_wconf 88' lang='lat' dir='ltr'><strong>beato</strong></span> <span class='ocrx_word' id='word_1_324' title='bbox 800 2943 966 3016; x_wconf 85' lang='lat' dir='ltr'><strong>diceretur,</strong></span> <span class='ocrx_word' id='word_1_325' title='bbox 989 2947 1012 3001; x_wconf 81' lang='lat' dir='ltr'><strong>si</strong></span> <span class='ocrx_word' id='word_1_326' title='bbox 1027 2937 1118 3004; x_wconf 46' lang='lat' dir='ltr'><strong>bonine¹</strong></span> <span class='ocrx_word' id='word_1_327' title='bbox 1144 2966 1147 2973; x_wconf 87' lang='lat'>·</span> 
     </span>
     <span class='ocr_line' id='line_1_34' title="bbox 87 3015 1146 3102; baseline -0.008 -21"><span class='ocrx_word' id='word_1_328' title='bbox 87 3041 91 3048; x_wconf 64' lang='lat'><em>¹</em></span> <span class='ocrx_word' id='word_1_329' title='bbox 130 3027 181 3100; x_wconf 91' lang='lat' dir='ltr'><strong>qui</strong></span> <span class='ocrx_word' id='word_1_330' title='bbox 193 3026 248 3082; x_wconf 89' lang='lat' dir='ltr'><strong>hoo</strong></span> <span class='ocrx_word' id='word_1_331' title='bbox 263 3026 378 3097; x_wconf 83' lang='lat' dir='ltr'><strong>dieunt,</strong></span> <span class='ocrx_word' id='word_1_332' title='bbox 397 3028 473 3086; x_wconf 86' lang='lat' dir='ltr'><strong>sieut</strong></span> <span class='ocrx_word' id='word_1_333' title='bbox 486 3027 558 3082; x_wconf 87' lang='lat' dir='ltr'><strong>vieti</strong></span> <span class='ocrx_word' id='word_1_334' title='bbox 572 3027 655 3080; x_wconf 80' lang='lat' dir='ltr'><strong>nralis</strong></span> <span class='ocrx_word' id='word_1_335' title='bbox 670 3027 957 3102; x_wconf 80' lang='lat' dir='ltr'><strong>ingravescentibus,</strong></span> <span class='ocrx_word' id='word_1_336' title='bbox 970 3043 1031 3084; x_wconf 78' lang='lat' dir='ltr'><strong>eunt</strong></span> <span class='ocrx_word' id='word_1_337' title='bbox 1041 3015 1112 3079; x_wconf 71' lang='lat' dir='ltr'><strong>sibiit&#39;</strong></span> <span class='ocrx_word' id='word_1_338' title='bbox 1145 3048 1146 3059; x_wconf 62' lang='lat'>2</span> 
     </span>
     <span class='ocr_line' id='line_1_35' title="bbox 34 3101 1149 3186; baseline -0.003 -21"><span class='ocrx_word' id='word_1_339' title='bbox 34 3165 36 3178; x_wconf 75' lang='grc'>,</span> <span class='ocrx_word' id='word_1_340' title='bbox 129 3119 239 3186; x_wconf 83' lang='lat' dir='ltr'><strong>gerunt</strong></span> <span class='ocrx_word' id='word_1_341' title='bbox 250 3119 388 3179; x_wconf 89' lang='lat' dir='ltr'><strong>mertem,</strong></span> <span class='ocrx_word' id='word_1_342' title='bbox 412 3108 521 3166; x_wconf 86' lang='lat' dir='ltr'><strong>cedunt</strong></span> <span class='ocrx_word' id='word_1_343' title='bbox 540 3108 723 3180; x_wconf 81' lang='lat' dir='ltr'><strong>infelicitati,</strong></span> <span class='ocrx_word' id='word_1_344' title='bbox 747 3111 789 3164; x_wconf 91' lang='lat' dir='ltr'><strong>ita</strong></span> <span class='ocrx_word' id='word_1_345' title='bbox 802 3111 876 3166; x_wconf 81' lang='lat' dir='ltr'><strong>victi</strong></span> <span class='ocrx_word' id='word_1_346' title='bbox 890 3114 979 3167; x_wconf 87' lang='lat' dir='ltr'><strong>certis</strong></span> <span class='ocrx_word' id='word_1_347' title='bbox 991 3101 1120 3168; x_wconf 60' lang='lat' dir='ltr'><strong>reticebo</strong></span> <span class='ocrx_word' id='word_1_348' title='bbox 1133 3101 1149 3127; x_wconf 60' lang='lat'><strong>‘⁵</strong></span> 
     </span>
     <span class='ocr_line' id='line_1_36' title="bbox 129 3179 1144 3268; baseline 0.005 -20"><span class='ocrx_word' id='word_1_349' title='bbox 129 3211 198 3248; x_wconf 90' lang='lat' dir='ltr'><strong>eum</strong></span> <span class='ocrx_word' id='word_1_350' title='bbox 222 3201 366 3268; x_wconf 85' lang='lat' dir='ltr'><strong>quaerunt</strong></span> <span class='ocrx_word' id='word_1_351' title='bbox 387 3192 501 3249; x_wconf 85' lang='lat' dir='ltr'><strong>beatam</strong></span> <span class='ocrx_word' id='word_1_352' title='bbox 524 3193 629 3262; x_wconf 83' lang='lat' dir='ltr'><strong>ritem,</strong></span> <span class='ocrx_word' id='word_1_353' title='bbox 650 3190 846 3268; x_wconf 82' lang='lat' dir='ltr'><strong>dignarentur</strong></span> <span class='ocrx_word' id='word_1_354' title='bbox 863 3194 968 3250; x_wconf 87' lang='lat' dir='ltr'><strong>cedere</strong></span> <span class='ocrx_word' id='word_1_355' title='bbox 984 3179 1110 3252; x_wconf 63' lang='lat' dir='ltr'><strong>veriani</strong></span> <span class='ocrx_word' id='word_1_356' title='bbox 1134 3198 1144 3223; x_wconf 84' lang='lat'><strong>&#39;&#39;</strong></span> 
     </span>
     <span class='ocr_line' id='line_1_37' title="bbox 127 3275 1136 3350; baseline -0.004 -19"><span class='ocrx_word' id='word_1_357' title='bbox 127 3292 189 3332; x_wconf 89' lang='lat' dir='ltr'><strong>non</strong></span> <span class='ocrx_word' id='word_1_358' title='bbox 203 3275 259 3330; x_wconf 89' lang='lat' dir='ltr'><strong>sibi</strong></span> <span class='ocrx_word' id='word_1_359' title='bbox 271 3285 411 3350; x_wconf 88' lang='lat' dir='ltr'><strong>putarent</strong></span> <span class='ocrx_word' id='word_1_360' title='bbox 422 3277 453 3331; x_wconf 93' lang='lat' dir='ltr'><strong>in</strong></span> <span class='ocrx_word' id='word_1_361' title='bbox 471 3277 529 3330; x_wconf 89' lang='lat' dir='ltr'><strong>ista</strong></span> <span class='ocrx_word' id='word_1_362' title='bbox 549 3277 725 3330; x_wconf 87' lang='lat' dir='ltr'><strong>mortalitate</strong></span> <span class='ocrx_word' id='word_1_363' title='bbox 739 3275 799 3330; x_wconf 82' lang='lat' dir='ltr'><strong>line</strong></span> <span class='ocrx_word' id='word_1_364' title='bbox 812 3279 920 3333; x_wconf 84' lang='lat' dir='ltr'><strong>summi</strong></span> <span class='ocrx_word' id='word_1_365' title='bbox 934 3279 1000 3335; x_wconf 93' lang='lat' dir='ltr'><strong>boni</strong></span> <span class='ocrx_word' id='word_1_366' title='bbox 1012 3291 1062 3331; x_wconf 84' lang='lat' dir='ltr'><strong>esse</strong></span> <span class='ocrx_word' id='word_1_367' title='bbox 1071 3277 1111 3344; x_wconf 68' lang='lat'><strong>5¹¹·</strong></span> <span class='ocrx_word' id='word_1_368' title='bbox 1135 3278 1136 3281; x_wconf 75' lang='grc'>’</span> 
     </span>
     <span class='ocr_line' id='line_1_38' title="bbox 128 3355 1111 3432; baseline 0 -20"><span class='ocrx_word' id='word_1_369' title='bbox 128 3357 271 3429; x_wconf 84' lang='lat' dir='ltr'><strong>dendum3</strong></span> <span class='ocrx_word' id='word_1_370' title='bbox 293 3358 343 3414; x_wconf 91' lang='lat' dir='ltr'><strong>ubi</strong></span> <span class='ocrx_word' id='word_1_371' title='bbox 355 3360 481 3417; x_wconf 83' lang='lat' dir='ltr'><strong>virtutes</strong></span> <span class='ocrx_word' id='word_1_372' title='bbox 495 3360 585 3432; x_wconf 85' lang='lat' dir='ltr'><strong>ipsae,</strong></span> <span class='ocrx_word' id='word_1_373' title='bbox 600 3359 703 3432; x_wconf 89' lang='lat' dir='ltr'><strong>quibus</strong></span> <span class='ocrx_word' id='word_1_374' title='bbox 719 3357 767 3413; x_wconf 91' lang='lat' dir='ltr'><strong>hie</strong></span> <span class='ocrx_word' id='word_1_375' title='bbox 781 3368 861 3415; x_wconf 89' lang='lat' dir='ltr'><strong>corte</strong></span> <span class='ocrx_word' id='word_1_376' title='bbox 875 3360 949 3418; x_wconf 91' lang='lat' dir='ltr'><strong>nihil</strong></span> <span class='ocrx_word' id='word_1_377' title='bbox 961 3360 1053 3419; x_wconf 88' lang='lat' dir='ltr'><strong>melius</strong></span> <span class='ocrx_word' id='word_1_378' title='bbox 1063 3355 1111 3420; x_wconf 61' lang='lat' dir='ltr'><strong>obli</strong></span> 
     </span>
     <span class='ocr_line' id='line_1_39' title="bbox 126 3432 1139 3516; baseline -0.001 -21"><span class='ocrx_word' id='word_1_379' title='bbox 126 3442 230 3496; x_wconf 83' lang='lat' dir='ltr'><strong>utilius</strong></span> <span class='ocrx_word' id='word_1_380' title='bbox 245 3441 276 3496; x_wconf 89' lang='lat' dir='ltr'><strong>in</strong></span> <span class='ocrx_word' id='word_1_381' title='bbox 290 3439 406 3498; x_wconf 87' lang='lat' dir='ltr'><strong>bomine</strong></span> <span class='ocrx_word' id='word_1_382' title='bbox 420 3443 578 3516; x_wconf 86' lang='lat' dir='ltr'><strong>reperitur,</strong></span> <span class='ocrx_word' id='word_1_383' title='bbox 606 3451 715 3516; x_wconf 85' lang='lat' dir='ltr'><strong>quanto</strong></span> <span class='ocrx_word' id='word_1_384' title='bbox 728 3444 842 3498; x_wconf 89' lang='lat' dir='ltr'><strong>maiora</strong></span> <span class='ocrx_word' id='word_1_385' title='bbox 856 3455 927 3500; x_wconf 88' lang='lat' dir='ltr'><strong>sunt</strong></span> <span class='ocrx_word' id='word_1_386' title='bbox 939 3443 1112 3502; x_wconf 73' lang='lat' dir='ltr'><strong>adiutorioetl&#39;</strong></span> <span class='ocrx_word' id='word_1_387' title='bbox 1137 3432 1139 3453; x_wconf 55' lang='lat'>³</span> 
     </span>
     <span class='ocr_line' id='line_1_40' title="bbox 66 3507 1149 3599; baseline -0.004 -21"><span class='ocrx_word' id='word_1_388' title='bbox 66 3553 67 3562; x_wconf 27' lang='grc' dir='ltr'><strong>κ</strong></span> <span class='ocrx_word' id='word_1_389' title='bbox 127 3532 177 3579; x_wconf 82' lang='lat' dir='ltr'><strong>tra</strong></span> <span class='ocrx_word' id='word_1_390' title='bbox 188 3526 248 3581; x_wconf 61' lang='lat' dir='ltr'><strong>mm</strong></span> <span class='ocrx_word' id='word_1_391' title='bbox 260 3525 470 3599; x_wconf 86' lang='lat' dir='ltr'><strong>periculorum,</strong></span> <span class='ocrx_word' id='word_1_392' title='bbox 484 3523 624 3596; x_wconf 85' lang='lat' dir='ltr'><strong>laborum,</strong></span> <span class='ocrx_word' id='word_1_393' title='bbox 640 3523 781 3595; x_wconf 90' lang='lat' dir='ltr'><strong>dolorum,</strong></span> <span class='ocrx_word' id='word_1_394' title='bbox 794 3535 879 3584; x_wconf 88' lang='lat' dir='ltr'><strong>tanto</strong></span> <span class='ocrx_word' id='word_1_395' title='bbox 892 3527 1019 3585; x_wconf 84' lang='lat' dir='ltr'><strong>fideliora</strong></span> <span class='ocrx_word' id='word_1_396' title='bbox 1028 3519 1112 3581; x_wconf 64' lang='lat' dir='ltr'><strong>teatin</strong></span> <span class='ocrx_word' id='word_1_397' title='bbox 1140 3507 1149 3562; x_wconf 70' lang='lat' dir='ltr'><strong>l</strong></span> 
     </span>
     <span class='ocr_line' id='line_1_41' title="bbox 83 3591 1149 3688; baseline 0.001 -27"><span class='ocrx_word' id='word_1_398' title='bbox 83 3655 84 3660; x_wconf 73' lang='grc'>,</span> <span class='ocrx_word' id='word_1_399' title='bbox 126 3606 178 3661; x_wconf 89' lang='lat' dir='ltr'><strong>nia</strong></span> <span class='ocrx_word' id='word_1_400' title='bbox 190 3607 383 3688; x_wconf 85' lang='lat' dir='ltr'><strong>miseriarum.</strong></span> <span class='ocrx_word' id='word_1_401' title='bbox 419 3606 453 3664; x_wconf 82' lang='lat' dir='ltr'><strong>Sl</strong></span> <span class='ocrx_word' id='word_1_402' title='bbox 467 3609 545 3663; x_wconf 89' lang='lat' dir='ltr'><strong>enim</strong></span> <span class='ocrx_word' id='word_1_403' title='bbox 557 3625 645 3663; x_wconf 78' lang='lat' dir='ltr'><strong>rarae</strong></span> <span class='ocrx_word' id='word_1_404' title='bbox 658 3609 783 3664; x_wconf 81' lang='lat' dir='ltr'><strong>virtutes</strong></span> <span class='ocrx_word' id='word_1_405' title='bbox 799 3619 883 3682; x_wconf 88' lang='lat' dir='ltr'><strong>sunt,</strong></span> <span class='ocrx_word' id='word_1_406' title='bbox 903 3629 977 3688; x_wconf 86' lang='lat' dir='ltr'><strong>quae</strong></span> <span class='ocrx_word' id='word_1_407' title='bbox 993 3609 1044 3667; x_wconf 86' lang='lat' dir='ltr'><strong>nisi</strong></span> <span class='ocrx_word' id='word_1_408' title='bbox 1054 3594 1114 3659; x_wconf 72' lang='lat' dir='ltr'><strong>incl,</strong></span> <span class='ocrx_word' id='word_1_409' title='bbox 1143 3591 1149 3661; x_wconf 72' lang='lat'><strong>.‘</strong></span> 
     </span>
     <span class='ocr_line' id='line_1_42' title="bbox 127 3673 1149 3769; baseline 0.002 -27"><span class='ocrx_word' id='word_1_410' title='bbox 127 3687 233 3762; x_wconf 86' lang='lat' dir='ltr'><strong>quibus</strong></span> <span class='ocrx_word' id='word_1_411' title='bbox 247 3709 317 3746; x_wconf 86' lang='lat' dir='ltr'><strong>vera</strong></span> <span class='ocrx_word' id='word_1_412' title='bbox 331 3693 409 3746; x_wconf 89' lang='lat' dir='ltr'><strong>inest</strong></span> <span class='ocrx_word' id='word_1_413' title='bbox 421 3693 540 3765; x_wconf 85' lang='lat' dir='ltr'><strong>pietas,</strong></span> <span class='ocrx_word' id='word_1_414' title='bbox 553 3709 617 3746; x_wconf 87' lang='lat' dir='ltr'><strong>esse</strong></span> <span class='ocrx_word' id='word_1_415' title='bbox 632 3709 691 3746; x_wconf 92' lang='lat' dir='ltr'><strong>non</strong></span> <span class='ocrx_word' id='word_1_416' title='bbox 705 3701 845 3765; x_wconf 72' lang='lat' dir='ltr'><strong>possunt,</strong></span> <span class='ocrx_word' id='word_1_417' title='bbox 872 3713 934 3750; x_wconf 91' lang='lat' dir='ltr'><strong>non</strong></span> <span class='ocrx_word' id='word_1_418' title='bbox 948 3715 979 3752; x_wconf 84' lang='lat' dir='ltr'><strong>se</strong></span> <span class='ocrx_word' id='word_1_419' title='bbox 990 3685 1115 3769; x_wconf 71' lang='lat' dir='ltr'><strong>prolittlllr</strong></span> <span class='ocrx_word' id='word_1_420' title='bbox 1145 3673 1149 3710; x_wconf 83' lang='lat'><strong>¹</strong></span> 
     </span>
     <span class='ocr_line' id='line_1_43' title="bbox 126 3755 1149 3851; baseline 0.007 -27"><span class='ocrx_word' id='word_1_421' title='bbox 126 3767 183 3825; x_wconf 88' lang='lat' dir='ltr'><strong>boe</strong></span> <span class='ocrx_word' id='word_1_422' title='bbox 201 3789 303 3845; x_wconf 83' lang='lat' dir='ltr'><strong>posse,</strong></span> <span class='ocrx_word' id='word_1_423' title='bbox 331 3777 365 3829; x_wconf 80' lang='lat' dir='ltr'><strong>ut&#39;</strong></span> <span class='ocrx_word' id='word_1_424' title='bbox 388 3775 483 3830; x_wconf 87' lang='lat' dir='ltr'><strong>nullas</strong></span> <span class='ocrx_word' id='word_1_425' title='bbox 504 3774 638 3830; x_wconf 87' lang='lat' dir='ltr'><strong>miserias</strong></span> <span class='ocrx_word' id='word_1_426' title='bbox 657 3776 810 3847; x_wconf 87' lang='lat' dir='ltr'><strong>potiantur</strong></span> <span class='ocrx_word' id='word_1_427' title='bbox 831 3775 980 3851; x_wconf 89' lang='lat' dir='ltr'><strong>homines,</strong></span> <span class='ocrx_word' id='word_1_428' title='bbox 1002 3778 1029 3832; x_wconf 94' lang='lat' dir='ltr'><strong>in</strong></span> <span class='ocrx_word' id='word_1_429' title='bbox 1049 3763 1114 3846; x_wconf 64' lang='lat' dir='ltr'><strong>qliW</strong></span> <span class='ocrx_word' id='word_1_430' title='bbox 1146 3755 1149 3786; x_wconf 72' lang='lat'>¹</span> 
     </span>
     <span class='ocr_line' id='line_1_44' title="bbox 126 3839 1149 3936; baseline 0.012 -29"><span class='ocrx_word' id='word_1_431' title='bbox 126 3863 209 3932; x_wconf 75' lang='lat' dir='ltr'><strong>sunt:</strong></span> <span class='ocrx_word' id='word_1_432' title='bbox 236 3853 331 3930; x_wconf 85' lang='lat' dir='ltr'><strong>noque</strong></span> <span class='ocrx_word' id='word_1_433' title='bbox 351 3857 429 3912; x_wconf 88' lang='lat' dir='ltr'><strong>enim</strong></span> <span class='ocrx_word' id='word_1_434' title='bbox 442 3856 597 3914; x_wconf 83' lang='lat' dir='ltr'><strong>mendaces</strong></span> <span class='ocrx_word' id='word_1_435' title='bbox 612 3866 681 3916; x_wconf 85' lang='lat' dir='ltr'><strong>sunt</strong></span> <span class='ocrx_word' id='word_1_436' title='bbox 695 3861 941 3936; x_wconf 71' lang='lat' dir='ltr'><strong>rcrae&#39;virtutes,</strong></span> <span class='ocrx_word' id='word_1_437' title='bbox 964 3839 1112 3931; x_wconf 55' lang='lat' dir='ltr'><strong>utboepffld</strong></span> <span class='ocrx_word' id='word_1_438' title='bbox 1148 3849 1149 3866; x_wconf 56' lang='lat'><em>²</em></span> 
     </span>
    </p>
   </div>
   <div class='ocr_carea' id='block_1_7' title="bbox 0 0 1161 4306">
    <p class='ocr_par' dir='ltr' id='par_1_8' title="bbox 0 0 1161 4306">
     <span class='ocr_line' id='line_1_45' title="bbox 0 0 1161 4306; baseline 0 0"><span class='ocrx_word' id='word_1_439' title='bbox 0 0 1161 4306; x_wconf 95' lang='lat' dir='ltr'><strong> </strong></span> 
     </span>
    </p>
   </div>
  </div>
 </body>
</html>
