2324 4312
175 218 234 278 on
258 217 679 308 cinnamomum.
702 219 813 316 xx„
932 229 993 286 ooo

20 392 32 430 ι
49 380 80 431 et
94 375 297 432 vivacissimus
310 375 430 448 vermie,
444 375 479 433 ab
490 375 555 432 iliis
567 361 652 452 atque
665 377 731 434 aliie
742 378 827 433 aliter
838 343 925 462 atque
939 383 991 438 ali-

20 467 64 518 ιιι
76 460 241 534 expositum
276 459 336 516 Alii
348 460 454 535 quippe
468 471 624 535 utrumque
636 460 676 528 ad·
687 479 802 534 eorpuS,
817 463 869 528 alii
878 472 993 521 utrum·
1058 471 1060 476 ’
1074 481 1077 494 ‘

20 543 67 599 nd
80 545 214 599 animum
226 543 405 600 retulerunt:
429 545 480 600 aiii
493 545 611 618 proprie
624 544 661 600 ad
674 562 778 617 corpur
792 545 906 621 ignem,
930 556 993 603 tro-

33 626 75 682 ad
89 625 223 682 enititum
234 643 378 696 vermem,
402 625 477 702 quod
496 626 662 686 credibilius
683 645 747 684 esre
765 627 890 687 videtur.
935 629 994 687 Sed

20 727 36 765 a
53 708 90 766 de
103 708 160 765 hac
172 706 338 766 differentia
351 727 411 766 non
425 719 471 768 est
484 706 596 788 [huius]
610 711 750 784 temporie
764 711 920 786 disputare.
940 705 994 771 'De

20 795 67 850 =io
82 809 210 867 namquo
223 793 336 864 menno,
360 811 418 867 quo
432 792 484 850 fiet
497 794 631 856 diremtio
644 794 787 878 bonorum
800 799 993 868 etmalorum,
1051 795 1055 802 ’

20 877 166 932 volumen
179 875 298 948 implere
311 876 504 949 euacepiinuo:
519 874 638 949 deipsis
651 895 720 934 vero
731 877 868 949 praemiis
881 885 990 949 etpoe-

20 956 279 1029 eliardiligentiua
292 955 558 1030 &renaudumeet
983 981 985 988 >

227 1159 233 1176 Ι
313 1118 443 1190 GAP,
479 1117 641 1182 xx111.

20 1231 28 1266 t
35 1215 249 1289 prophetaverit
258 1212 362 1268 Daniel
370 1217 402 1270 de
412 1216 598 1284 peraeentione
608 1209 786 1282 Antieiiitti,
806 1225 833 1272 et
847 1218 879 1270 de
893 1217 993 1272 iuditio

259 1311 262 1316 ¹
275 1283 347 1350 Dei,
357 1303 491 1356 regnoque
500 1295 663 1350 sanctorum.
780 1357 787 1364 ,

20 1373 130 1436 )aniel
142 1376 179 1433 de
192 1375 248 1434 hoc
261 1377 363 1434 ultimo
376 1375 486 1436 iudicio
500 1379 543 1434 eic
556 1374 724 1452 prophetat,
738 1385 772 1433 ut
783 1375 992 1434 Antichristunr

20 1479 35 1518 e
54 1480 174 1538 quoque
192 1468 357 1518 venturum
368 1478 433 1518 osse
450 1461 656 1538 praenuntiet,
680 1470 769 1536 atque
789 1459 826 1516 ad
839 1472 991 1517 aeternum

20 1563 80 1603 urm
93 1553 264 1602 sanctorum
277 1541 416 1618 perinent
428 1546 627 1622 narrationem
640 1561 730 1598 auam.
766 1541 839 1602 Cum
851 1546 931 1600 eninr
946 1545 991 1599 ri-

20 1627 230 1704 epropiretioa
248 1635 374 1702 quatuor
391 1627 500 1684 bestiae
524 1625 728 1706 significanter
750 1637 876 1702 quatuor
898 1645 992 1704 regna

20 1722 92 1784 aet3
106 1713 261 1786 ipsumque
273 1719 408 1786 quartum
420 1729 438 1766 a
450 1711 576 1787 quodam
587 1729 660 1788 rege
673 1720 851 1784 superatum,
864 1701 916 1785 quit
929 1711 989 1766 An-

20 1797 106 1854 ietur
120 1793 309 1872 agnoscitur3
324 1802 354 1849 et
365 1793 516 1868 posthaec
530 1802 681 1850 aeternum
692 1793 885 1870 regnunrfilii
897 1791 990 1850 honri-

32 1881 90 1957 qui
102 1878 281 1954 intelligitur
294 1869 440 1935 Christus:
465 1873 608 1946 Horruit,
631 1877 739 1952 inquit,
762 1879 888 1955 spiritua
902 1894 990 1952 meaa,

20 1960 137 2021 Daniel
148 1963 179 2018 in
192 1959 363 2017 babitudine
376 1955 574 2038 [hebetudine]
588 1980 663 2030 mea,
679 1968 709 2016 et
720 1962 801 2018 ritae
813 1961 923 2036 capitia
935 1962 993 2016 mei

20 2045 175 2105 artatam
187 2063 240 2100 me.
274 2042 317 2100 Et
329 2045 452 2114 oeeetti,
464 2045 571 2117 iuquit,
585 2044 628 2102 ad
639 2062 726 2102 unam
740 2044 776 2101 de
788 2043 947 2112 stertitur,
962 2053 991 2100 et

20 2140 113 2188 ‘atem
131 2126 307 2205 quaerebam
320 2126 357 2183 ab
371 2145 403 2184 eo
416 2127 452 2185 de
464 2125 512 2185 bia
526 2127 672 2187 omnibuis
695 2127 815 2196 etdiait
828 2125 901 2185 aiibi
911 2128 990 2184 veri-

20 2231 54 2272 m.
67 2210 198 2283 Deinde,
211 2209 281 2284 quid
291 2209 416 2267 audierit
425 2211 460 2266 ab
471 2212 533 2284 illo,
548 2210 631 2286 aquo
645 2210 680 2266 de
694 2211 828 2269 omnibus
841 2208 887 2265 hio
902 2209 1007 2284 quael⁴

22 2337 36 2370 ‚
58 2306 203 2370 tanquam
220 2311 256 2348 eo
269 2293 325 2349 eibi
342 2302 524 2368 exponente,
547 2295 591 2350 sio
607 2295 748 2369 loquitur:
774 2291 844 2352 Hae
863 2304 991 2370 puratum·

20 2381 63 2439 aa
75 2396 221 2455 magnae,
243 2377 372 2455 'quatuor
388 2395 484 2452 regna
498 2386 623 2452 turgent
636 2379 666 2433 in
680 2371 785 2434 terra:
810 2396 884 2454 quae
902 2377 992 2448 aufe-

20 2481 68 2536 κν,
83 2473 115 2521 et
127 2461 278 2539 aeemient
291 2478 414 2536 regnum
426 2462 526 2517 tancti
537 2458 705 2516 Altirtimi:
720 2469 759 2516 et
772 2461 940 2519 obtinebant
954 2461 991 2516 il-

20 2565 108 2625 taque
120 2546 152 2602 in
165 2542 329 2612 ramulam,
353 2553 383 2600 et
399 2560 490 2620 napae
502 2544 534 2600 in
547 2542 694 2599 enecatum
714 2542 907 2601 taeeulorum.
949 2542 991 2600 Et

20 2630 142 2698 echan,
154 2628 263 2702 inquit,
276 2627 437 2702 diligenter
451 2626 487 2684 da
499 2625 596 2683 bertin
609 2632 736 2701 quarta,
755 2643 830 2701 puae
844 2637 911 2682 erat
925 2627 989 2698 dif-
1066 2700 1074 2706 ,

20 2731 147 2792 ntprae
158 2712 238 2768 omni
250 2710 357 2780 beotia,
370 2709 518 2768 terribilia
531 2708 677 2787 ampliat:
690 2708 792 2766 denter
806 2710 869 2766 eiua
873 2708 990 2779 ferrei,

20 2813 113 2874 aguet
126 2796 190 2854 eiua
203 2795 295 2863 aerei,
315 2793 496 2852 manducone
502 2789 538 2850 'et
550 2792 755 2862 comminuent,
767 2801 798 2849 et
811 2791 926 2869 reliqua
934 2809 990 2867 pe-

20 2881 113 2950 eaaia
126 2876 319 2946 conculcant:
332 2876 412 2934 etde
424 2875 560 2932 carnibaa
574 2876 637 2934 aitte
649 2875 757 2947 decem,
770 2893 844 2952 qnae
858 2884 946 2932 erant
959 2876 990 2930 in

20 2973 57 3024 te
65 2963 141 3032 ciat,
155 2971 187 3019 et
198 2961 234 3018 de
247 2960 345 3018 altero
357 2959 435 3036 qaod
447 2959 619 3029 caemar,
643 2967 674 3016 et
687 2961 818 3016 eacaaeit
830 2959 866 3016 de
872 2958 990 3036 prioci-

20 3049 104 3104 tria:
127 3063 219 3103 cornu
232 3042 350 3100 illudio
364 3060 419 3120 quo
434 3052 525 3102 erant
536 3041 625 3112 oculi,
644 3052 675 3098 et
686 3060 718 3100 ce
732 3042 850 3120 laquem
864 3058 990 3115 magna;

20 3130 77 3190 ⁵tuta
91 3130 156 3186 eiua
167 3128 263 3183 maior
276 3127 412 3183 caeterie
453 3124 606 3196 Videbam,
619 3135 650 3184 et
662 3144 752 3184 cornu
763 3125 839 3183 illud
847 3124 991 3198 faciebat

20 3211 269 3270 menmaanctie:
281 3207 753 3287 etpraecolebatadipeoo,donee
762 3211 843 3272 canit
855 3217 989 3266 actitatae

20 3313 78 3366 um,
92 3304 123 3352 et
136 3311 261 3368 regnam
273 3291 355 3349 dedit
365 3289 656 3350 tanctiaAltiaeimi:
673 3302 703 3350 et
716 3303 830 3368 tempera
836 3291 988 3369 pervenit,

20 3395 121 3456 igmtm
134 3375 325 3433 obtinuerant
336 3379 443 3433 tancti.
474 3374 557 3432 Haeo
570 3374 679 3432 Daniel
693 3377 843 3450 quaesiere
857 3393 889 3430 ae
902 3372 988 3428 dixit.
1055 3401 1056 3406 κ

20 3462 72 3517 ede.
82 3459 153 3536 quid
167 3456 301 3528 audierit,
315 3459 456 3516 continuo
468 3457 663 3536 subiungens:
677 3457 720 3516 Et
734 3458 825 3528 diait,
837 3457 945 3534 inquit,
959 3453 989 3510 id

20 3543 72 3600 ilie
85 3561 103 3600 a
116 3561 175 3618 quo
187 3542 367 3616 quaesierat,
390 3542 556 3616 respondit,
582 3550 612 3596 et
630 3542 720 3598 dixit:
746 3539 854 3598 Bettia
867 3549 987 3618 quarta,
1037 3535 1040 3542 ’
1064 3577 1065 3582 1

20 3638 92 3686 'tum
110 3643 234 3701 regnam
255 3626 314 3681 erit
334 3626 364 3680 in
378 3635 480 3704 terra,
496 3625 581 3703 -qaod
592 3623 784 3702 praevalebit
795 3625 927 3682 omnibns
940 3643 988 3681 re-

21 3729 36 3782 ,·
49 3721 81 3768 et
93 3707 284 3766 manducabit
294 3725 402 3764 omnem
413 3717 540 3777 terram,
551 3718 582 3766 et
594 3706 774 3764 conculcabit
789 3727 862 3779 eam,
876 3719 906 3765 et
919 3727 986 3766 con-

20 3801 40 3850 t.
65 3793 105 3850 Et
118 3793 218 3850 decem
232 3809 343 3846 cornua
356 3794 429 3861 eido,
441 3792 538 3849 decem
552 3807 637 3866 reget
647 3798 790 3866 turgent:
815 3799 925 3870 etpost
939 3809 987 3848 ece

20 3886 58 3938 ret
73 3875 166 3944 aliut,
189 3875 241 3950 qui
261 3873 413 3950 superabit
433 3871 520 3952 [anie]
539 3874 626 3931 malie
639 3889 751 3944 amaea,
778 3875 911 3951 quiante
926 3893 988 3934 earn
