2362 4312
33 113 35 116 ’
83 125 124 182 ao
167 71 173 77 ⁵
279 69 612 201 bisinianen
644 115 909 202 snevsmnr
1010 171 1017 192 ,

25 313 27 318 ,
64 281 67 324 ἶ
84 272 152 332 ideo
167 288 354 347 nequaquam
368 277 473 326 contra
485 267 543 324 hoc
556 279 746 343 praeceptum
759 270 911 340 fecerunt,
939 289 998 345 quo
1012 270 1143 326 dictum

83 367 141 434 est,
167 353 233 412 Noa
247 355 381 423 occides,
407 351 460 426 qui
473 351 538 408 Deo
552 362 675 430 auctore
688 355 762 409 bella
781 361 958 432 gesserunt,
984 364 1038 410 aut
1054 372 1135 428 pera

85 460 190 518 sonam
203 446 342 535 gerentes
355 436 489 511 publicae
503 439 660 534 potestatis
675 436 839 494 secuudum
858 438 924 494 elus
945 438 1046 515 leges,
1066 437 1126 494 hoe

66 535 67 538 ’
87 512 147 596 cst,
174 523 356 579 iustissimae
375 521 529 575 rationis'
521 522 693 594 smperium,
720 523 881 576 sceleratos
900 531 998 578 morte
1016 523 1110 597 punie-

47 621 49 630 ’
84 617 165 666 runt.
209 605 249 664 ht
261 603 408 662 Abraham
431 623 492 661 non
506 607 603 662 solum
629 623 691 662 non
711 615 758 661 est
780 607 918 682 culpatus
938 605 1109 662 crudelitatis

86 694 222 764 crimine,
249 707 353 756 verum
365 690 454 744 etiam
465 687 604 744 laudatus
618 693 664 745 est
677 691 797 745 nomine
810 691 947 764 pictatis,
974 689 1054 764 quod
1066 708 1109 747 vo-

85 779 141 834 luit
154 777 265 846 lilium,
283 779 469 847 nequaquam
482 773 636 844 scelerate,
656 773 708 830 sed
722 773 895 831 obedienter
909 773 1056 831 occidere.
1079 772 1110 830 Et

71 863 194 920 merito
215 857 385 934 quaeritur,
412 865 513 913 utrum
532 874 586 933 pro
604 859 688 914 iussu
706 857 765 914 Dei
779 859 819 917 sit
835 857 1017 929 habendum,
1044 855 1110 933 quod

88 943 187 1018 Iephte
201 942 310 1010 filiam,
341 957 417 1016 quae
430 939 668 1014 patrioccurrit‚
696 939 823 1014 oceidit,
849 961 917 999 eum
936 961 968 997 se
987 943 1112 998 harmola-

74 1040 188 1086 ·tnrum
201 1025 266 1082 Deo
294 1023 325 1081 id
347 1025 500 1095 vovisset,
528 1024 653 1100 quodsi
670 1025 808 1096 redeunti
828 1025 864 1081 dc
881 1027 996 1102 proelio
1014 1026 1112 1083 victori

86 1112 222 1186 primitus
237 1110 428 1165 occurrisset.
461 1107 534 1169 ,Neo
549 1107 675 1166 Samsbn
688 1111 776 1166 aliter
788 1118 970 1180 excusatur,
994 1109 1071 1184 quod
1086 1127 1110 1164 ιι

16 1203 34 1222 ”’
86 1200 183 1269 ipsum
195 1213 263 1250 cum
275 1192 409 1249 hostibus
423 1193 513 1248 ruina
525 1191 629 1248 domus
643 1195 807 1270 oppressit,
831 1194 891 1249 nisi
911 1193 981 1268 quia
1000 1193 1114 1268 spiritus

86 1277 284 1335 latenterhoe
298 1279 443 1366 iusserat,
472 1276 524 1351 qui
540 1289 594 1356 pet
611 1277 695 1334 illum
713 1278 857 1333 miracula
874 1277 1029 1356 faciebat.)
1065 1275 1129 1333 His

1 1408 14 1413 ..
86 1365 181 1440 igitur
195 1339 344 1434 exeeptis,
370 1378 444 1434 quos
458 1361 511 1416 vcl
528 1361 577 1414 lex
596 1361 676 1416 iusta
689 1363 885 1436 generaliter,
910 1362 986 1416 sel’
976 1379 1041 1436 ipse
1054 1361 1115 1416 fons

87 1447 220 1504 iustitiae
231 1445 315 1502 Deus
334 1445 502 1518 specialiter
516 1443 614 1500 oeeidi
634 1445 732 1516 iubet,
758 1445 892 1520 quisquis
908 1441 1058 1542 hpminem
1075 1446 1116 1500 rel

86 1549 119 1586 se
145 1531 261 1604 ipsum,
289 1530 338 1585 vel
364 1529 523 1604 quemlibet
544 1526 710 1600 occiderit,
741 1526 892 1585 homicidii
922 1529 1048 1584 crimine
1075 1529 1115 1584 in·

28 1623 34 1632 ’
86 1615 226 1670 nectitur.

438 1668 569 1770 chl’.
618 1709 757 1773 XXII

88 1793 167 1861 Quod
182 1809 318 1863 essequam
329 1794 416 1882 possit
431 1809 502 1846 mors
518 1793 674 1850 volitatorio
687 1785 726 1846 ad
737 1792 951 1866 magnitudinem
964 1792 1051 1846 aniani
1062 1809 1117 1862 per·
1151 1858 1167 1859 Π

476 1881 478 1886 ’
557 1863 652 1915 tinere.

62 2021 64 2026 ¹
149 1954 190 2012 Et
202 1971 372 2027 quicunque
380 1919 477 2007 hoe
468 1971 500 2008 ιιι
523 1971 555 2008 se
579 1955 651 2028 ipsis
672 1949 930 2031 perpetraverunt,
956 1952 1116 2008 animima-
1150 2003 1151 2006 ,

88 2037 246 2117 gnitudine
259 2035 386 2090 fortasse
404 2036 554 2107 mirandi,
572 2055 634 2093 non
655 2040 817 2113 sapientiae
836 2039 964 2092 sanitate
983 2035 1119 2092 laudandi

12 2153 14 2156 ·
37 2129 40 2146 '
90 2129 169 2179 sunt.
214 2119 391 2193 Quanquam
409 2121 436 2175 si
459 2121 606 2177 rationem
619 2120 795 2199 diligentius
821 2121 978 2191 consulas,
1005 2137 1045 2175 ne
1062 2121 1118 2194 ipsa
1147 2123 1148 2126 ’

89 2203 207 2280 quidem
220 2201 498 2281 aniani-magnitudo
517 2213 599 2261 reete
617 2208 806 2275 nominatur,
832 2203 883 2260 ubi
909 2205 1037 2278 quisque
1060 2205 1119 2260 'non

87 2286 212 2346 valendo
226 2287 371 2357 tolerare,
396 2290 445 2346 vel
459 2305 593 2364 quaeque
607 2307 729 2364 aspera,
755 2290 804 2345 vel
816 2289 913 2360 aliena
926 2297 1066 2361 peccata,
1092 2303 1119 2341 se

67 2374 152 2450 ¹ipse
178 2369 371 2426 interemerit.
407 2371 503 2450 Magis
524 2375 609 2429 enim
630 2391 714 2428 mens
733 2372 857 2428 infirma
884 2370 1119 2445 deprehenditur,

69 2455 70 2460 ’
88 2473 164 2530 quae
177 2454 256 2510 ferre
270 2471 332 2510 non
344 2465 454 2554 potest,
479 2457 528 2513 vel
542 2456 647 2513 duram
659 2457 707 2512 sui
721 2456 855 2529 corporis
871 2457 1095 2526 servitutem,
1077 2455 1121 2510 ιιι

88 2541 209 2594 stultam
215 2540 312 2636 vqlgi
332 2541 516 2626 opinionem·
546 2542 699 2616 maiorque
717 2541 834 2596 animus
853 2539 960 2594 merito
983 2535 1120 2594 dicendus

89 2632 145 2692 est,
172 2641 223 2697 qur
235 2631 278 2679 ιι
277 2641 327 2678 am
340 2642 546 2681 aerumnosam
559 2625 656 2702 magis
670 2632 769 2698 potest
784 2623 873 2693 ferre,
901 2621 1121 2700 quamfugere3

89 2715 118 2762 et
130 2704 292 2762 humanum
305 2704 455 2763 iudicium
460 2709 588 2768 maxime
601 2709 742 2786 vulgare,
771 2705 848 2781 quod
865 2707 1038 2780 plerumque
1054 2706 1120 2761 eali·
1155 2767 1162 2774 .

29 2795 31 2802 ’
88 2792 158 2869 gine
186 2791 296 2845 erroris
321 2792 503 2863 involvitur,
529 2809 600 2872 prae
627 2792 829 2848 conscientiae
852 2791 974 2846 luceae
995 2791 1121 2864 puritate

89 2881 288 2931 contemnere.
327 2875 562 2944 Quamobrem
538 2893 563 2931 si
577 2893 684 2952 magno
698 2875 796 2930 animo
810 2872 875 2929 fieri
885 2869 1049 2947 putandum
1068 2881 1120 2941 est,

83 2953 156 3015 'eum
172 2957 228 3012 sihi
242 2956 352 3013 homo'
344 2959 456 3036 ingerit
472 2967 608 3029 mortem,
627 2961 677 3015 illc
690 2959 790 3034 potius
806 2955 1032 3013 Cleombrotus
1024 2975 1057 3012 ιιι
1069 2954 1121 3010 hae

37 3078 40 3081 ι
89 3043 181 3098 animi
173 3041 399 3118 magnitudine
412 3044 575 3116 reperitur3
590 3061 678 3116 quem
691 3042 793 3097 ferunt
805 3039 1024 3098 leetoPlatonis
1035 3040 1120 3108 libro,

88 3127 140 3182 ubi
154 3125 189 3182 sle
203 3126 422 3181 immortalitate
440 3128 556 3184 animae
569 3125 751 3202 disputavit,
777 3142 809 3179 se
820 3124 1012 3198 praeeipitem
1025 3121 1120 3178 dedis-

24 3228 26 3232 ·
88 3229 119 3264 se
134 3209 169 3264 de
187 3226 285 3280 muro,
313 3217 402 3283 atque
425 3211 467 3265 ita
491 3227 528 3264 ex
551 3208 683 3266 haesita
705 3209 851 3285 migrasse
876 3207 912 3263 ad
936 3225 1011 3286 eam,
1038 3225 1123 3282 quam

87 3292 219 3358 credidit
239 3311 304 3348 esse
329 3293 490 3350 meliorem.
533 3291 584 3350 Nil
610 3295 688 3349 enirn
712 3292 838 3369 urgebat
862 3293 915 3346 aut
930 3291 1121 3358 calamitatis,

88 3386 140 3432 aut
155 3378 299 3442 criminis,
326 3395 378 3432 seu
393 3395 514 3447 verum,
540 3395 591 3432 seu
607 3376 729 3449 salsum,
756 3374 837 3451 quod
850 3393 911 3430 non
923 3373 1050 3430 valendo
1065 3374 1121 3428 fer·

88 3477 121 3514 re
135 3477 167 3514 se
181 3461 327 3516 auferret:
355 3458 407 3514 sed
426 3459 469 3519 ιιιιΙ
482 3459 690 3534 capessendam
711 3468 847 3529 mortem,
873 3467 962 3532 atque
979 3455 1017 3512 ad
1035 3455 1121 3512 huius

88 3543 168 3597 vitae
185 3546 289 3600 suavia
307 3545 428 3600 vincula
447 3542 610 3618 rumpenda
634 3545 696 3598 sola
712 3541 808 3599 adluit
831 3543 923 3598 animi
939 3539 1120 3618 magnitudo.
1138 3607 1142 3632 ἱ

78 3625 174 3692 ,Quod
192 3635 292 3686 tamen
308 3635 418 3704 'magne
439 3626 670 3700 potius'faetum
683 3645 749 3681 esse
767 3626 963 3701 quambene,
990 3625 1077 3678 testis
1097 3623 1123 3676 ei

37 3725 40 3740 s
87 3710 186 3784 potuit
203 3727 268 3765 esse
283 3710 367 3767 Plato
382 3705 462 3786 ipse,
488 3713 576 3787 quem
594 3712 725 3788 legerat:
754 3711 806 3784 qui
817 3710 950 3783 profecto
965 3705 995 3761 id
1009 3705 1122 3780 praeci-

80 3811 145 3868 pue
165 3795 409 3869 potissimumque
430 3795 566 3866 fecisset,
592 3795 639 3851 vel
658 3794 746 3851 etiam
766 3794 983 3867 praecepisset,
1013 3791 1073 3846 nisi
1091 3805 1122 3842 ea
