2310 4306
51 227 56 244 s
138 229 234 296 ns,
362 166 1003 306 γιιιιιιιιιιιι’νινιιιι1
1079 184 1084 190 ’

137 462 251 517 rinitus
265 453 440 538 foecundata
452 457 696 532 multiplicatione
710 449 889 530 crescebat,)
904 461 933 508 et
944 451 1062 508 laboribus
1070 468 1104 523 pre-
1131 458 1132 469 *
1150 464 1154 479 ¹

138 545 273 600 mebatur
286 541 478 596 intolerabilis
492 540 659 595 servitutis·
668 537 701 593 ln
715 536 841 611 Assyria
854 534 926 592 vcro
940 545 969 591 et
980 534 1104 608 Graecispe
1147 542 1155 561 '¹

139 625 216 682 idem
230 635 344 699 tempus
359 641 453 701 regna
467 609 566 678 eade'm
579 621 797 704 permanebant.

513 769 634 828 CAP.
676 763 792 827 vlla

86 889 88 896 ¹
138 871 257 936 Quorum
272 882 366 937 regum
380 873 471 917 aetate
486 863 591 934 Moyses
606 873 686 918 ustus
701 863 753 928 sit,
773 873 801 917 et
820 867 936 933 pisorum
954 865 1049 921 deorsus
1061 861 1100 917 tls

454 933 617 1003 temporibus
627 933 664 986 sit
674 942 735 986 crta
745 935 855 1005 religio.

137 373 389 453 persecutionibus
404 371 600 452 [affligebatur
610 372 772 431 innumeris
781 365 808 446 :]
822 362 919 450 (inter
931 367 1103 448 quartanarii
1127 0 1155 709 ἔ

172 1053 173 1058 ’
194 1042 269 1101 ‘Cum
287 1031 515 1119 ergoffregnaret
532 1041 660 1116 Assyriis
680 1049 802 1116 quartus
820 1041 953 1099 decime
973 1041 1107 1117 Supina
1131 1040 1155 1113 Ι]

141 1127 291 1203 Sicyoniis
314 1116 499 1180 duodecimus
514 1122 697 1198 Orthopolis,
724 1134 758 1180 et.
772 1123 892 1182 criasus
913 1129 1027 1202 quintus
1037 1121 1119 1201 irgir's·
1139 1116 1143 1121 ⁴

139 1222 226 1268 natus
241 1209 330 1264 estin
345 1207 478 1284 Aegypto
491 1207 623 1284 Moyses,
647 1225 699 1282 per
717 1225 803 1283 quem
820 1211 947 1283 populus
961 1210 1017 1266 Dei
1029 1203 1115 1264 dessrb
1134 1136 1155 1354 ἱ

140 1303 203 1350 tute
216 1293 361 1370 Aegyptio
374 1291 514 1368 liberatus
529 1301 590 1362 est,
615 1291 647 1346 in
666 1307 724 1365 qua
743 1309 811 1346 cum
828 1291 866 1347 ad
886 1289 1086 1349 desiderandum
1101 1290 1122 1352 *J*

141 1375 288 1433 Creatoris
303 1375 445 1431 auxilium
459 1377 501 1430 sic
515 1375 647 1430 exerceri
661 1373 821 1446 oportebat.
844 1373 1044 1452 Regnantibus
1055 1392 1106 1430 meu
1142 1362 1155 1436 i

80 1461 84 1468 '
139 1461 211 1516 ratis
228 1455 347 1540 regibus
367 1458 459 1514 fuisse
476 1474 494 1513 o
511 1453 682 1532 quibusdam
706 1453 834 1514 ereditur
851 1456 1055 1530 Prometheum
1074 1475 1110 1530 qr
1122 1466 1127 1505 '2
1147 1450 1155 1521 i

36 1545 39 1564 '
138 1549 292 1618 propterea
301 1541 402 1598 ierunt
414 1539 449 1596 de
460 1541 521 1596 luto
531 1540 672 1596 formasse
684 1537 827 1611 hemines,
842 1543 912 1616 quia
925 1543 1074 1616 sapientiae
1082 1559 1101 1595 a
1121 1551 1122 1556 ’
1153 1554 1155 1575 ¹

140 1645 203 1682 mus
223 1626 322 1687 doctor
341 1623 630 1698 fuisseperhibctu13
656 1641 711 1678 nec
729 1631 829 1678 tamen
848 1623 1016 1682 ostenditur
1036 1626 1076 1700 qui
1091 1623 1108 1676 ci
1125 1624 1127 1627 ’

63 1753 65 1758 .
111 1703 112 1708 ¹
139 1706 315 1783 temporibus
331 1707 441 1763 fuerint
454 1709 620 1781 sapientes·
651 1704 755 1761 Frater
768 1706 929 1764 ciusAtlas
942 1705 1130 1786 nsagnusiu'

139 1795 304 1869 astrologus
319 1791 438 1846 dicitur:
452 1790 528 1852 unde
542 1789 722 1844 occasionem
733 1787 829 1845 fabula
840 1791 971 1862 invenit,
984 1802 1017 1848 ut
1028 1810 1084 1847 cum
1098 1795 1099 1798 ’
1130 1840 1131 1845 ,

140 1877 200 1932 lum
213 1885 329 1949 portare
343 1871 538 1950 confingeret:
568 1873 699 1954 quamvis
713 1889 795 1927 mons
810 1874 873 1928 eius
887 1877 1009 1931 nomine
1021 1893 1076 1931 ιιι
1089 1898 1090 1901 ’

72 2029 74 2032 Ι
139 1969 203 2030 tur,
231 1959 312 2014 euius
332 1955 486 2012 altitudine
503 1957 598 2029 potius
616 1957 691 2010 coeli
708 1957 833 2028 portatio
852 1957 886 2013 in
904 1960 1068 2032 opinionem

86 2051 87 2054 ’
139 2039 413 2098 venissevidcatur.
445 2038 538 2096 Multa
551 2057 666 2114 quoquc
680 2039 738 2094 alia
751 2040 860 2094 exiliis
874 2041 907 2096 iu
921 2041 1103 2098 Graecisteu

136 2125 220 2180 ribus
235 2122 366 2199 confingi
379 2117 510 2178 iahulosa
528 2130 702 2195 coeperunt:
728 2121 780 2176 sed
794 2123 943 2200 usquead
957 2124 1098 2200 Cecropem
1122 2156 1123 2159 ¹

139 2225 205 2284 gem
218 2205 455 2276 Atheniensium,
480 2223 536 2280 quo
550 2215 694 2282 regnante
708 2203 808 2260 eadem
822 2201 929 2262 civitas
945 2210 1033 2264 etiam
1044 2209 1093 2263 tale
1107 2230 1109 2245 <

137 2307 205 2345 men
228 2289 354 2362 accepht,
381 2297 411 2342 et
423 2287 635 2366 quo'regnantc
649 2287 730 2344 Deus
747 2307 799 2363 per
813 2287 937 2365 Moysen
952 2291 1051 2348 eduxit
1062 2287 1138 2345 exie

139 2380 228 2449 gypto
242 2371 377 2446 populum
390 2388 491 2442 suum,
516 2371 603 2426 relati
622 2381 692 2426 sunt
709 2372 741 2427 in
758 2370 878 2428 deorum
892 2392 1046 2430 numerum
1057 2374 1114 2446 sliqt
1132 2388 1138 2405 ‘

137 2455 243 2511 mortui
257 2473 342 2510 coeca
355 2464 384 2511 et
395 2471 472 2511 vana
485 2453 696 2510 consuetudine
709 2473 744 2510 ae
757 2457 970 2529 superstitione
981 2457 1085 2515 Graeco
1102 2480 1104 2495 ·

112 2543 114 2556 “
136 2537 172 2593 ln
186 2536 397 2613 quihpsCriasi
415 2538 502 2616 regis¹
515 2538 623 2593 coniux
639 2537 860 2610 Melantomiee,
887 2549 918 2596 et
939 2540 1065 2598 Phorbas
1082 2537 1131 2593 iii'.

55 2635 57 2648 ·
97 2694 99 2697 .
138 2622 249 2691 eorum,
272 2623 322 2697 qui
336 2631 401 2698 post
414 2632 527 2695 patrem
540 2637 592 2675 rex
605 2621 782 2698 Argivorum
795 2631 897 2678 sexms
911 2623 985 2696 fuit,
1014 2619 1107 2696 etsep'

135 2706 216 2782 regis
230 2703 357 2778 Triopas
370 2705 446 2759 iilius
461 2703 560 2774 lasus,
587 2709 683 2760 etre'x
697 2722 792 2760 nonus
805 2703 980 2780 sthenelas,
1007 2710 1063 2764 sive

136 2790 249 2859 nolens,
264 2792 326 2844 sive
341 2786 515 2858 Sthenelus,
539 2787 623 2843 varie
635 2789 740 2862 quippe
753 2787 925 2845 indiversis
939 2791 1092 2848 auctoribus

135 2873 261 2930 venitur.
284 2869 341 2926 ilis
353 2869 526 2944 temporibus
540 2872 627 2952 etiam
640 2869 801 2928 Mercurius
814 2871 908 2928 luisse
921 2874 1086 2948 perhibetur,
1096 2885 1115 2922 n,

135 2973 187 3029 pos
201 2955 338 3025 Atlantis,
357 2972 394 3008 ex
406 2952 484 3009 Maia
496 2953 572 3010 filia:
600 2954 676 3029 quod
689 2955 868 3032 vulgatiores
884 2959 972 3014 ιιὶιιιι
986 2961 1075 3014 literae
1084 2969 1109 3024 pv
1121 2989 1129 3028 3

136 3046 251 3095 sonant.
285 3036 442 3092 Multarum
454 3047 550 3092 autem
563 3038 793 3112 artium'peritus
807 3040 924 3111 clarecit,
945 3059 1016 3115 quas
1031 3048 1056 3094 et
1065 3029 1125 3093 ieri

134 3121 220 3178 nibus
233 3118 365 3176 tradidit:
392 3138 450 3194 quo
465 3121 572 3176 merito
591 3139 657 3176 cum
673 3129 875 3196 postmortem
890 3122 977 3180 deum
989 3142 1048 3179 esse
1058 3118 1120 3176 velue
1143 3054 1155 3211 ἃ

60 3221 62 3226 ’
133 3214 216 3275 runt,
229 3205 290 3259 sive
306 3204 395 3258 etiam
408 3202 600 3258 erediderunt.
622 3202 772 3271 Posterior
786 3204 877 3260 fuisse
891 3204 1032 3263 Hercules
1045 3201 1122 3276 ditiori,
1142 3224 1155 3299 p

134 3287 170 3342 ad
184 3305 218 3342 ea
232 3296 328 3358 tamen
346 3275 477 3360 tempora
495 3287 644 3360 pertinens
663 3279 861 3363 Argivorur'ns
882 3291 1014 3362 quamvis
1028 3273 1155 3391 uonnlbg

134 3367 200 3424 eum
218 3368 363 3426 Mercurio
386 3368 554 3448 praeierant
573 3378 717 3444 temporc3
741 3373 812 3444 qiros
832 3371 898 3427 falli
918 3374 1054 3429 existimo·
1084 3351 1117 3418 sii

118 3451 263 3526 ‘quolibet
276 3461 406 3526 tempore
419 3453 481 3507 nati
494 3453 564 3523 sint,
579 3462 694 3510 constat
706 3454 784 3510 inter
798 3452 961 3511 historicos
970 3468 1074 3534 peres,
1089 3455 1116 3517 qu
1145 3458 1147 3467 ‘

132 3532 205 3590 haec
229 3536 349 3609 antiqua
368 3536 462 3590 literis
479 3535 704 3607 mandaverunt,
728 3534 828 3592 ambos
848 3535 984 3595 homines
999 3529 1115 3600 tulerat
1147 3542 1149 3557 ¹

77 3655 80 3659 -
132 3617 211 3692 quod
222 3619 390 3674 mortalibus
404 3617 440 3674 ad
456 3620 541 3674 istam
553 3620 644 3676 vitam
657 3619 838 3678 commodius
851 3615 1010 3678 ducendam
1020 3605 1125 3676 bautlii
1151 3632 1155 3639 ’

127 3702 222 3755 -multa
237 3703 430 3772 contrrlerint,
454 3700 580 3760 honores
593 3703 685 3760 abeis
698 3705 842 3760 meruisse
862 3703 988 3762 divinos.
1027 3700 1114 3762 Mifllffl

115 3791 200 3836 ‘vero
225 3784 314 3864 longe
326 3773 380 3838 'his
403 3786 562 3860 antiquior.
597 3785 671 3843 Nam
687 3785 864 3860 temporibus
878 3787 990 3868 Ogygii
1002 3786 1033 3844 ad
1048 3786 1112 3838 bt¹¹¹i

131 3864 182 3938 qui
196 3861 327 3920 Tritonis
342 3855 612 3946 dieitur,'⁴virginali
625 3869 718 3926 fertur
731 3873 900 3944 apparuisse
914 3883 1019 3946 aetatc;
1035 3859 1112 3924 undeet
1142 3874 1155 4203 Ι
