2266 4312
139 211 444 295 uucrvrrsuu
465 213 546 274 uer
568 213 650 272 uro.
671 207 767 272 x111.
847 225 848 232 Ν
913 219 973 276 eoo

37 369 97 424 silem
114 385 147 422 ae
167 367 375 440 sempiternom
391 367 497 424 velint:
525 365 593 439 quid
607 385 713 424 causae
731 374 791 436 est,
817 376 850 422 ut
863 367 974 424 incor-

40 452 145 507 maioris
159 451 318 506 animantis
332 447 470 523 tanquem
482 449 610 506 medium
622 451 783 506 membrum
796 457 917 506 aeterna
936 453 976 508 sit
1032 523 1034 526 Ι

38 575 45 604 ,
65 543 93 590 et
104 535 228 590 aliorum
242 535 434 590 animantium
447 535 631 598 terrestrium
645 551 783 607 corpora,
798 532 920 589 silicus
935 535 976 589 si-

37 617 81 676 lud
93 618 179 688 velit,
189 626 313 672 aeterna
327 634 392 675 esse
406 634 466 672 nou
479 618 593 691 possint
599 612 611 674 ‘l
626 615 686 672 Sed
697 627 809 687 terreo,
824 618 974 691 inquiunt,
1060 635 1061 638 ¹

45 699 187 758 reddenda
205 709 266 769 est,
280 699 359 756 uude
372 701 541 756 animalium
553 701 706 756 terrestria
719 709 814 756 sumta
827 709 896 756 sunt
909 719 975 756 cor·

52 773 168 858 exque
182 783 232 853 fit,
245 783 394 856 inquiunt,
408 791 440 838 ut
453 800 489 843 es
503 784 541 838 sit
554 802 676 840 neeesse
690 783 812 839 dissolvi
825 793 854 838 ct
868 785 975 855 emori3
990 790 1002 800 ”

38 866 121 923 modo
134 863 343 928 terree‘stsbili
356 875 390 921 ac
406 867 614 939 sempiternae,
639 867 718 924 unde
733 866 852 924 fuerant
869 878 974 938 sumta,

37 952 69 1006 ui.
112 948 146 1006 si
160 950 224 1023 quis
238 947 293 1006 hoe
312 950 400 1006 etiam
413 947 448 1006 de
461 951 531 1026 igue
545 949 679 1006 similiter
692 949 828 1021 affirmet,
856 961 886 1008 ct
898 949 976 1006 dicat

37 1033 89 1088 uda
101 1051 166 1088 esse
179 1034 318 1091 universo
331 1033 547 1110 ignicorpora,
570 1051 644 1107 quse
657 1034 725 1090 inde
738 1043 833 1090 sumta
846 1043 930 1105 sunt,
943 1044 977 1090 ut
1080 1099 1082 1102 ¹

37 1118 83 1174 rtia
96 1116 204 1172 fierent
216 1117 366 1187 animalia3
393 1134 492 1174 nonne
513 1118 733 1187 immortalitas,
755 1117 1000 1190 quamtalibus·

37 1201 111 1256 relut
121 1199 186 1256 Deo
202 1217 312 1256 summo
325 1201 479 1272 loquente,
498 1201 631 1276 promisit
643 1199 741 1269 Plato,
758 1209 899 1274 tauquam
911 1191 989 1257 sio-v

55 1283 261 1357 disputationis
279 1281 365 1340 huius
383 1279 556 1340 intercidetl
576 1283 622 1338 An
641 1283 847 1357 ihipropterea
860 1284 977 1355 confit,
1050 1349 1055 1358 „

37 1365 107 1422 leus
122 1384 183 1422 non
196 1368 275 1436 vult,
299 1366 381 1421 euius
395 1367 591 1436 voluntatem,
614 1369 701 1422 utuit
713 1365 811 1435 Plato,
836 1369 916 1423 nulle
930 1369 977 1423 vis
1060 1385 1062 1390 ’

37 1446 56 1503 ἰ
74 1447 151 1515 Quid
166 1467 237 1526 ergo
250 1446 400 1523 prohihet,
411 1458 444 1506 ut
456 1447 512 1506 hoo
526 1449 614 1508 etiam
627 1449 661 1506 de
675 1449 860 1506 terrestribus
874 1469 977 1523 corpo-

39 1532 120 1588 Deus
142 1534 235 1604 possit
248 1531 377 1602 efficere,
402 1531 517 1605 quando
532 1531 649 1604 quidem
661 1541 694 1586 ut
711 1549 766 1586 nee
780 1549 814 1586 ea
828 1551 901 1606 quae
914 1543 978 1588 orta

56 1615 209 1685 occidant,
225 1633 290 1670 nco
308 1621 432 1689 eaquae
452 1624 521 1670 sunt
537 1615 654 1690 iuncto,
680 1617 857 1692 solvantur,
874 1633 929 1670 nec
943 1633 978 1670 ea
997 1601 1002 1614 Ι
1075 1657 1077 1664 s

37 1708 104 1754 sunt
117 1699 320 1770 ‹rx-clementis
333 1695 443 1772 sumta,
467 1697 644 1767 reddantur,
673 1707 760 1771 atque
773 1705 806 1751 ut
819 1699 932 1752 animae
946 1699 978 1754 in

37 1782 119 1836 ribus
134 1781 312 1850 constitutae
325 1797 379 1838 nec
392 1798 519 1854 unquam
533 1798 566 1836 ee
580 1779 730 1851 deserant,
746 1779 854 1834 etcum
868 1781 908 1834 eis
922 1781 977 1835 im-

37 1866 125 1922 litate
139 1883 173 1919 ae
187 1865 363 1937 sempiterna
376 1863 556 1920 beatitudine
568 1863 771 1936 perfruantur,
784 1880 870 1936 posse
883 1849 979 1919 lleum

37 1947 216 2003 leonhtctur
228 1942 330 2024 Plato?
358 1944 417 2003 Cur
432 1965 502 2024 ergo
516 1965 575 2003 non
588 1949 696 2021 possit,
714 1956 747 2002 ut
760 1965 814 2002 nec
826 1948 980 2002 terrestria

37 2027 129 2087 ,uturl
161 2031 207 2086 An
221 2029 302 2086 Deus
316 2048 376 2084 non
390 2039 436 2084 est
446 2040 551 2104 potens
566 2048 621 2104 quo
634 2049 726 2105 usque
741 2028 901 2086 Christiani
914 2049 979 2085 cre-

50 2113 104 2170 sed
117 2132 174 2188 quo
187 2127 281 2188 usque
293 2111 441 2168 Platonici
451 2110 572 2170 voluntl
601 2113 746 2172 Nimirum
761 2114 867 2187 quippe
882 2115 992 2174 consi-s

37 2197 98 2254 Dei
116 2205 147 2254 et
165 2203 340 2270 potestatem
360 2205 518 2271 potuerunt
537 2195 716 2272 philosophi,
743 2216 798 2254 nee
816 2207 980 2270 potuerunt

50 2276 228 2355 prophetae?
264 2298 329 2336 eum
351 2281 447 2352 potius
471 2299 488 2334 e
513 2275 662 2338 contrario
686 2280 743 2336 Dei
765 2278 980 2354 prophetasad

37 2363 157 2424 ‘iaudam
171 2365 251 2432 eius,
264 2372 405 2436 quantum
418 2361 556 2439 dignatus
572 2373 626 2434 est,
640 2366 835 2446 voluntatem,
850 2363 979 2437 Spiritus
1026 2373 1029 2390 ¹

37 2447 169 2518 oouerit3
191 2443 378 2520 philosophos
391 2455 489 2503 autem
501 2448 533 2502 in
547 2465 581 2502 ea
595 2446 797 2524 cognoscenda
810 2449 980 2506 coniectura
1076 2481 1080 2490 v

37 2549 69 2586 ua
83 2530 240 2604 deceperit.
461 2534 462 2537 ’
506 2540 509 2545 “
555 2555 557 2560 ·
907 2571 908 2580 ι

37 2633 118 2672 erum
132 2632 194 2670 non
206 2630 299 2686 usque
313 2611 386 2670 adso
400 2612 494 2687 decipi
507 2612 684 2682 dehuerunt,
711 2630 771 2672 nou
785 2613 879 2668 solum
891 2615 979 2690 igno÷

37 2719 62 2768 ι,
88 2696 141 2752 sed
153 2694 248 2773 magis
262 2694 389 2772 [verum]
404 2692 491 2756 etiam
503 2697 683 2770 pervicacia,
697 2703 731 2773 ut
745 2704 774 2749 et
787 2695 842 2748 sihi
855 2699 979 2767 sportis-

43 2773 253 2856 rcfragentur,
275 2781 392 2856 magnis
415 2779 644 2854 disputationum
671 2778 781 2836 viribus
804 2788 979 2849 asserentes,

37 2883 76 2935 te,
100 2873 133 2920 ut
147 2862 233 2918 beata
245 2881 310 2920 esse
323 2864 433 2936 possit,
452 2881 511 2922 non
526 2872 672 2918 terrenum
685 2860 819 2930 tantum,¹
832 2859 883 2914 sed
895 2879 980 2916 omne

37 2965 137 3002 resse
157 2945 342 3022 firgiendum3
368 2955 397 3004 et
410 2945 480 3002 deos
493 2964 594 3024 rursus
607 2945 737 3004 dicentes
752 2943 858 3004 hebere
872 2943 980 2998 beatis·
1061 2967 1062 2970 ¹
1094 3003 1095 3006 Ἴ

47 3032 180 3099 animas,
201 3037 340 3087 ettamen
354 3030 482 3086 aeternis
496 3030 666 3102 corporibus
680 3030 824 3105 illigatas,
839 3027 980 3084 coelestes
1032 3069 1033 3072 ,

37 3133 62 3170 m
87 3114 205 3190 igneis,
228 3111 307 3170 levis
331 3123 427 3172 autem
451 3114 541 3186 ipsius
563 3114 704 3182 animosi,
730 3130 817 3189 quem
842 3108 982 3170 mundum

55 3198 181 3266 volunt,
208 3196 343 3252 omnihus
366 3197 485 3253 oniuino
509 3198 657 3268 corporeis
682 3196 850 3264 elementis,
875 3193 981 3266 quibus

37 3289 95 3338 toto
107 3281 199 3336 moles
214 3289 324 3338 eterra
337 3280 368 3334 in
383 3281 495 3334 eoelum
508 3281 620 3355 surgit,
633 3281 784 3340 inclusam.
804 3275 890 3334 Hanc
904 3277 983 3331 enim

37 3384 75 3422 ιιι
98 3361 242 3419 Plato-ab
266 3363 369 3438 intimo
389 3371 484 3418 terrae
501 3363 613 3432 medio,
639 3363 717 3438 quod
731 3369 982 3440 geometrae-ceu·

42 3455 171 3516 vocant,
197 3463 249 3520 per
267 3463 368 3504 omnes
387 3455 486 3518 portes
504 3442 565 3506 eius
584 3445 726 3520 usquead
741 3444 817 3504 eceli
829 3460 941 3500 summe
952 3452 983 3498 et
1046 3487 1047 3492 ι

37 3549 80 3588 sta
94 3526 218 3584 diffundi
231 3539 260 3584 et
275 3527 394 3592 extendi
401 3546 452 3600 per
464 3531 731 3588 numerosmusieos
742 3523 888 3603 opihatur,
902 3534 935 3580 ut
945 3528 984 3582 sit

37 3613 145 3676 roudus
157 3614 267 3672 aninml
278 3613 451 3680 maxiruum,
465 3612 681 3683 beatissimum,
696 3612 916 3684 sempiternum,
931 3629 982 3680 eu-

37 3698 107 3754 rima
121 3705 152 3752 et
164 3695 325 3772 perfectam
339 3695 500 3766 sapientiae
514 3692 683 3756 felicitatem
696 3701 822 3762 teneret,
837 3702 865 3748 et
879 3709 982 3765 corpus

38 3781 99 3836 lusu
119 3797 181 3838 uon
197 3780 392 3852 relinqueret3
419 3779 559 3850 cuiusque
577 3787 681 3853 eorpus
695 3787 724 3833 et
737 3779 932 3832 inaetcrnum
947 3795 984 3832 ex

38 3865 151 3935 ireret,
177 3870 208 3920 et
221 3879 285 3920 eam
299 3862 430 3938 quamvis
451 3879 511 3925 non
530 3860 670 3940 smsplex,
695 3859 749 3920 sed
759 3869 805 3919 tot
818 3859 994 3937 eorposihus
1020 3867 1021 3870 ’
