<?xml version="1.0" encoding="UTF-8"?>
<!DOCTYPE html PUBLIC "-//W3C//DTD XHTML 1.0 Transitional//EN"
    "http://www.w3.org/TR/xhtml1/DTD/xhtml1-transitional.dtd">
<html xmlns="http://www.w3.org/1999/xhtml" xml:lang="en" lang="en">
 <head>
  <title>
</title>
<meta http-equiv="Content-Type" content="text/html;charset=utf-8" />
  <meta name='ocr-system' content='tesseract 3.04.00' />
  <meta name='ocr-capabilities' content='ocr_page ocr_carea ocr_par ocr_line ocrx_word'/>
</head>
<body>
  <div class='ocr_page' id='page_1' title='image "./saureliiaugusti00augugoog_0024.png"; bbox 0 0 2362 4312; ppageno 0'>
   <div class='ocr_carea' id='block_1_1' title="bbox 282 203 1104 284">
    <p class='ocr_par' dir='ltr' id='par_1_1' title="bbox 282 203 1104 284">
     <span class='ocr_line' id='line_1_1' title="bbox 282 203 1104 284; baseline 0.009 -8"><span class='ocrx_word' id='word_1_1' title='bbox 282 219 341 278; x_wconf 81' lang='lat' dir='ltr'><strong>nr.</strong></span> <span class='ocrx_word' id='word_1_2' title='bbox 376 218 594 276; x_wconf 78' lang='lat' dir='ltr'><strong>crvnnru</strong></span> <span class='ocrx_word' id='word_1_3' title='bbox 625 219 704 276; x_wconf 82' lang='lat' dir='ltr'><strong>uni</strong></span> <span class='ocrx_word' id='word_1_4' title='bbox 738 203 874 278; x_wconf 70' lang='lat' dir='ltr'><strong>rnn‘r.</strong></span> <span class='ocrx_word' id='word_1_5' title='bbox 1068 229 1104 284; x_wconf 79' lang='lat' dir='ltr'><strong>n</strong></span> 
     </span>
    </p>
   </div>
   <div class='ocr_carea' id='block_1_2' title="bbox 19 367 1161 3978">
    <p class='ocr_par' dir='ltr' id='par_1_2' title="bbox 19 367 1161 3978">
     <span class='ocr_line' id='line_1_2' title="bbox 34 367 1103 448; baseline 0.006 -20"><span class='ocrx_word' id='word_1_6' title='bbox 34 425 35 428; x_wconf 76' lang='grc'>,</span> <span class='ocrx_word' id='word_1_7' title='bbox 79 375 162 430; x_wconf 75' lang='lat' dir='ltr'><strong>fructu</strong></span> <span class='ocrx_word' id='word_1_8' title='bbox 188 373 319 428; x_wconf 77' lang='lat' dir='ltr'><strong>dominos</strong></span> <span class='ocrx_word' id='word_1_9' title='bbox 348 374 396 427; x_wconf 92' lang='lat' dir='ltr'><strong>sui</strong></span> <span class='ocrx_word' id='word_1_10' title='bbox 423 390 521 427; x_wconf 84' lang='lat' dir='ltr'><strong>anrorc</strong></span> <span class='ocrx_word' id='word_1_11' title='bbox 548 367 733 444; x_wconf 85' lang='lat' dir='ltr'><strong>torquebant.</strong></span> <span class='ocrx_word' id='word_1_12' title='bbox 756 369 837 448; x_wconf 41' lang='lat' dir='ltr'><strong>¹,Seii</strong></span> <span class='ocrx_word' id='word_1_13' title='bbox 875 374 1103 448; x_wconf 79' lang='lat' dir='ltr'><strong>quidanr&#39;etiam</strong></span> 
     </span>
     <span class='ocr_line' id='line_1_3' title="bbox 78 451 1103 530; baseline 0.004 -18"><span class='ocrx_word' id='word_1_14' title='bbox 78 477 128 513; x_wconf 80' lang='lat' dir='ltr'><strong>rien</strong></span> <span class='ocrx_word' id='word_1_15' title='bbox 140 455 276 512; x_wconf 85' lang='lat' dir='ltr'><strong>hahentes</strong></span> <span class='ocrx_word' id='word_1_16' title='bbox 291 454 370 530; x_wconf 86' lang='lat' dir='ltr'><strong>quod</strong></span> <span class='ocrx_word' id='word_1_17' title='bbox 384 453 559 529; x_wconf 81' lang='lat' dir='ltr'><strong>proderent,</strong></span> <span class='ocrx_word' id='word_1_18' title='bbox 588 455 656 511; x_wconf 84' lang='lat' dir='ltr'><strong>dum</strong></span> <span class='ocrx_word' id='word_1_19' title='bbox 670 474 732 511; x_wconf 89' lang='lat' dir='ltr'><strong>nen</strong></span> <span class='ocrx_word' id='word_1_20' title='bbox 747 451 920 527; x_wconf 84' lang='lat' dir='ltr'><strong>creduntur,</strong></span> <span class='ocrx_word' id='word_1_21' title='bbox 939 460 1010 513; x_wconf 88' lang='lat' dir='ltr'><strong>torti</strong></span> <span class='ocrx_word' id='word_1_22' title='bbox 1024 471 1103 516; x_wconf 86' lang='lat' dir='ltr'><strong>sunt.</strong></span> 
     </span>
     <span class='ocr_line' id='line_1_4' title="bbox 78 537 1103 622; baseline 0.002 -26"><span class='ocrx_word' id='word_1_23' title='bbox 78 540 112 596; x_wconf 80' lang='lat' dir='ltr'><strong>Et</strong></span> <span class='ocrx_word' id='word_1_24' title='bbox 124 539 150 595; x_wconf 89' lang='lat' dir='ltr'><strong>hi</strong></span> <span class='ocrx_word' id='word_1_25' title='bbox 168 541 242 596; x_wconf 85' lang='lat' dir='ltr'><strong>sorte</strong></span> <span class='ocrx_word' id='word_1_26' title='bbox 260 537 369 594; x_wconf 85' lang='lat' dir='ltr'><strong>habere</strong></span> <span class='ocrx_word' id='word_1_27' title='bbox 392 539 565 622; x_wconf 86' lang='lat' dir='ltr'><strong>cupiebant,</strong></span> <span class='ocrx_word' id='word_1_28' title='bbox 591 558 646 594; x_wconf 92' lang='lat' dir='ltr'><strong>nec</strong></span> <span class='ocrx_word' id='word_1_29' title='bbox 665 549 767 594; x_wconf 84' lang='lat' dir='ltr'><strong>sancta</strong></span> <span class='ocrx_word' id='word_1_30' title='bbox 787 541 941 596; x_wconf 83' lang='lat' dir='ltr'><strong>voluntate</strong></span> <span class='ocrx_word' id='word_1_31' title='bbox 961 559 1103 615; x_wconf 80' lang='lat' dir='ltr'><strong>pauperes</strong></span> 
     </span>
     <span class='ocr_line' id='line_1_5' title="bbox 28 620 1103 698; baseline 0.003 -20"><span class='ocrx_word' id='word_1_32' title='bbox 28 672 29 689; x_wconf 62' lang='grc'>,</span> <span class='ocrx_word' id='word_1_33' title='bbox 78 633 164 680; x_wconf 84' lang='lat' dir='ltr'><strong>crant:</strong></span> <span class='ocrx_word' id='word_1_34' title='bbox 189 623 293 697; x_wconf 84' lang='lat' dir='ltr'><strong>quibus</strong></span> <span class='ocrx_word' id='word_1_35' title='bbox 315 620 577 677; x_wconf 83' lang='lat' dir='ltr'><strong>demonstrandum</strong></span> <span class='ocrx_word' id='word_1_36' title='bbox 591 621 659 692; x_wconf 83' lang='lat' dir='ltr'><strong>fuit,</strong></span> <span class='ocrx_word' id='word_1_37' title='bbox 682 640 744 677; x_wconf 89' lang='lat' dir='ltr'><strong>non</strong></span> <span class='ocrx_word' id='word_1_38' title='bbox 755 622 930 693; x_wconf 83' lang='lat' dir='ltr'><strong>facultates,</strong></span> <span class='ocrx_word' id='word_1_39' title='bbox 957 623 1008 678; x_wconf 74' lang='lat' dir='ltr'><strong>scil</strong></span> <span class='ocrx_word' id='word_1_40' title='bbox 1025 627 1103 698; x_wconf 89' lang='lat' dir='ltr'><strong>ipsas</strong></span> 
     </span>
     <span class='ocr_line' id='line_1_6' title="bbox 79 696 1102 782; baseline 0.002 -21"><span class='ocrx_word' id='word_1_41' title='bbox 79 705 238 782; x_wconf 79' lang='lat' dir='ltr'><strong>cupiditates</strong></span> <span class='ocrx_word' id='word_1_42' title='bbox 254 705 364 761; x_wconf 80' lang='lat' dir='ltr'><strong>talibus</strong></span> <span class='ocrx_word' id='word_1_43' title='bbox 385 723 453 760; x_wconf 88' lang='lat' dir='ltr'><strong>esse</strong></span> <span class='ocrx_word' id='word_1_44' title='bbox 471 704 575 782; x_wconf 84' lang='lat' dir='ltr'><strong>dignas</strong></span> <span class='ocrx_word' id='word_1_45' title='bbox 595 696 796 782; x_wconf 43' lang='lat' dir='ltr'><strong>cruciatibus„</strong></span> <span class='ocrx_word' id='word_1_46' title='bbox 828 704 952 763; x_wconf 77' lang='lat' dir='ltr'><strong>sivero</strong></span> <span class='ocrx_word' id='word_1_47' title='bbox 972 709 1102 764; x_wconf 84' lang='lat' dir='ltr'><strong>melioris</strong></span> 
     </span>
     <span class='ocr_line' id='line_1_7' title="bbox 79 787 1102 868; baseline 0.001 -24"><span class='ocrx_word' id='word_1_48' title='bbox 79 792 146 845; x_wconf 83' lang='lat' dir='ltr'><strong>ritae</strong></span> <span class='ocrx_word' id='word_1_49' title='bbox 169 790 315 864; x_wconf 85' lang='lat' dir='ltr'><strong>proposito</strong></span> <span class='ocrx_word' id='word_1_50' title='bbox 342 787 533 844; x_wconf 87' lang='lat' dir='ltr'><strong>reconditum</strong></span> <span class='ocrx_word' id='word_1_51' title='bbox 559 807 664 846; x_wconf 87' lang='lat' dir='ltr'><strong>aurum</strong></span> <span class='ocrx_word' id='word_1_52' title='bbox 687 799 903 868; x_wconf 76' lang='lat' dir='ltr'><strong>argentumque</strong></span> <span class='ocrx_word' id='word_1_53' title='bbox 926 807 988 846; x_wconf 88' lang='lat' dir='ltr'><strong>non</strong></span> <span class='ocrx_word' id='word_1_54' title='bbox 1013 789 1102 846; x_wconf 86' lang='lat' dir='ltr'><strong>hahe-</strong></span> 
     </span>
     <span class='ocr_line' id='line_1_8' title="bbox 80 865 1103 947; baseline 0.002 -19"><span class='ocrx_word' id='word_1_55' title='bbox 80 874 152 942; x_wconf 82' lang='lat' dir='ltr'><strong>bam,</strong></span> <span class='ocrx_word' id='word_1_56' title='bbox 165 873 259 928; x_wconf 89' lang='lat' dir='ltr'><strong>nescio</strong></span> <span class='ocrx_word' id='word_1_57' title='bbox 274 871 406 945; x_wconf 81' lang='lat' dir='ltr'><strong>quidem,</strong></span> <span class='ocrx_word' id='word_1_58' title='bbox 428 868 529 927; x_wconf 83' lang='lat' dir='ltr'><strong>utrum</strong></span> <span class='ocrx_word' id='word_1_59' title='bbox 542 873 680 947; x_wconf 82' lang='lat' dir='ltr'>cuiquam</span> <span class='ocrx_word' id='word_1_60' title='bbox 692 875 795 928; x_wconf 85' lang='lat' dir='ltr'><strong>talium</strong></span> <span class='ocrx_word' id='word_1_61' title='bbox 809 874 966 945; x_wconf 87' lang='lat' dir='ltr'><strong>acciderit,</strong></span> <span class='ocrx_word' id='word_1_62' title='bbox 987 883 1021 930; x_wconf 91' lang='lat' dir='ltr'><strong>ut</strong></span> <span class='ocrx_word' id='word_1_63' title='bbox 1034 865 1103 930; x_wconf 85' lang='lat' dir='ltr'><strong>dum</strong></span> 
     </span>
     <span class='ocr_line' id='line_1_9' title="bbox 29 947 1101 1029; baseline 0.002 -20"><span class='ocrx_word' id='word_1_64' title='bbox 29 989 30 996; x_wconf 26' lang='grc' dir='ltr'><strong>κ</strong></span> <span class='ocrx_word' id='word_1_65' title='bbox 80 954 332 1025; x_wconf 83' lang='lat' dir='ltr'><strong>hahereereditur‚</strong></span> <span class='ocrx_word' id='word_1_66' title='bbox 359 965 567 1029; x_wconf 81' lang='lat' dir='ltr'><strong>torqueretur:</strong></span> <span class='ocrx_word' id='word_1_67' title='bbox 598 947 799 1012; x_wconf 67' lang='lat' dir='ltr'><strong>verumtamen</strong></span> <span class='ocrx_word' id='word_1_68' title='bbox 820 959 907 1012; x_wconf 87' lang='lat' dir='ltr'><strong>ctiam</strong></span> <span class='ocrx_word' id='word_1_69' title='bbox 933 959 959 1013; x_wconf 89' lang='lat' dir='ltr'><strong>si</strong></span> <span class='ocrx_word' id='word_1_70' title='bbox 983 957 1101 1026; x_wconf 80' lang='lat' dir='ltr'><strong>accidit,</strong></span> 
     </span>
     <span class='ocr_line' id='line_1_10' title="bbox 80 1039 1101 1116; baseline 0.001 -23"><span class='ocrx_word' id='word_1_71' title='bbox 80 1040 198 1112; x_wconf 85' lang='lat' dir='ltr'><strong>profecto</strong></span> <span class='ocrx_word' id='word_1_72' title='bbox 218 1039 269 1113; x_wconf 90' lang='lat' dir='ltr'><strong>qui</strong></span> <span class='ocrx_word' id='word_1_73' title='bbox 284 1040 363 1094; x_wconf 90' lang='lat' dir='ltr'><strong>inter</strong></span> <span class='ocrx_word' id='word_1_74' title='bbox 379 1040 431 1093; x_wconf 87' lang='lat' dir='ltr'><strong>iila</strong></span> <span class='ocrx_word' id='word_1_75' title='bbox 445 1047 592 1095; x_wconf 88' lang='lat' dir='ltr'><strong>tormenta</strong></span> <span class='ocrx_word' id='word_1_76' title='bbox 612 1048 812 1116; x_wconf 80' lang='lat' dir='ltr'><strong>paupertatem</strong></span> <span class='ocrx_word' id='word_1_77' title='bbox 832 1049 964 1097; x_wconf 90' lang='lat' dir='ltr'><strong>sanctam</strong></span> <span class='ocrx_word' id='word_1_78' title='bbox 978 1041 1101 1098; x_wconf 86' lang='lat' dir='ltr'><strong>confite-</strong></span> 
     </span>
     <span class='ocr_line' id='line_1_11' title="bbox 80 1120 1101 1196; baseline 0.004 -20"><span class='ocrx_word' id='word_1_79' title='bbox 80 1123 165 1193; x_wconf 87' lang='lat' dir='ltr'><strong>hatur,</strong></span> <span class='ocrx_word' id='word_1_80' title='bbox 191 1121 342 1178; x_wconf 84' lang='lat' dir='ltr'><strong>Christum</strong></span> <span class='ocrx_word' id='word_1_81' title='bbox 357 1120 563 1178; x_wconf 84' lang='lat' dir='ltr'><strong>confitebatur.</strong></span> <span class='ocrx_word' id='word_1_82' title='bbox 600 1124 786 1196; x_wconf 82' lang='lat' dir='ltr'><strong>Quapropter</strong></span> <span class='ocrx_word' id='word_1_83' title='bbox 799 1126 855 1178; x_wconf 83' lang='lat' dir='ltr'><strong>etsi</strong></span> <span class='ocrx_word' id='word_1_84' title='bbox 870 1142 930 1180; x_wconf 90' lang='lat' dir='ltr'><strong>non</strong></span> <span class='ocrx_word' id='word_1_85' title='bbox 945 1127 1052 1180; x_wconf 90' lang='lat' dir='ltr'><strong>meruit</strong></span> <span class='ocrx_word' id='word_1_86' title='bbox 1066 1125 1101 1180; x_wconf 87' lang='lat' dir='ltr'><strong>ah</strong></span> 
     </span>
     <span class='ocr_line' id='line_1_12' title="bbox 80 1203 1100 1282; baseline 0.007 -24"><span class='ocrx_word' id='word_1_87' title='bbox 80 1204 197 1261; x_wconf 84' lang='lat' dir='ltr'><strong>hostibus</strong></span> <span class='ocrx_word' id='word_1_88' title='bbox 212 1203 312 1274; x_wconf 71' lang='lat' dir='ltr'><strong>eruli,</strong></span> <span class='ocrx_word' id='word_1_89' title='bbox 330 1223 400 1261; x_wconf 89' lang='lat' dir='ltr'><strong>-non</strong></span> <span class='ocrx_word' id='word_1_90' title='bbox 421 1207 518 1278; x_wconf 90' lang='lat' dir='ltr'><strong>potuit</strong></span> <span class='ocrx_word' id='word_1_91' title='bbox 532 1209 764 1263; x_wconf 87' lang='lat' dir='ltr'><strong>tamen‘sanctac</strong></span> <span class='ocrx_word' id='word_1_92' title='bbox 782 1210 963 1282; x_wconf 82' lang='lat' dir='ltr'><strong>paupertatis</strong></span> <span class='ocrx_word' id='word_1_93' title='bbox 983 1209 1100 1265; x_wconf 76' lang='lat' dir='ltr'><strong>confes·-</strong></span> 
     </span>
     <span class='ocr_line' id='line_1_13' title="bbox 81 1287 1019 1363; baseline 0.002 -21"><span class='ocrx_word' id='word_1_94' title='bbox 81 1306 124 1342; x_wconf 85' lang='lat' dir='ltr'><strong>ror</strong></span> <span class='ocrx_word' id='word_1_95' title='bbox 141 1289 199 1344; x_wconf 84' lang='lat' dir='ltr'><strong>siue</strong></span> <span class='ocrx_word' id='word_1_96' title='bbox 218 1288 340 1344; x_wconf 87' lang='lat' dir='ltr'><strong>coelesti</strong></span> <span class='ocrx_word' id='word_1_97' title='bbox 358 1287 496 1343; x_wconf 82' lang='lat' dir='ltr'><strong>mercede</strong></span> <span class='ocrx_word' id='word_1_98' title='bbox 511 1291 652 1363; x_wconf 82' lang='lat' dir='ltr'><strong>torqueri.</strong></span> <span class='ocrx_word' id='word_1_99' title='bbox 1016 1309 1019 1314; x_wconf 83' lang='grc'><em>·</em></span> 
     </span>
     <span class='ocr_line' id='line_1_14' title="bbox 135 1370 1099 1446; baseline 0.004 -18"><span class='ocrx_word' id='word_1_100' title='bbox 135 1370 280 1442; x_wconf 75' lang='lat' dir='ltr'><strong>&#39;Multos‚</strong></span> <span class='ocrx_word' id='word_1_101' title='bbox 307 1373 465 1446; x_wconf 80' lang='lat' dir='ltr'><strong>inquiunt,</strong></span> <span class='ocrx_word' id='word_1_102' title='bbox 486 1373 572 1426; x_wconf 90' lang='lat' dir='ltr'><strong>ctiam</strong></span> <span class='ocrx_word' id='word_1_103' title='bbox 587 1371 772 1429; x_wconf 77' lang='lat' dir='ltr'><strong>Christianos</strong></span> <span class='ocrx_word' id='word_1_104' title='bbox 787 1374 877 1432; x_wconf 73' lang='lat' dir='ltr'><strong>fauces</strong></span> <span class='ocrx_word' id='word_1_105' title='bbox 893 1374 1038 1432; x_wconf 83' lang='lat' dir='ltr'><strong>diuturna</strong></span> <span class='ocrx_word' id='word_1_106' title='bbox 1048 1394 1099 1432; x_wconf 86' lang='lat' dir='ltr'><strong>va·</strong></span> 
     </span>
     <span class='ocr_line' id='line_1_15' title="bbox 82 1451 1101 1533; baseline 0.007 -25"><span class='ocrx_word' id='word_1_107' title='bbox 82 1457 168 1510; x_wconf 80' lang='lat' dir='ltr'><strong>stavit.</strong></span> <span class='ocrx_word' id='word_1_108' title='bbox 209 1453 274 1511; x_wconf 91' lang='lat' dir='ltr'><strong>Hoc</strong></span> <span class='ocrx_word' id='word_1_109' title='bbox 294 1468 414 1530; x_wconf 87' lang='lat' dir='ltr'><strong>quoque</strong></span> <span class='ocrx_word' id='word_1_110' title='bbox 434 1457 465 1511; x_wconf 91' lang='lat' dir='ltr'><strong>in</strong></span> <span class='ocrx_word' id='word_1_111' title='bbox 485 1474 557 1514; x_wconf 86' lang='lat' dir='ltr'><strong>usus</strong></span> <span class='ocrx_word' id='word_1_112' title='bbox 577 1474 648 1511; x_wconf 90' lang='lat' dir='ltr'><strong>suos</strong></span> <span class='ocrx_word' id='word_1_113' title='bbox 668 1457 739 1512; x_wconf 90' lang='lat' dir='ltr'><strong>honi</strong></span> <span class='ocrx_word' id='word_1_114' title='bbox 759 1457 860 1513; x_wconf 81' lang='lat' dir='ltr'><strong>fideles</strong></span> <span class='ocrx_word' id='word_1_115' title='bbox 882 1461 929 1533; x_wconf 90' lang='lat' dir='ltr'><strong>pie</strong></span> <span class='ocrx_word' id='word_1_116' title='bbox 947 1451 1101 1515; x_wconf 85' lang='lat' dir='ltr'><strong>tolerando</strong></span> 
     </span>
     <span class='ocr_line' id='line_1_16' title="bbox 82 1537 1101 1611; baseline 0.005 -18"><span class='ocrx_word' id='word_1_117' title='bbox 82 1548 227 1594; x_wconf 79' lang='lat' dir='ltr'><strong>verterunt.</strong></span> <span class='ocrx_word' id='word_1_118' title='bbox 273 1539 356 1604; x_wconf 70' lang='lat' dir='ltr'><strong>Quies</strong></span> <span class='ocrx_word' id='word_1_119' title='bbox 371 1539 451 1593; x_wconf 82' lang='lat' dir='ltr'><strong>eninr</strong></span> <span class='ocrx_word' id='word_1_120' title='bbox 464 1537 554 1608; x_wconf 78' lang='lat' dir='ltr'><strong>sanies</strong></span> <span class='ocrx_word' id='word_1_121' title='bbox 567 1541 697 1609; x_wconf 82' lang='lat' dir='ltr'><strong>necavit,</strong></span> <span class='ocrx_word' id='word_1_122' title='bbox 714 1543 799 1595; x_wconf 85' lang='lat' dir='ltr'><strong>molis</strong></span> <span class='ocrx_word' id='word_1_123' title='bbox 811 1543 890 1597; x_wconf 88' lang='lat' dir='ltr'><strong>vitae</strong></span> <span class='ocrx_word' id='word_1_124' title='bbox 904 1542 1003 1611; x_wconf 90' lang='lat' dir='ltr'><strong>huius,</strong></span> <span class='ocrx_word' id='word_1_125' title='bbox 1022 1546 1101 1598; x_wconf 87' lang='lat' dir='ltr'><strong>sieut</strong></span> 
     </span>
     <span class='ocr_line' id='line_1_17' title="bbox 83 1621 1102 1696; baseline 0.004 -20"><span class='ocrx_word' id='word_1_126' title='bbox 83 1624 198 1696; x_wconf 86' lang='lat' dir='ltr'><strong>corporis</strong></span> <span class='ocrx_word' id='word_1_127' title='bbox 224 1621 499 1694; x_wconf 73' lang='lat' dir='ltr'><strong>nrorbuscripuit:</strong></span> <span class='ocrx_word' id='word_1_128' title='bbox 528 1640 602 1696; x_wconf 88' lang='lat' dir='ltr'><strong>quos</strong></span> <span class='ocrx_word' id='word_1_129' title='bbox 632 1631 731 1677; x_wconf 86' lang='lat' dir='ltr'><strong>autem</strong></span> <span class='ocrx_word' id='word_1_130' title='bbox 756 1641 816 1679; x_wconf 92' lang='lat' dir='ltr'><strong>uon</strong></span> <span class='ocrx_word' id='word_1_131' title='bbox 843 1628 971 1696; x_wconf 88' lang='lat' dir='ltr'><strong>necavit,</strong></span> <span class='ocrx_word' id='word_1_132' title='bbox 1000 1626 1102 1682; x_wconf 84' lang='lat' dir='ltr'><strong>docuit</strong></span> 
     </span>
     <span class='ocr_line' id='line_1_18' title="bbox 83 1703 1161 1780; baseline -0.001 -20"><span class='ocrx_word' id='word_1_133' title='bbox 83 1707 184 1779; x_wconf 84' lang='lat' dir='ltr'><strong>parcius</strong></span> <span class='ocrx_word' id='word_1_134' title='bbox 212 1706 334 1775; x_wconf 81' lang='lat' dir='ltr'><strong>rivere,</strong></span> <span class='ocrx_word' id='word_1_135' title='bbox 364 1703 468 1762; x_wconf 89' lang='lat' dir='ltr'><strong>docuit</strong></span> <span class='ocrx_word' id='word_1_136' title='bbox 493 1705 668 1780; x_wconf 84' lang='lat' dir='ltr'><strong>productius</strong></span> <span class='ocrx_word' id='word_1_137' title='bbox 696 1705 840 1760; x_wconf 87' lang='lat' dir='ltr'><strong>ieiunare.</strong></span> <span class='ocrx_word' id='word_1_138' title='bbox 1160 1709 1161 1714; x_wconf 77' lang='grc'>’</span> 
     </span>
     <span class='ocr_line' id='line_1_19' title="bbox 207 1785 1101 1865; baseline 0.012 -29"><span class='ocrx_word' id='word_1_139' title='bbox 207 1811 210 1816; x_wconf 40' lang='lat' dir='ltr'>v</span> <span class='ocrx_word' id='word_1_140' title='bbox 292 1833 293 1836; x_wconf 73' lang='grc'>,</span> <span class='ocrx_word' id='word_1_141' title='bbox 341 1843 348 1858; x_wconf 44' lang='grc' dir='ltr'><em>Ι</em></span> <span class='ocrx_word' id='word_1_142' title='bbox 776 1785 860 1865; x_wconf 48' lang='lat' dir='ltr'><strong>(tal.</strong></span> <span class='ocrx_word' id='word_1_143' title='bbox 878 1787 1011 1847; x_wconf 76' lang='lat' dir='ltr'><em>CAPVT</em></span> <span class='ocrx_word' id='word_1_144' title='bbox 1028 1789 1101 1860; x_wconf 78' lang='lat' dir='ltr'><em>XI.)</em></span> 
     </span>
     <span class='ocr_line' id='line_1_20' title="bbox 405 1865 1114 1930; baseline -0.003 0"><span class='ocrx_word' id='word_1_145' title='bbox 405 1895 414 1918; x_wconf 63' lang='grc' dir='ltr'>ν</span> <span class='ocrx_word' id='word_1_146' title='bbox 465 1865 584 1930; x_wconf 75' lang='grc' dir='ltr'><strong>ΟᾹΡ.</strong></span> <span class='ocrx_word' id='word_1_147' title='bbox 628 1869 698 1929; x_wconf 86' lang='grc' dir='ltr'><strong>ΧΙ.</strong></span> <span class='ocrx_word' id='word_1_148' title='bbox 1113 1903 1114 1910; x_wconf 46' lang='lat'>1</span> 
     </span>
     <span class='ocr_line' id='line_1_21' title="bbox 157 1949 1016 2022; baseline 0.001 -20"><span class='ocrx_word' id='word_1_149' title='bbox 157 1950 197 2004; x_wconf 81' lang='lat' dir='ltr'><strong>De</strong></span> <span class='ocrx_word' id='word_1_150' title='bbox 210 1951 270 2022; x_wconf 75' lang='lat' dir='ltr'><strong>fine</strong></span> <span class='ocrx_word' id='word_1_151' title='bbox 291 1952 553 2020; x_wconf 61' lang='lat' dir='ltr'><strong>temporalitater,</strong></span> <span class='ocrx_word' id='word_1_152' title='bbox 574 1950 783 2022; x_wconf 80' lang='lat' dir='ltr'><strong>sireiongiorir,</strong></span> <span class='ocrx_word' id='word_1_153' title='bbox 804 1951 859 2004; x_wconf 82' lang='lat' dir='ltr'><strong>sice</strong></span> <span class='ocrx_word' id='word_1_154' title='bbox 878 1949 1016 2004; x_wconf 71' lang='lat' dir='ltr'><strong>brevioris.</strong></span> 
     </span>
     <span class='ocr_line' id='line_1_22' title="bbox 134 2041 1103 2113; baseline 0 -15"><span class='ocrx_word' id='word_1_155' title='bbox 134 2041 287 2098; x_wconf 85' lang='lat' dir='ltr'><strong>Sedenim</strong></span> <span class='ocrx_word' id='word_1_156' title='bbox 313 2044 399 2098; x_wconf 88' lang='lat' dir='ltr'><strong>multi</strong></span> <span class='ocrx_word' id='word_1_157' title='bbox 427 2043 516 2098; x_wconf 86' lang='lat' dir='ltr'><strong>ctiam</strong></span> <span class='ocrx_word' id='word_1_158' title='bbox 542 2041 704 2108; x_wconf 87' lang='lat' dir='ltr'><strong>Christiani</strong></span> <span class='ocrx_word' id='word_1_159' title='bbox 727 2042 878 2100; x_wconf 84' lang='lat' dir='ltr'><strong>interfecti</strong></span> <span class='ocrx_word' id='word_1_160' title='bbox 903 2051 988 2113; x_wconf 86' lang='lat' dir='ltr'><strong>sunt,</strong></span> <span class='ocrx_word' id='word_1_161' title='bbox 1016 2043 1103 2098; x_wconf 91' lang='lat' dir='ltr'><strong>multi</strong></span> 
     </span>
     <span class='ocr_line' id='line_1_23' title="bbox 78 2123 1102 2202; baseline 0.001 -23"><span class='ocrx_word' id='word_1_162' title='bbox 78 2128 222 2182; x_wconf 83' lang='lat' dir='ltr'><strong>nruitaruur</strong></span> <span class='ocrx_word' id='word_1_163' title='bbox 240 2127 381 2181; x_wconf 86' lang='lat' dir='ltr'><strong>mortium</strong></span> <span class='ocrx_word' id='word_1_164' title='bbox 399 2124 485 2182; x_wconf 84' lang='lat' dir='ltr'><strong>foede</strong></span> <span class='ocrx_word' id='word_1_165' title='bbox 505 2127 649 2181; x_wconf 85' lang='lat' dir='ltr'><strong>varietate</strong></span> <span class='ocrx_word' id='word_1_166' title='bbox 668 2127 826 2183; x_wconf 85' lang='lat' dir='ltr'><strong>consumti.</strong></span> <span class='ocrx_word' id='word_1_167' title='bbox 870 2123 936 2182; x_wconf 87' lang='lat' dir='ltr'><strong>Hoc</strong></span> <span class='ocrx_word' id='word_1_168' title='bbox 963 2127 988 2181; x_wconf 92' lang='lat' dir='ltr'><strong>si</strong></span> <span class='ocrx_word' id='word_1_169' title='bbox 1012 2144 1102 2202; x_wconf 88' lang='lat' dir='ltr'><strong>aegre</strong></span> 
     </span>
     <span class='ocr_line' id='line_1_24' title="bbox 79 2207 1101 2284; baseline 0.003 -22"><span class='ocrx_word' id='word_1_170' title='bbox 79 2208 219 2264; x_wconf 79' lang='lat' dir='ltr'><strong>ferendum</strong></span> <span class='ocrx_word' id='word_1_171' title='bbox 245 2219 314 2280; x_wconf 80' lang='lat' dir='ltr'><strong>cst,</strong></span> <span class='ocrx_word' id='word_1_172' title='bbox 341 2209 477 2280; x_wconf 84' lang='lat' dir='ltr'><strong>omnihus</strong></span> <span class='ocrx_word' id='word_1_173' title='bbox 503 2210 556 2284; x_wconf 66' lang='lat' dir='ltr'><strong>‘qui</strong></span> <span class='ocrx_word' id='word_1_174' title='bbox 582 2211 615 2265; x_wconf 93' lang='lat' dir='ltr'><strong>in</strong></span> <span class='ocrx_word' id='word_1_175' title='bbox 630 2207 707 2264; x_wconf 91' lang='lat' dir='ltr'><strong>hanc</strong></span> <span class='ocrx_word' id='word_1_176' title='bbox 732 2212 825 2266; x_wconf 79' lang='lat' dir='ltr'><strong>vitam</strong></span> <span class='ocrx_word' id='word_1_177' title='bbox 844 2211 992 2284; x_wconf 81' lang='lat' dir='ltr'><strong>procreati</strong></span> <span class='ocrx_word' id='word_1_178' title='bbox 1021 2220 1101 2279; x_wconf 72' lang='lat' dir='ltr'><strong>sunt,</strong></span> 
     </span>
     <span class='ocr_line' id='line_1_25' title="bbox 79 2289 1102 2366; baseline 0.002 -20"><span class='ocrx_word' id='word_1_179' title='bbox 79 2295 170 2366; x_wconf 90' lang='lat' dir='ltr'><strong>utiquc</strong></span> <span class='ocrx_word' id='word_1_180' title='bbox 196 2310 351 2348; x_wconf 89' lang='lat' dir='ltr'><strong>commune</strong></span> <span class='ocrx_word' id='word_1_181' title='bbox 376 2293 429 2348; x_wconf 81' lang='lat' dir='ltr'><strong>cst.</strong></span> <span class='ocrx_word' id='word_1_182' title='bbox 471 2289 537 2348; x_wconf 87' lang='lat' dir='ltr'><strong>Hoc</strong></span> <span class='ocrx_word' id='word_1_183' title='bbox 552 2294 625 2363; x_wconf 79' lang='lat' dir='ltr'><strong>scio,</strong></span> <span class='ocrx_word' id='word_1_184' title='bbox 653 2294 800 2348; x_wconf 90' lang='lat' dir='ltr'><strong>neminem</strong></span> <span class='ocrx_word' id='word_1_185' title='bbox 826 2293 918 2350; x_wconf 83' lang='lat' dir='ltr'><strong>fuisse</strong></span> <span class='ocrx_word' id='word_1_186' title='bbox 941 2302 1102 2364; x_wconf 85' lang='lat' dir='ltr'><strong>mortuum,</strong></span> 
     </span>
     <span class='ocr_line' id='line_1_26' title="bbox 78 2374 1103 2450; baseline 0.002 -22"><span class='ocrx_word' id='word_1_187' title='bbox 78 2377 124 2448; x_wconf 87' lang='lat' dir='ltr'><strong>qui</strong></span> <span class='ocrx_word' id='word_1_188' title='bbox 136 2395 191 2432; x_wconf 92' lang='lat' dir='ltr'><strong>non</strong></span> <span class='ocrx_word' id='word_1_189' title='bbox 205 2377 304 2432; x_wconf 82' lang='lat' dir='ltr'><strong>suerat</strong></span> <span class='ocrx_word' id='word_1_190' title='bbox 318 2374 477 2450; x_wconf 85' lang='lat' dir='ltr'><strong>aliquando</strong></span> <span class='ocrx_word' id='word_1_191' title='bbox 496 2377 670 2432; x_wconf 88' lang='lat' dir='ltr'><strong>moriturus.</strong></span> <span class='ocrx_word' id='word_1_192' title='bbox 712 2375 796 2432; x_wconf 86' lang='lat' dir='ltr'><strong>Finis</strong></span> <span class='ocrx_word' id='word_1_193' title='bbox 810 2385 909 2433; x_wconf 87' lang='lat' dir='ltr'><strong>autem</strong></span> <span class='ocrx_word' id='word_1_194' title='bbox 923 2378 1017 2448; x_wconf 86' lang='lat' dir='ltr'><strong>vitae,</strong></span> <span class='ocrx_word' id='word_1_195' title='bbox 1042 2387 1103 2437; x_wconf 76' lang='lat' dir='ltr'><strong>tani</strong></span> 
     </span>
     <span class='ocr_line' id='line_1_27' title="bbox 78 2457 1102 2535; baseline 0.005 -24"><span class='ocrx_word' id='word_1_196' title='bbox 78 2460 186 2535; x_wconf 85' lang='lat' dir='ltr'><strong>longam</strong></span> <span class='ocrx_word' id='word_1_197' title='bbox 210 2477 298 2534; x_wconf 86' lang='lat' dir='ltr'><strong>quam</strong></span> <span class='ocrx_word' id='word_1_198' title='bbox 323 2459 442 2516; x_wconf 84' lang='lat' dir='ltr'><strong>brevem</strong></span> <span class='ocrx_word' id='word_1_199' title='bbox 458 2461 574 2531; x_wconf 77' lang='lat' dir='ltr'><strong>¹vitam,</strong></span> <span class='ocrx_word' id='word_1_200' title='bbox 600 2457 656 2526; x_wconf 90' lang='lat' dir='ltr'><strong>hoc</strong></span> <span class='ocrx_word' id='word_1_201' title='bbox 683 2457 760 2515; x_wconf 81' lang='lat' dir='ltr'><strong>idem</strong></span> <span class='ocrx_word' id='word_1_202' title='bbox 778 2459 859 2515; x_wconf 86' lang='lat' dir='ltr'><strong>facit.</strong></span> <span class='ocrx_word' id='word_1_203' title='bbox 881 2457 1003 2534; x_wconf 16' lang='lat' dir='ltr'><strong>‘Neque</strong></span> <span class='ocrx_word' id='word_1_204' title='bbox 1023 2462 1102 2516; x_wconf 83' lang='lat' dir='ltr'><strong>eninr</strong></span> 
     </span>
     <span class='ocr_line' id='line_1_28' title="bbox 78 2537 1102 2614; baseline 0.002 -18"><span class='ocrx_word' id='word_1_205' title='bbox 78 2542 148 2597; x_wconf 81' lang='lat' dir='ltr'><strong>aliud</strong></span> <span class='ocrx_word' id='word_1_206' title='bbox 160 2545 275 2611; x_wconf 75' lang='lat' dir='ltr'><strong>arelius,</strong></span> <span class='ocrx_word' id='word_1_207' title='bbox 290 2553 320 2598; x_wconf 92' lang='lat' dir='ltr'><strong>et</strong></span> <span class='ocrx_word' id='word_1_208' title='bbox 333 2537 569 2614; x_wconf 81' lang='lat' dir='ltr'><strong>eliuildeterius3</strong></span> <span class='ocrx_word' id='word_1_209' title='bbox 582 2552 634 2606; x_wconf 86' lang='lat' dir='ltr'><strong>aut</strong></span> <span class='ocrx_word' id='word_1_210' title='bbox 647 2540 842 2614; x_wconf 83' lang='lat' dir='ltr'><strong>aliudnreius,</strong></span> <span class='ocrx_word' id='word_1_211' title='bbox 855 2551 884 2597; x_wconf 89' lang='lat' dir='ltr'><strong>et</strong></span> <span class='ocrx_word' id='word_1_212' title='bbox 897 2541 1102 2599; x_wconf 83' lang='lat' dir='ltr'><strong>aliudhrerius</strong></span> 
     </span>
     <span class='ocr_line' id='line_1_29' title="bbox 78 2625 1102 2701; baseline 0.001 -22"><span class='ocrx_word' id='word_1_213' title='bbox 78 2635 131 2696; x_wconf 79' lang='lat' dir='ltr'><strong>est,</strong></span> <span class='ocrx_word' id='word_1_214' title='bbox 157 2625 234 2701; x_wconf 83' lang='lat' dir='ltr'><strong>quod</strong></span> <span class='ocrx_word' id='word_1_215' title='bbox 255 2629 313 2695; x_wconf 78' lang='lat' dir='ltr'><strong>iam</strong></span> <span class='ocrx_word' id='word_1_216' title='bbox 331 2628 443 2700; x_wconf 87' lang='lat' dir='ltr'><strong>pariter</strong></span> <span class='ocrx_word' id='word_1_217' title='bbox 468 2645 527 2682; x_wconf 92' lang='lat' dir='ltr'><strong>non</strong></span> <span class='ocrx_word' id='word_1_218' title='bbox 548 2633 611 2682; x_wconf 64' lang='lat' dir='ltr'><strong>cstz‘</strong></span> <span class='ocrx_word' id='word_1_219' title='bbox 652 2625 731 2693; x_wconf 77' lang='lat' dir='ltr'><strong>Quid</strong></span> <span class='ocrx_word' id='word_1_220' title='bbox 748 2636 847 2682; x_wconf 90' lang='lat' dir='ltr'><strong>autem</strong></span> <span class='ocrx_word' id='word_1_221' title='bbox 874 2627 1016 2697; x_wconf 88' lang='lat' dir='ltr'><strong>interest,</strong></span> <span class='ocrx_word' id='word_1_222' title='bbox 1043 2645 1102 2701; x_wconf 92' lang='lat' dir='ltr'><strong>quo</strong></span> 
     </span>
     <span class='ocr_line' id='line_1_30' title="bbox 78 2707 1101 2788; baseline 0.002 -25"><span class='ocrx_word' id='word_1_223' title='bbox 78 2711 171 2764; x_wconf 85' lang='lat' dir='ltr'><strong>nortis</strong></span> <span class='ocrx_word' id='word_1_224' title='bbox 197 2717 308 2788; x_wconf 82' lang='lat' dir='ltr'><strong>genere</strong></span> <span class='ocrx_word' id='word_1_225' title='bbox 338 2711 401 2766; x_wconf 86' lang='lat' dir='ltr'><strong>vita</strong></span> <span class='ocrx_word' id='word_1_226' title='bbox 427 2711 485 2764; x_wconf 90' lang='lat' dir='ltr'><strong>ista</strong></span> <span class='ocrx_word' id='word_1_227' title='bbox 511 2707 656 2781; x_wconf 86' lang='lat' dir='ltr'><strong>finiatur,</strong></span> <span class='ocrx_word' id='word_1_228' title='bbox 689 2708 885 2784; x_wconf 15' lang='lat' dir='ltr'><strong>quandonille</strong></span> <span class='ocrx_word' id='word_1_229' title='bbox 911 2711 960 2765; x_wconf 94' lang='lat' dir='ltr'><strong>eui</strong></span> <span class='ocrx_word' id='word_1_230' title='bbox 987 2709 1101 2780; x_wconf 82' lang='lat' dir='ltr'><strong>finitur,</strong></span> 
     </span>
     <span class='ocr_line' id='line_1_31' title="bbox 76 2787 1146 2871; baseline 0.005 -26"><span class='ocrx_word' id='word_1_231' title='bbox 76 2793 174 2848; x_wconf 83' lang='lat' dir='ltr'><strong>iterum</strong></span> <span class='ocrx_word' id='word_1_232' title='bbox 192 2795 348 2849; x_wconf 89' lang='lat' dir='ltr'><strong>morinen</strong></span> <span class='ocrx_word' id='word_1_233' title='bbox 368 2787 507 2871; x_wconf 68' lang='lat' dir='ltr'><strong>eogitari</strong></span> <span class='ocrx_word' id='word_1_234' title='bbox 542 2791 616 2850; x_wconf 83' lang='lat' dir='ltr'><strong>Cura</strong></span> <span class='ocrx_word' id='word_1_235' title='bbox 637 2801 735 2849; x_wconf 87' lang='lat' dir='ltr'><strong>autem</strong></span> <span class='ocrx_word' id='word_1_236' title='bbox 757 2794 918 2866; x_wconf 83' lang='lat' dir='ltr'><strong>unicuique</strong></span> <span class='ocrx_word' id='word_1_237' title='bbox 935 2795 1103 2850; x_wconf 86' lang='lat' dir='ltr'><strong>mortalium</strong></span> <span class='ocrx_word' id='word_1_238' title='bbox 1136 2853 1146 2862; x_wconf 59' lang='grc'>,</span> 
     </span>
     <span class='ocr_line' id='line_1_32' title="bbox 19 2875 1135 2956; baseline -0.001 -27"><span class='ocrx_word' id='word_1_239' title='bbox 19 2943 20 2956; x_wconf 19' lang='lat'>2</span> <span class='ocrx_word' id='word_1_240' title='bbox 76 2875 122 2930; x_wconf 85' lang='lat' dir='ltr'><strong>suh</strong></span> <span class='ocrx_word' id='word_1_241' title='bbox 148 2875 329 2952; x_wconf 87' lang='lat' dir='ltr'><strong>quotidianis</strong></span> <span class='ocrx_word' id='word_1_242' title='bbox 356 2879 435 2933; x_wconf 82' lang='lat' dir='ltr'><strong>ritae</strong></span> <span class='ocrx_word' id='word_1_243' title='bbox 461 2875 548 2932; x_wconf 86' lang='lat' dir='ltr'><strong>huius</strong></span> <span class='ocrx_word' id='word_1_244' title='bbox 578 2875 714 2947; x_wconf 88' lang='lat' dir='ltr'><strong>casihus,</strong></span> <span class='ocrx_word' id='word_1_245' title='bbox 740 2876 970 2932; x_wconf 89' lang='lat' dir='ltr'><strong>innumerabiles</strong></span> <span class='ocrx_word' id='word_1_246' title='bbox 993 2884 1102 2931; x_wconf 87' lang='lat' dir='ltr'><strong>mortes</strong></span> <span class='ocrx_word' id='word_1_247' title='bbox 1131 2883 1135 2898; x_wconf 76' lang='lat'><strong><em>‘</em></strong></span> 
     </span>
     <span class='ocr_line' id='line_1_33' title="bbox 19 2953 1104 3034; baseline 0 -22"><span class='ocrx_word' id='word_1_248' title='bbox 19 2975 20 2988; x_wconf 61' lang='lat'>¹</span> <span class='ocrx_word' id='word_1_249' title='bbox 76 2958 281 3030; x_wconf 81' lang='lat' dir='ltr'><strong>quodammodo</strong></span> <span class='ocrx_word' id='word_1_250' title='bbox 296 2953 533 3029; x_wconf 79' lang='lat' dir='ltr'><strong>comminentur,</strong></span> <span class='ocrx_word' id='word_1_251' title='bbox 561 2957 699 3034; x_wconf 81' lang='lat' dir='ltr'><strong>quamdiu</strong></span> <span class='ocrx_word' id='word_1_252' title='bbox 714 2961 932 3031; x_wconf 80' lang='lat' dir='ltr'><strong>ineerturncst‚</strong></span> <span class='ocrx_word' id='word_1_253' title='bbox 960 2976 1104 3034; x_wconf 87' lang='lat' dir='ltr'><strong>quaenam</strong></span> 
     </span>
     <span class='ocr_line' id='line_1_34' title="bbox 75 3033 1104 3119; baseline -0.003 -24"><span class='ocrx_word' id='word_1_254' title='bbox 75 3059 165 3097; x_wconf 83' lang='lat' dir='ltr'><strong>earum</strong></span> <span class='ocrx_word' id='word_1_255' title='bbox 184 3053 313 3099; x_wconf 88' lang='lat' dir='ltr'><strong>ventura</strong></span> <span class='ocrx_word' id='word_1_256' title='bbox 331 3045 393 3115; x_wconf 82' lang='lat' dir='ltr'><strong>sit3</strong></span> <span class='ocrx_word' id='word_1_257' title='bbox 424 3061 534 3119; x_wconf 86' lang='lat' dir='ltr'><strong>quaero</strong></span> <span class='ocrx_word' id='word_1_258' title='bbox 563 3033 663 3098; x_wconf 86' lang='lat' dir='ltr'><strong>utrum</strong></span> <span class='ocrx_word' id='word_1_259' title='bbox 688 3045 781 3098; x_wconf 87' lang='lat' dir='ltr'><strong>satius</strong></span> <span class='ocrx_word' id='word_1_260' title='bbox 801 3045 856 3114; x_wconf 88' lang='lat' dir='ltr'><strong>sit,</strong></span> <span class='ocrx_word' id='word_1_261' title='bbox 885 3061 974 3098; x_wconf 89' lang='lat' dir='ltr'><strong>unam</strong></span> <span class='ocrx_word' id='word_1_262' title='bbox 991 3040 1104 3116; x_wconf 83' lang='lat' dir='ltr'><strong>perpeti</strong></span> 
     </span>
     <span class='ocr_line' id='line_1_35' title="bbox 74 3119 1105 3203; baseline -0.003 -25"><span class='ocrx_word' id='word_1_263' title='bbox 74 3125 242 3197; x_wconf 79' lang='lat' dir='ltr'><strong>moriendo,</strong></span> <span class='ocrx_word' id='word_1_264' title='bbox 275 3145 314 3182; x_wconf 88' lang='lat' dir='ltr'><strong>au</strong></span> <span class='ocrx_word' id='word_1_265' title='bbox 341 3145 442 3185; x_wconf 88' lang='lat' dir='ltr'><strong>onmes</strong></span> <span class='ocrx_word' id='word_1_266' title='bbox 468 3127 573 3183; x_wconf 84' lang='lat' dir='ltr'><strong>timere</strong></span> <span class='ocrx_word' id='word_1_267' title='bbox 596 3122 745 3182; x_wconf 66' lang='lat' dir='ltr'><strong>vivendo?</strong></span> <span class='ocrx_word' id='word_1_268' title='bbox 774 3125 843 3182; x_wconf 89' lang='lat' dir='ltr'><strong>-Nec</strong></span> <span class='ocrx_word' id='word_1_269' title='bbox 874 3119 983 3203; x_wconf 79' lang='lat' dir='ltr'><strong>ignoro</strong></span> <span class='ocrx_word' id='word_1_270' title='bbox 1016 3139 1105 3196; x_wconf 88' lang='lat' dir='ltr'><strong>quam</strong></span> 
     </span>
     <span class='ocr_line' id='line_1_36' title="bbox 19 3203 1105 3287; baseline -0.002 -27"><span class='ocrx_word' id='word_1_271' title='bbox 19 3203 20 3206; x_wconf 63' lang='grc'>’</span> <span class='ocrx_word' id='word_1_272' title='bbox 74 3207 355 3287; x_wconf 80' lang='lat' dir='ltr'><strong>inertiuscligatur,</strong></span> <span class='ocrx_word' id='word_1_273' title='bbox 384 3209 434 3266; x_wconf 71' lang='lat' dir='ltr'><strong>iliu</strong></span> <span class='ocrx_word' id='word_1_274' title='bbox 454 3211 553 3266; x_wconf 80' lang='lat' dir='ltr'><strong>vivere</strong></span> <span class='ocrx_word' id='word_1_275' title='bbox 575 3209 748 3264; x_wconf 83' lang='lat' dir='ltr'><strong>suhtiniorc</strong></span> <span class='ocrx_word' id='word_1_276' title='bbox 769 3218 816 3264; x_wconf 85' lang='lat' dir='ltr'><strong>tot</strong></span> <span class='ocrx_word' id='word_1_277' title='bbox 833 3210 988 3282; x_wconf 85' lang='lat' dir='ltr'><strong>mortium,</strong></span> <span class='ocrx_word' id='word_1_278' title='bbox 1017 3211 1105 3278; x_wconf 80' lang='lat' dir='ltr'><strong>quam</strong></span> 
     </span>
     <span class='ocr_line' id='line_1_37' title="bbox 73 3287 1105 3366; baseline -0.002 -23"><span class='ocrx_word' id='word_1_279' title='bbox 73 3294 153 3346; x_wconf 84' lang='lat' dir='ltr'><strong>reurcl</strong></span> <span class='ocrx_word' id='word_1_280' title='bbox 181 3292 339 3348; x_wconf 85' lang='lat' dir='ltr'><strong>moriendo</strong></span> <span class='ocrx_word' id='word_1_281' title='bbox 369 3294 481 3348; x_wconf 86' lang='lat' dir='ltr'><strong>nullum</strong></span> <span class='ocrx_word' id='word_1_282' title='bbox 495 3291 633 3366; x_wconf 84' lang='lat' dir='ltr'><strong>deinceps</strong></span> <span class='ocrx_word' id='word_1_283' title='bbox 659 3291 828 3348; x_wconf 81' lang='lat' dir='ltr'><strong>formidare.</strong></span> <span class='ocrx_word' id='word_1_284' title='bbox 877 3290 937 3358; x_wconf 67' lang='lat' dir='ltr'><strong>Seii</strong></span> <span class='ocrx_word' id='word_1_285' title='bbox 955 3287 1036 3343; x_wconf 80' lang='lat' dir='ltr'><strong>aliud</strong></span> <span class='ocrx_word' id='word_1_286' title='bbox 1060 3297 1105 3342; x_wconf 83' lang='lat' dir='ltr'><strong>est</strong></span> 
     </span>
     <span class='ocr_line' id='line_1_38' title="bbox 74 3367 1106 3452; baseline -0.002 -24"><span class='ocrx_word' id='word_1_287' title='bbox 74 3374 146 3446; x_wconf 81' lang='lat' dir='ltr'><strong>quod</strong></span> <span class='ocrx_word' id='word_1_288' title='bbox 172 3377 273 3432; x_wconf 82' lang='lat' dir='ltr'><strong>carnis</strong></span> <span class='ocrx_word' id='word_1_289' title='bbox 302 3395 409 3432; x_wconf 82' lang='lat' dir='ltr'><strong>sensus</strong></span> <span class='ocrx_word' id='word_1_290' title='bbox 435 3375 593 3442; x_wconf 83' lang='lat' dir='ltr'><strong>infirmiter</strong></span> <span class='ocrx_word' id='word_1_291' title='bbox 618 3375 741 3448; x_wconf 84' lang='lat' dir='ltr'><strong>pavidus</strong></span> <span class='ocrx_word' id='word_1_292' title='bbox 769 3367 1007 3452; x_wconf 63' lang='lat' dir='ltr'><strong>refugit‚&#39;&#39;aliud</strong></span> <span class='ocrx_word' id='word_1_293' title='bbox 1027 3369 1106 3444; x_wconf 87' lang='lat' dir='ltr'><strong>quod</strong></span> 
     </span>
     <span class='ocr_line' id='line_1_39' title="bbox 71 3455 1113 3540; baseline 0.001 -32"><span class='ocrx_word' id='word_1_294' title='bbox 71 3460 171 3514; x_wconf 82' lang='lat' dir='ltr'><strong>urentis</strong></span> <span class='ocrx_word' id='word_1_295' title='bbox 199 3461 278 3515; x_wconf 87' lang='lat' dir='ltr'><strong>ratio</strong></span> <span class='ocrx_word' id='word_1_296' title='bbox 302 3457 462 3537; x_wconf 86' lang='lat' dir='ltr'><strong>diligenter</strong></span> <span class='ocrx_word' id='word_1_297' title='bbox 480 3461 635 3540; x_wconf 52' lang='lat' dir='ltr'><strong>chanana</strong></span> <span class='ocrx_word' id='word_1_298' title='bbox 661 3460 802 3526; x_wconf 76' lang='lat' dir='ltr'><strong>convicit.</strong></span> <span class='ocrx_word' id='word_1_299' title='bbox 847 3455 926 3514; x_wconf 85' lang='lat' dir='ltr'><strong>Mala</strong></span> <span class='ocrx_word' id='word_1_300' title='bbox 943 3471 1022 3509; x_wconf 90' lang='lat' dir='ltr'><strong>mors</strong></span> <span class='ocrx_word' id='word_1_301' title='bbox 1049 3472 1113 3528; x_wconf 86' lang='lat' dir='ltr'><strong>pu-·</strong></span> 
     </span>
     <span class='ocr_line' id='line_1_40' title="bbox 71 3536 1105 3632; baseline -0.001 -40"><span class='ocrx_word' id='word_1_302' title='bbox 71 3540 151 3598; x_wconf 82' lang='lat' dir='ltr'><strong>tanda</strong></span> <span class='ocrx_word' id='word_1_303' title='bbox 166 3560 227 3599; x_wconf 90' lang='lat' dir='ltr'><strong>non</strong></span> <span class='ocrx_word' id='word_1_304' title='bbox 243 3552 306 3614; x_wconf 85' lang='lat' dir='ltr'><strong>est,</strong></span> <span class='ocrx_word' id='word_1_305' title='bbox 328 3544 506 3632; x_wconf 82' lang='lat' dir='ltr'><strong>quambene</strong></span> <span class='ocrx_word' id='word_1_306' title='bbox 525 3543 585 3598; x_wconf 87' lang='lat' dir='ltr'><strong>vita</strong></span> <span class='ocrx_word' id='word_1_307' title='bbox 599 3542 804 3615; x_wconf 81' lang='lat' dir='ltr'><strong>praecesserit.</strong></span> <span class='ocrx_word' id='word_1_308' title='bbox 849 3537 953 3611; x_wconf 89' lang='lat' dir='ltr'><strong>Neque</strong></span> <span class='ocrx_word' id='word_1_309' title='bbox 968 3537 1047 3592; x_wconf 90' lang='lat' dir='ltr'><strong>enim</strong></span> <span class='ocrx_word' id='word_1_310' title='bbox 1061 3536 1105 3593; x_wconf 81' lang='lat' dir='ltr'><strong>fa-</strong></span> 
     </span>
     <span class='ocr_line' id='line_1_41' title="bbox 71 3619 1135 3699; baseline -0.005 -21"><span class='ocrx_word' id='word_1_311' title='bbox 71 3625 223 3682; x_wconf 84' lang='lat' dir='ltr'><strong>citmalam</strong></span> <span class='ocrx_word' id='word_1_312' title='bbox 244 3636 384 3697; x_wconf 84' lang='lat' dir='ltr'><strong>mortem,</strong></span> <span class='ocrx_word' id='word_1_313' title='bbox 411 3627 470 3681; x_wconf 87' lang='lat' dir='ltr'><strong>nisi</strong></span> <span class='ocrx_word' id='word_1_314' title='bbox 489 3623 567 3699; x_wconf 72' lang='lat' dir='ltr'><strong>quotl</strong></span> <span class='ocrx_word' id='word_1_315' title='bbox 579 3625 715 3698; x_wconf 89' lang='lat' dir='ltr'><strong>sequitur</strong></span> <span class='ocrx_word' id='word_1_316' title='bbox 741 3632 873 3693; x_wconf 79' lang='lat' dir='ltr'><strong>uiortcm.</strong></span> <span class='ocrx_word' id='word_1_317' title='bbox 918 3619 1106 3694; x_wconf 69' lang='lat' dir='ltr'><strong>Non&#39;itaque</strong></span> <span class='ocrx_word' id='word_1_318' title='bbox 1131 3659 1135 3667; x_wconf 32' lang='lat' dir='ltr'><strong>s</strong></span> 
     </span>
     <span class='ocr_line' id='line_1_42' title="bbox 73 3698 1107 3784; baseline -0.004 -25"><span class='ocrx_word' id='word_1_319' title='bbox 73 3709 183 3766; x_wconf 88' lang='lat' dir='ltr'><strong>multum</strong></span> <span class='ocrx_word' id='word_1_320' title='bbox 200 3709 372 3766; x_wconf 88' lang='lat' dir='ltr'><strong>curandum</strong></span> <span class='ocrx_word' id='word_1_321' title='bbox 386 3710 498 3777; x_wconf 82' lang='lat' dir='ltr'><strong>osteis,</strong></span> <span class='ocrx_word' id='word_1_322' title='bbox 526 3709 577 3784; x_wconf 91' lang='lat' dir='ltr'><strong>qui</strong></span> <span class='ocrx_word' id='word_1_323' title='bbox 591 3709 762 3763; x_wconf 88' lang='lat' dir='ltr'><strong>necessario</strong></span> <span class='ocrx_word' id='word_1_324' title='bbox 777 3703 917 3759; x_wconf 89' lang='lat' dir='ltr'><strong>morituri</strong></span> <span class='ocrx_word' id='word_1_325' title='bbox 930 3712 1016 3774; x_wconf 88' lang='lat' dir='ltr'><strong>sunt,</strong></span> <span class='ocrx_word' id='word_1_326' title='bbox 1037 3698 1107 3775; x_wconf 82' lang='lat' dir='ltr'><strong>quid</strong></span> 
     </span>
     <span class='ocr_line' id='line_1_43' title="bbox 73 3784 1105 3864; baseline -0.005 -20"><span class='ocrx_word' id='word_1_327' title='bbox 73 3790 173 3847; x_wconf 80' lang='lat' dir='ltr'><strong>aecidat</strong></span> <span class='ocrx_word' id='word_1_328' title='bbox 186 3803 224 3849; x_wconf 89' lang='lat' dir='ltr'><strong>ut</strong></span> <span class='ocrx_word' id='word_1_329' title='bbox 237 3794 423 3863; x_wconf 88' lang='lat' dir='ltr'><strong>moriautur;</strong></span> <span class='ocrx_word' id='word_1_330' title='bbox 446 3791 497 3846; x_wconf 81' lang='lat' dir='ltr'><strong>sed</strong></span> <span class='ocrx_word' id='word_1_331' title='bbox 524 3789 678 3848; x_wconf 86' lang='lat' dir='ltr'><strong>moriendo</strong></span> <span class='ocrx_word' id='word_1_332' title='bbox 705 3789 822 3862; x_wconf 86' lang='lat' dir='ltr'><strong>quoire</strong></span> <span class='ocrx_word' id='word_1_333' title='bbox 838 3797 993 3864; x_wconf 81' lang='lat' dir='ltr'><strong>cogantur.</strong></span> <span class='ocrx_word' id='word_1_334' title='bbox 1033 3784 1105 3840; x_wconf 88' lang='lat' dir='ltr'><strong>Cum</strong></span> 
     </span>
     <span class='ocr_line' id='line_1_44' title="bbox 73 3867 1143 3954; baseline -0.006 -29"><span class='ocrx_word' id='word_1_335' title='bbox 73 3867 353 3954; x_wconf 28' lang='lat' dir='ltr'><strong>igitur&#39;Christiani</strong></span> <span class='ocrx_word' id='word_1_336' title='bbox 379 3877 532 3945; x_wconf 81' lang='lat' dir='ltr'><strong>noverint,</strong></span> <span class='ocrx_word' id='word_1_337' title='bbox 563 3876 653 3950; x_wconf 87' lang='lat' dir='ltr'><strong>longe</strong></span> <span class='ocrx_word' id='word_1_338' title='bbox 675 3871 833 3934; x_wconf 86' lang='lat' dir='ltr'><strong>meliorem</strong></span> <span class='ocrx_word' id='word_1_339' title='bbox 858 3870 952 3927; x_wconf 80' lang='lat' dir='ltr'><strong>fuisse</strong></span> <span class='ocrx_word' id='word_1_340' title='bbox 973 3867 1107 3945; x_wconf 80' lang='lat' dir='ltr'><strong>religiosi</strong></span> <span class='ocrx_word' id='word_1_341' title='bbox 1142 3877 1143 3880; x_wconf 75' lang='grc'>’</span> 
     </span>
     <span class='ocr_line' id='line_1_45' title="bbox 988 3957 994 3978; baseline 0 0"><span class='ocrx_word' id='word_1_342' title='bbox 988 3957 994 3978; x_wconf 69' lang='lat' dir='ltr'><strong>h</strong></span> 
     </span>
    </p>
   </div>
   <div class='ocr_carea' id='block_1_3' title="bbox 0 0 1186 4309">
    <p class='ocr_par' dir='ltr' id='par_1_3' title="bbox 0 0 1186 4309">
     <span class='ocr_line' id='line_1_46' title="bbox 0 0 1186 4309; baseline 0 0"><span class='ocrx_word' id='word_1_343' title='bbox 0 0 1186 4309; x_wconf 95' lang='lat' dir='ltr'><strong> </strong></span> 
     </span>
    </p>
   </div>
  </div>
 </body>
</html>
