2362 4314
237 46 239 54 '
268 48 353 104 deum
377 46 502 101 coluit
492 63 524 100 ιιι
549 46 672 121 templo:
696 43 768 102 hacc
790 56 888 104 autern
910 46 1083 105 Hierusalem
1102 45 1174 104 coud'r

220 187 225 192 ,
267 144 352 186 suum
366 126 461 183 Deum
474 126 638 201 Christum,
650 138 685 186 ut
698 130 830 186 construi
842 140 942 205 posset
955 141 984 188 ct
997 132 1107 188 dedicari
1111 126 1176 204 ,'pon

266 211 335 267 lidei
349 208 547 268 fundamento.
581 202 635 267 lllo
653 213 735 268 illum
754 214 884 270 amando
892 232 957 275 esse
974 202 1056 272 deum
1071 170 1166 281 credidit,

266 295 357 349 istum
369 292 467 350 Deum
481 313 547 350 esse
561 295 705 351 credendo
720 297 835 351 amavit.
869 294 953 353 Sicut
966 317 1035 376 ergo
1047 295 1175 372 praecessit*

267 384 379 433 amaret
390 377 458 448 illa,
485 377 563 434 etde
576 387 672 433 amato
686 379 744 433 iam
756 378 883 434 libenter
897 382 987 437 ctiam
996 381 1090 436 falsum
1099 381 1171 436 dorm

170 519 173 528 ,
266 458 362 515 deret:
376 461 418 516 ita
427 462 588 533 praecessit
600 460 678 516 unde
692 461 749 517 ista
761 460 903 534 crederet,
915 473 949 520 ut
960 474 1038 522 recta
1048 462 1105 535 fide,
1115 468 1181 518 nont

266 559 300 599 re
314 541 520 619 quodfalsum,
534 542 585 600 sed
597 543 675 621 quod
686 562 789 601 rerum
802 554 866 602 erat
879 558 998 605 amaret.
1012 547 1130 622 Exceptis
1139 543 1167 598 t'

267 636 298 683 et
315 628 406 683 tantis
429 628 593 700 miraculis,
619 645 694 703 quae
713 640 922 704 persuaserunt
945 630 1042 689 Deum
1056 649 1110 688 esse
1123 626 1177 685 cn·

262 709 436 787 ‘prophetiae
450 728 564 786 quoque
577 710 693 768 divinae
705 710 763 768 fide
773 705 961 791 dignissimae
973 719 1181 792 praecessomotp

266 797 299 851 in
313 796 374 867 illo,
388 812 449 852 non
460 796 535 851 sicut
545 813 563 850 a
572 795 702 870 patribus
716 795 808 852 adhuc
818 795 979 855 creduntur
992 797 1140 875 implendae,
1150 813 1176 849 s1

267 877 504 946 demonstrantur
516 879 658 953 impletae.
693 877 740 935 De
754 877 878 937 Romulo
901 892 998 939 autem
1014 884 1078 958 quia
1088 875 1179 937 condidit

170 1021 173 1028 ,
266 979 360 1035 mam,
385 963 417 1019 in
435 980 526 1038 eaque
544 963 692 1041 regnavit,
713 962 844 1035 auditur,
869 966 1016 1043 legiturve
1030 963 1100 1042 quod
1124 990 1127 1011 τ
1158 985 1177 1007 ἰ

266 1063 327 1103 uon
348 1045 425 1122 quod
443 1055 512 1103 ante
532 1045 631 1104 lucrat
648 1045 863 1122 prophetatum·
890 1049 943 1106 sed
963 1050 1039 1125 quod
1057 1051 1092 1106 sit
1108 1063 1168 1119 recep

266 1127 344 1199 deos,
359 1129 500 1185 creditum
512 1138 616 1186 tenent
627 1132 761 1203 literae,
754 1150 813 1187 non
824 1130 935 1189 factum
949 1134 1060 1190 docent.
1076 1131 1180 1200 Nullisp

265 1229 364 1269 rerum
375 1212 588 1269 mirabilium'
563 1215 657 1292 signis
671 1214 739 1270 id'
714 1233 741 1270 es
753 1233 822 1272 vere
833 1218 1006 1289 provenisse
1015 1145 1180 1273 monstraturi]

225 1349 229 1355 ,
264 1295 370 1370 quippe
382 1296 433 1351 illa
447 1288 584 1375 [stastum
597 1296 734 1378 duorum]
756 1300 874 1370 nutrix,
901 1298 979 1374 quod
998 1299 1106 1358 videtur
1120 1309 1178 1371 quw

264 1396 358 1456 gnum
369 1379 517 1435 exstitisse
531 1389 713 1453 portentum,
739 1383 825 1457 quale
843 1391 895 1439 aut
913 1392 1055 1459 quantum
1067 1376 1180 1440 estaddtl

265 1460 417 1519 strandum
435 1460 540 1520 deum‘i
566 1463 653 1521 Certe
672 1466 750 1522 enim
766 1466 822 1522 etsi
840 1484 901 1522 non
918 1469 1060 1524 meretrix
1075 1469 1133 1539 lupa
1145 1460 1180 1517 fud

201 1587 206 1602 .
263 1543 315 1601 scd
326 1544 430 1620 bestia,
445 1565 512 1604 cum
523 1532 676 1624 [fratribus
688 1545 868 1625 portentum]
884 1568 1035 1607 commuue
1044 1542 1180 1607 fucritmls

262 1627 357 1685 frater
368 1640 466 1688 tamen
479 1632 542 1689 eius
555 1651 615 1689 nou
626 1631 748 1689 habetur
762 1631 840 1688 deus.
867 1634 939 1700 Quis
953 1643 1049 1691 autem
1060 1629 1180 1710 prohibitu

263 1722 315 1769 aut
328 1711 498 1788 Romulum,
522 1724 573 1772 aut
584 1714 758 1788 Herculem,
780 1725 832 1773 aut
845 1717 917 1772 alios
931 1719 1007 1774 tales
1020 1717 1134 1775 homines
1144 1709 1179 1764 ded

162 1850 163 1854 ,
264 1800 343 1870 cere,
358 1799 475 1854 etmori
488 1793 606 1871 maluit,
628 1817 716 1876 quam
730 1818 790 1857 non
804 1795 921 1856 diccrc'l
955 1798 1180 1870 Autverosliqm

262 1881 336 1937 tium
353 1883 461 1939 coleret
477 1884 556 1939 inter
574 1882 643 1940 deos
664 1901 733 1939 suos
751 1881 923 1956 Romulum,
934 1954 937 1959 „
947 1887 1007 1942 nisi
1019 1882 1132 1942 Romani
1146 1891 1180 1934 adl

261 1974 365 2034 metus
384 1962 520 2044 cogeret?
555 1966 627 2033 Quis
642 1984 730 2043 porro
748 1977 895 2039 numeret,
918 1983 1006 2043 quam
1018 1969 1096 2026 multi
1107 1968 1180 2040 quand

229 2094 232 2099 .
262 2049 387 2105 saevitia
400 2046 581 2107 crudelitatis
595 2050 704 2122 occidi,
730 2068 818 2127 quam
830 2048 980 2108 Christum
994 2052 1087 2110 Deum
1101 2058 1178 2124 negate

262 2128 401 2188 lueruntd
423 2130 549 2190 Proinde
560 2143 655 2190 metus
669 2135 829 2209 quamlibet
840 2136 914 2192 levis
928 2133 1179 2214 indignationeque
