2362 4314
693 23 706 56 9

132 221 192 278 ιιι
358 199 459 268 u1v1
480 161 664 260 avorum
686 195 940 256 rvovsrmr

516 337 549 412 'c
570 353 595 410 A
615 349 651 408 r.
693 346 783 408 vm

137 464 256 530 Quodut
268 458 380 512 mondus
397 455 426 507 io
438 450 574 506 ctorem
592 447 725 508 crederet,
748 445 862 498 virtutis
873 445 968 517 fiterit
982 445 1075 507 diuinos,
1089 462 1119 496 ιιι
1136 421 1137 426 ¹

44 533 45 540 ’
481 514 663 587 persuadente
674 512 820 572 beonnae.

140 623 144 634 “
204 615 264 673 Sed
276 611 362 671 valde
371 608 528 667 ridiculum
540 614 596 673 est,
609 603 646 660 de
659 601 778 660 Romuli
791 603 870 660 falsa
886 602 1045 673 divinitate,
1053 620 1093 658 con
1101 599 1122 654 dc

140 699 256 760 Christo
270 698 432 771 loquimur,
455 690 554 747 iacere
566 687 755 744 mentionem.
800 685 1011 745 Verumtamen
1023 705 1069 758 ¹cru
1078 701 1119 740 rcr-

142 785 236 842 centir
251 781 342 835 ferme
356 777 441 832 annis
453 781 520 829 ante
535 769 705 827 Ciceronem
719 767 868 826 Romulus
882 771 989 843 fiterit,
1014 779 1073 844 atqu
1086 766 1116 820 iu

134 867 222 924 'actm
236 865 294 920 ium
308 861 399 918 fuisse
411 855 553 912 doctrinis
568 854 683 912 dicatur
695 854 838 926 exculta,
865 863 903 910 ut
930 853 1008 930 quod
1029 853 1075 910 deri
1084 865 1115 904 m

141 956 248 1027 potest,
263 961 345 1002 omne
361 937 504 1018 [eludens]
516 945 682 1016 respueret:
709 946 823 1012 quanto
836 940 937 1013 inagis
949 946 1015 1012 post
1025 941 1120 992 mmm

143 1047 233 1089 asinos
247 1027 337 1102 ipsius
352 1034 483 1098 tempore
497 1020 660 1093 Ciceronis,
685 1021 873 1097 maximeque
891 1031 995 1094 posteo
1012 1017 1124 1090 sublege

144 1125 188 1170 sto
202 1105 644 1186 atque‘l'iberio‚‘eruditioribus
664 1105 767 1178 ntique
780 1103 981 1178 temporibus,
993 1099 1126 1160 resurreetio

134 1209 211 1254 'nem
224 1192 320 1248 caruis
336 1187 446 1254 Christi
459 1198 545 1264 atque
557 1189 589 1246 in
602 1188 716 1244 coelum
729 1186 976 1261 adscensionem,
1002 1175 1130 1260 tanqumil

145 1275 221 1354 quod
234 1275 299 1330 lieri
313 1292 373 1331 non
385 1281 497 1349 potest,
511 1289 592 1328 mens
604 1269 731 1328 bumana
743 1269 824 1326 ferre
837 1289 902 1328 non
916 1279 1029 1346 posset,
1045 1266 1130 1325 studeo

145 1379 200 1436 que
212 1359 247 1414 ab
262 1356 382 1414 auribus
395 1355 586 1429 cordibusque
598 1362 765 1428 respueret,
790 1354 851 1409 nisi
865 1372 935 1410 eam
953 1354 1024 1412 'fieri
1038 1350 1132 1428 potuim

146 1451 232 1520 atque
246 1439 352 1498 factam
363 1458 426 1496 esse
440 1438 576 1496 diviniter
589 1438 679 1512 ipsius
693 1437 842 1505 veritatis,
855 1438 908 1493 vel
920 1439 1030 1494 veritas
1043 1432 1132 1490 dirimu-

145 1527 197 1596 tis,
212 1533 242 1582 et
256 1524 451 1581 contestantia
463 1522 672 1578 miraculorum
685 1522 770 1594 signa
782 1528 1005 1592 monstrarent3
1022 1529 1052 1576 ut
1062 1527 1133 1572 tener

148 1611 226 1668 tibus
241 1617 270 1664 et
283 1604 552 1666 contradicentibus
566 1613 626 1660 tam
638 1603 736 1659 multis
748 1611 870 1676 tamque
883 1598 1135 1682 magnispersecntio

149 1694 251 1762 nibus,
276 1689 504 1765 praecedens'in
523 1684 652 1765 Christo,
678 1684 781 1742 deinde
800 1684 972 1744 eduorum
993 1679 1135 1742 saeculunit

150 1776 273 1833 taeteris
288 1783 425 1850 secutura
438 1771 614 1828 resurrectio
628 1778 713 1843 atque
723 1770 936 1830 immortalitas
946 1772 1047 1826 cornis
1063 1777 1086 1822 et
1096 1763 1135 1820 fide

94 1863 103 1934 ,¹
149 1861 259 1916 lissime
273 1855 449 1926 crederetur,
464 1864 493 1912 et
505 1853 721 1927 praedicaretur
733 1849 894 1927 intrepide,
906 1862 938 1908 et
949 1871 1002 1929 per
1014 1849 1097 1910 orbem
1105 1857 1135 1902 u·

150 1962 200 2000 roe
218 1940 397 2016 pullulatura
414 1935 586 1994 foecundius
606 1954 671 1992 cum
683 1935 848 2012 Martyrum
862 1939 1011 2014 sanguine
1030 1941 1135 1992 cernuo

150 2025 336 2103 Legebantur
348 2023 425 2078 enim
437 2021 597 2095 praeconia
612 2015 816 2092 praecedentia
832 2013 1087 2096 [praecedentium]
1097 2013 1135 2069 uc

152 2101 315 2186 phetarum,
329 2102 543 2164 concurrebant
556 2111 669 2158 ostenta
681 2103 837 2174 virtutum,
845 2110 875 2159 et
889 2103 1135 2177 persuadebaturrc

102 2227 106 2234 ·
152 2193 225 2250 ritas
237 2208 314 2247 nora
329 2185 542 2257 consuetudini,
558 2204 617 2252 non
630 2186 913 2254 conmemorationi,
929 2187 1022 2244 donec
1035 2184 1098 2245 orbis
1105 2189 1134 2236 e·

5 2271 7 2282 ’
106 2279 109 2284 “
151 2293 212 2358 rae,
229 2275 278 2350 qui
289 2269 518 2352 persequebatur
531 2270 641 2341 furore,
656 2265 732 2346 [pro]
744 2278 922 2344 sequeretur
935 2270 1000 2329 fide.

527 2419 647 2478 CAP.
690 2416 818 2478 Vlll.'·

149 2517 194 2572 ue
213 2517 359 2583 miraculis,
380 2531 448 2586 quoe
465 2518 624 2568 otmundus
642 2515 672 2569 in
688 2515 824 2570 Clc'ra'ctum
843 2519 969 2586 crederet
976 2513 1135 2590 facturuml

108 2601 112 2613 ·
412 2583 480 2654 fieri
488 2585 584 2635 muodo
595 2587 716 2638 credente
725 2601 779 2636 ooo
788 2585 925 2640 desinunt.

153 2733 156 2739 -
216 2690 289 2763 Cur,
311 2692 463 2768 inquiunt,
487 2709 565 2747 nunc
577 2690 629 2747 illa
642 2691 797 2762 miracula,
817 2709 893 2767 quae
913 2692 1080 2768 praedicatis
1093 2688 1135 2745 istit

154 2794 227 2845 csse,
241 2793 300 2832 uon
313 2769 407 2832 fiunti
433 2771 550 2831 Possem
564 2774 680 2848 quidem
693 2773 804 2846 dicere,
819 2780 993 2836 necessaria
1005 2777 1084 2834 fuisse
1092 2770 1135 2846 prid

53 2861 60 2876 ”
119 2879 122 2886 ’
153 2877 240 2934 quom
255 2857 386 2914 crederet
398 2857 536 2928 mundus,
556 2857 592 2914 ad
602 2855 654 2914 boc
668 2868 701 2915 ut
712 2857 847 2915 crederet
866 2860 1005 2918 mundns.
1045 2845 1153 2927 quisqu,

25 2971 26 2976 ι
64 3016 68 3022 ¹
153 2942 246 2998 adhuc
257 2942 392 3018 prodigio
400 2949 433 2996 ut
446 2938 546 2999 credat
555 2941 697 3014 inquirit,
719 2959 860 3018 magnum
873 2953 921 2999 est
934 2946 997 3020 ipse
1010 2940 1136 3019 prodigio

153 3027 205 3100 qui
217 3021 325 3080 mundo
339 3022 475 3079 credente
486 3041 546 3080 nou
560 3023 660 3084 credit.
691 3022 798 3080 Verum
809 3021 867 3083 hoc
876 3024 947 3082 ideo
963 3025 1068 3096 dicunt,
1078 3031 1136 3078 utute

153 3117 223 3165 tune
234 3109 287 3180 illa
298 3108 437 3164 miraculo
450 3106 528 3162 facta
540 3106 633 3163 fuisse
647 3106 812 3166 credantur.
857 3105 946 3166 Vnde
960 3129 1030 3187 ergo
1041 3095 1137 3166 touufid

130 3253 132 3266 Ι
154 3187 288 3246 Christus
301 3206 505 3264 usquequaque
520 3198 655 3246 cantatur
669 3191 701 3245 in
714 3191 825 3246 coelum
839 3209 910 3248 cum
929 3211 1018 3250 carne
1036 3171 1137 3248 sublatul

92 3308 95 3317 ·
149 3271 236 3328 ¹Vnde
250 3272 427 3348 temporibus
442 3271 576 3345 eruditis,
591 3282 621 3328 et
633 3291 717 3330 omne
727 3271 886 3347 quod-fieri
897 3293 962 3331 non
974 3286 1066 3353 potest
1075 3281 1139 3340 root·

127 3401 131 3408 .
154 3355 286 3426 entibus,
313 3357 376 3412 sine
396 3357 464 3412 ullis
480 3355 630 3412 miraculis
655 3357 776 3414 nimium
801 3355 981 3416 mirabiliter
1005 3347 1140 3415 incredibili

154 3437 276 3494 credidit
289 3435 430 3496 mundusl
454 3439 501 3494 An
514 3437 588 3494 forte
601 3438 751 3495 credibilia
762 3437 871 3511 fuisse,
893 3449 924 3496 et
936 3442 1004 3499 ideo
1018 3439 1139 3498 cretica

91 3533 92 3536 ’
153 3539 186 3576 se
200 3520 305 3580 dicturi
319 3518 406 3578 runtl
416 3519 474 3578 Cur
487 3540 557 3598 ergo
570 3522 627 3596 ipsi
637 3541 697 3580 non
712 3517 966 3583 ereduntlBrevis
978 3535 1023 3582 est
1034 3523 1137 3602 igiturne

153 3613 214 3660 stra
227 3604 400 3678 complexio:
414 3613 464 3660 aut
470 3605 646 3682 incredibilis
656 3604 847 3683 [incredibili]
855 3608 912 3678 rei,
918 3627 994 3682 quae
1004 3597 1136 3665 nonridclt

80 3767 81 3772 ἵ
146 3694 207 3757 tur,
222 3689 280 3744 alia
292 3687 486 3757 incredibilia,
501 3705 573 3762 quae
585 3697 683 3744 tamen
695 3689 805 3745 fiebant
819 3699 848 3746 et
858 3683 1139 3761 videbantur,lcceru¹¹

150 3767 249 3840 lidem3
261 3779 313 3825 aut
326 3781 403 3826 certe
418 3788 464 3826 ree
478 3771 519 3826 ita
534 3770 732 3842 credibilis,ut
746 3774 834 3840 nullis
848 3770 1140 3851 quibuspemmdermr

151 3852 460 3928 miraculisimligcret,
469 3853 593 3911 istorum
599 3855 719 3920 nimiam
728 3855 881 3934 redarguit
887 3847 1085 3915 infidelitatem.
1100 3843 1138 3903 lll‘
