2340 4312
125 224 164 282 ιι
343 217 929 304 ‚orviuvnneusruvsrrur
994 179 1000 185 ’

125 392 159 428 co
173 371 248 446 qued
262 371 343 428 Dens
363 387 416 426 sex
432 371 531 426 diebus
553 370 709 443 perfecerit
728 342 817 444 opera
836 391 906 442 sna,
930 381 964 428 ut
978 375 1008 429 in
1026 375 1115 448 septim

121 458 328 528 requiesceret.
362 453 408 509 De
422 472 523 526 quare
538 456 568 508 in
581 453 657 508 libro
671 455 849 523 undecimo,
858 457 933 510 sicut
946 456 1037 528 potui,
1048 457 1115 529 dispo·
1144 456 1146 459 ’
1165 441 1168 462 ³

122 541 192 594 tavi.
235 536 340 592 Sexies
355 546 451 591 autem
471 539 551 605 seni,
578 538 628 609 qui
651 546 790 592 numerus
813 539 986 610 quadratum
1008 541 1115 593 senarion

121 618 210 690 facit,
224 621 360 694 ,triginta
373 637 426 672 sex
440 617 501 673 dics
515 618 603 672 frunt:
631 617 682 690 qui
699 621 886 692 multiplicati
903 620 1017 690 decies,
1041 620 1070 675 ad
1080 630 1115 692 tre
1139 623 1143 688 ξ
1153 620 1168 638 “·

22 729 23 734 =
122 713 225 758 centos
239 703 394 777 sexaginta
406 702 598 781 perveniunt,
612 701 642 754 id
656 709 719 769 est,
735 700 889 757 duodecim
900 721 1015 758 menses
1027 705 1115 756 lunares.

121 783 246 858 Propter
264 785 391 857 quinque
411 783 473 837 dies
492 784 570 838 enirn
587 783 730 855 reliquos,
758 783 864 856 quibus
877 786 982 839 solaris
995 802 1076 839 annm
1085 785 1115 837 in

121 869 234 940 pletur,
260 875 289 920 et
310 864 368 920 diei
386 864 593 938 quadrantem,
619 873 738 937 propter
757 881 843 938 quern
862 875 979 939 quater
972 866 1115 921 ductumtt
1141 889 1161 900 Β

122 967 218 1032 anno,
232 965 317 1022 quem
330 947 493 1001 bissextum
505 951 638 1016 vocant,
644 965 720 1001 unus
735 947 797 1001 dies
808 948 965 1020 adiicitur,
978 949 1115 1003 addebantur
1137 955 1151 969 *

124 1049 141 1086 a
154 1017 300 1086 veteribus
313 1039 414 1102 postea
426 1027 506 1098 dies,
523 1039 556 1094 ut
569 1039 738 1084 occurreret
750 1047 887 1084 numerus
901 1048 1055 1100 annorum,
1073 1045 1113 1103 quor

45 1174 49 1182 ,
124 1112 186 1170 dies
200 1111 326 1168 Romani
341 1112 531 1166 intercalares
546 1111 698 1166 vocabant.
718 1110 846 1168 Proinde
860 1114 950 1167 etiam
963 1113 1114 1185 Enos‚quu

123 1193 318 1271 genuitSeth,
333 1193 432 1248 decern
443 1199 587 1250 etnorem
597 1193 703 1269 agebat
715 1212 818 1263 annos,
832 1194 951 1267 quando
962 1215 1000 1250 ex
1010 1197 1054 1249 rllo
1063 1201 1113 1249 natu
1144 1216 1151 1217 ff

71 1347 75 1350 .
124 1286 171 1332 est
183 1277 301 1332 filius
276 1295 339 1331 crus
354 1275 478 1346 Cainan,
494 1293 564 1348 quos
578 1293 671 1350 annos
684 1275 755 1336 dicit
768 1275 933 1349 Scriptura
938 1289 1047 1333 eentum
1057 1292 1114 1332 nou·
1137 1294 1141 1301 ³

33 1431 35 1436 y
124 1361 218 1436 ginta.
261 1358 301 1414 Et
313 1359 451 1430 deinceps
466 1377 519 1431 per
532 1377 633 1412 omncs
647 1359 873 1433 generationes,
900 1361 932 1414 in
944 1361 1046 1434 quibus
1057 1355 1153 1415 bom

125 1443 286 1498 normanni
306 1450 570 1508 commemorantur
589 1449 659 1494 ante
680 1438 837 1511 diluvium,
864 1444 963 1496 nullus
982 1443 1114 1498 fereinrt-
1137 1458 1151 1469 ι

125 1527 195 1580 stris
209 1525 356 1580 codicibus
372 1525 535 1593 invenitur,
562 1526 612 1596 qui
631 1541 696 1578 cum
714 1533 801 1578 esset¹
814 1534 934 1580 eentum
953 1517 1114 1583 annorunrd
1164 1527 1168 1530 '

125 1607 220 1682 infra,
243 1609 291 1664 vel
305 1609 391 1662 etiam
406 1615 524 1661 eentum
536 1607 661 1680 viginti,
687 1614 810 1662 autnon
828 1609 921 1663 multo
940 1610 1069 1680 amplius,
1087 1621 1115 1679 ge

125 1693 225 1746 nuerit
249 1689 357 1759 filium3
383 1688 433 1743 sed
446 1689 496 1761 qui
509 1689 630 1742 minima
648 1683 743 1743 aetate
764 1698 950 1764 genuerunt,
977 1700 1115 1744 centana·

125 1775 263 1848 xaginta,
287 1781 316 1826 et
330 1769 406 1845 quod
419 1771 565 1840 excurrit,
591 1769 684 1826 luisse
693 1770 879 1826 referuntur:
906 1774 977 1845 quia
990 1790 1073 1839 neme,
1092 1770 1116 1820 it·

125 1857 248 1928 quiunt,
263 1854 362 1908 decern
380 1870 524 1907 annorum
536 1849 622 1908 bomo
634 1861 732 1927 potest
744 1855 869 1929 gignere
882 1854 978 1932 filius,
995 1855 1041 1930 qui
1052 1867 1117 1907 nunt·
1139 1880 1141 1883 ·
1163 1885 1168 1888 -

121 1955 176 1992 rus
193 1946 310 1992 eentum
322 1921 541 2010 appellabantur
554 1953 625 1990 anni
617 1935 673 1990 'ab
687 1937 745 1990 illis
759 1929 940 2007 bominibus,
966 1937 1035 1992 sed
1028 1955 1053 1991 m
1065 1931 1117 1989 aruir
1141 1959 1152 1962 =·

103 2035 105 2039 ·
125 2019 272 2080 sexdecim
287 2028 332 2074 est
344 2028 457 2072 matura
465 2016 619 2108 pubertas,
635 2027 663 2072 et
675 2020 772 2091 proli
764 2037 821 2074 ram
833 2013 941 2074 idonea
955 2016 1117 2093 procreanda,

125 2121 199 2176 quos
223 2111 339 2157 eentum
363 2109 393 2155 et
417 2095 573 2175 sexaginta
595 2117 688 2154 annos
707 2103 761 2156 illa
785 2111 918 2173 tempora
944 2101 1118 2175 nuncupabant
1151 2101 1158 2107 '

125 2182 164 2238 Vt
178 2192 273 2244 autem
287 2183 372 2238 aliter
385 2201 496 2238 aunum
509 2191 578 2236 tunc
591 2181 682 2236 fuisse
694 2193 895 2256 computatum
908 2202 968 2240 non
983 2186 1020 2239 sit
1031 2178 1118 2238 inereli·

126 2266 201 2334 bile,
225 2265 366 2320 adiiciunt
379 2265 457 2346 quod
469 2263 545 2336 apud
557 2264 716 2338 plerosque
725 2267 881 2347 scriptores
895 2265 1035 2323 historiae
1045 2261 1119 2337 reperi·
1161 2257 1168 2308 ἱ

73 2411 84 2420 X
125 2357 193 2417 tur,
217 2347 377 2422 Aegyptios
391 2337 526 2401 habuisse
539 2365 658 2402 annum·
661 2357 787 2420 quatuor
804 2351 967 2420 mensium,
993 2350 1120 2404 Acarnan!

32 2455 35 2460 ·
126 2447 179 2486 sex
192 2430 352 2499 mensium,
369 2428 509 2484 Lavinius
523 2428 665 2484 tredecim
683 2431 835 2486 mensium.
879 2429 994 2486 Plinius
1007 2426 1120 2487 Secundo

125 2530 215 2585 quum
229 2519 500 2586 commemorasset,
524 2512 652 2566 relatum
661 2511 798 2567 fuissem
811 2513 930 2583 literas,
959 2507 1112 2589 quendam
1097 2525 1120 2562 ιι·
1150 2511 1156 2556 ’-

108 2595 204 2648 exisse
219 2602 335 2650 centum
349 2593 648 2668 quinquaginta'duos
661 2612 769 2664 annos,
796 2597 886 2650 alium
907 2596 1010 2652 decern
1028 2594 1122 2668 amplius
1160 2623 1168 2660 ,ς

65 2697 71 2704 ·
125 2677 197 2731 alios
212 2671 404 2732 ducentorum
417 2693 563 2730 annorum
574 2673 711 2730 babuisse
724 2679 832 2747 vitam,
860 2678 938 2734 alios‘
952 2689 1123 2738 trecentorum
1153 2708 1157 2709 ⁷

125 2758 266 2832 quosdam
280 2758 518 2834 ad·quingentos,
531 2759 605 2812 alios
615 2758 652 2813 ad
663 2769 829 2831 sexcentos,
845 2765 1008 2824 nonnullos
1020 2761 1052 2817 ad
1060 2759 1124 2814 octir·
1136 2756 1137 2759 ’
1148 2753 1161 2762 ''

125 2847 231 2918 gentos
245 2843 333 2896 etiarn
346 2842 532 2913 peruenisse,
558 2838 630 2894 haec
644 2843 742 2897 omnia
753 2851 872 2922 propter
885 2845 1036 2900 inscitiam
1047 2855 1124 2911 tempe
1159 2839 1165 2844 ’

122 2942 191 2981 rum
204 2923 345 2980 accidisse
359 2923 518 2984 arbitratus
532 2930 585 2978 est.
611 2923 670 2978 Am
683 2926 802 2998 quippo
816 2926 931 2999 inquit,
945 2937 1055 2983 aestate
1066 2935 1125 2980 unus
1152 2946 1162 2959 ι’

56 3047 61 3058 ι
124 3005 358 3062 determinabant
383 3022 520 3074 annum,
536 3015 565 3059 et
582 3007 706 3066 alterurn
722 3005 835 3076 hieme,
863 3010 915 3063 alii
942 3004 1126 3082 quadripertiti

124 3088 314 3164 temporibus,
329 3089 406 3143 sicut
418 3088 578 3157 Arcades,
570 3090 681 3161 inquit,
696 3107 835 3162 quorum
833 3093 905 3144 anni
920 3088 1127 3148 trimestrem
1158 3118 1164 3131 ι

75 3181 84 3240 ’,
110 3189 166 3232 re.
191 3171 307 3228 Adrecrt
318 3173 405 3226 otram
412 3170 589 3245 ,aliquando
602 3170 778 3247 Aegyptios,
805 3190 929 3246 quorum
946 3182 1128 3248 parrosaurnt
1156 3198 1157 3203 ’

125 3239 333 3329 quaternorum
341 3255 487 3308 mensium
497 3253 589 3308 fuisse
599 3271 687 3328 supra
697 3253 835 3325 diximus,
848 3257 936 3312 lunae
950 3257 1129 3313 sinelicium
1158 3274 1160 3279 ·

125 3340 257 3394 annum.
278 3337 378 3412 ltaque
389 3335 466 3410 apud
479 3354 540 3408 eos,
554 3338 663 3410 inquit,
679 3346 709 3391 et
720 3338 839 3414 singula
851 3340 945 3395 nullia
958 3353 1129 3397 annorumu
1161 3353 1168 3378 ἰ

125 3420 207 3475 xisse
220 3420 390 3494 produntur.

102 3563 106 3566 ,
190 3501 245 3558 His
258 3505 338 3559 velut
351 3501 547 3577 probabilibus
565 3503 745 3578 argumentis
765 3502 880 3576 quidam
898 3524 960 3562 non
980 3506 1131 3561 destruentes
1163 3520 1164 3525 ¹

65 3639 73 3648 ,
128 3583 215 3652 fidem
229 3605 329 3642 sacrae
343 3585 431 3641 huius
445 3583 600 3656 historiae,
619 3585 671 3639 scd
685 3586 837 3641 adstruere
851 3589 1001 3658 nitentes,
1016 3607 1051 3644 ne
1062 3588 1094 3640 sit
1103 3584 1132 3635 in·

45 3703 49 3708 -
130 3667 267 3722 credibile
291 3669 368 3743 quod
391 3677 450 3722 tam
472 3668 577 3722 multos
601 3687 695 3724 anuos
717 3671 830 3724 vixisse
847 3671 1019 3726 referuntur
1039 3663 1133 3738 antiqui

129 3761 339 3820 persuaserunt
352 3751 426 3820 sibi,
440 3770 494 3806 nec
511 3769 542 3804 se
555 3750 677 3807 suadere
691 3751 889 3825 imprudenter
905 3754 1134 3818 existimaretur

129 3832 269 3908 exiguum
283 3835 408 3906 spatium
421 3834 558 3908 temporis
574 3843 645 3889 tune
661 3852 769 3890 annum
781 3845 935 3907 vocatum,
962 3837 1051 3894 atilli
1062 3833 1134 3887 dcem
