2324 4312
95 225 210 284 vecca
325 267 329 288 ,
367 165 966 286 .o‘1v1rvoan1ivcvsno1
1054 187 1056 192 ’

140 373 308 434 -tinentium
322 371 404 430 volut
416 368 515 433 divina
528 385 684 448 responsa,
711 369 822 442 etipsa
834 369 999 440 verbosius,
1017 361 1096 440 quenol
1134 365 1156 422 ln

148 457 265 516 modurn
279 469 317 512 cx
329 456 431 530 lingue
445 451 557 510 Graeca
570 453 602 508 in
615 450 750 508 Latinam
762 453 950 527 interpretata
960 453 1098 524 sunt,pooan:

150 539 389 617 „1nterroganti,
417 537 525 609 inquit,
552 552 638 609 quern
656 531 753 592 Deuin
769 535 912 610 placando
929 529 1100 604 revocarcpoull
1123 535 1156 606 op'n

148 641 294 695 „uxorem
307 639 387 678 suano
400 617 658 689 aChristionisrno,
672 616 744 674 haee
755 620 797 677 ait
807 619 936 676 versibus
946 619 1035 692 Apollo.
1049 613 1099 672 lloio·

148 707 207 780 „de
220 705 309 763 verbs
320 701 400 761 velut
409 703 554 776 Apollinis
567 703 624 758 isto
637 710 718 758 sunt:
731 700 755 758 F
757 712 821 760 orte
831 703 923 779 magis
935 701 1026 776 poteris
1035 701 1057 756 in
1064 711 1100 770 opu
1132 699 1156 752 io

113 811 115 816 ·
149 790 321 863 „impressis
339 787 432 844 literis
444 785 589 855 seribere,
610 795 661 842 aut
672 783 818 848 adinflans
830 804 940 860 pennas
952 787 1018 840 leves
1028 783 1100 858 pertin
1132 805 1148 831 ιι

149 883 206 946 „ut
229 872 291 928 avis
311 871 427 939 volate,
453 885 540 942 quam
564 869 690 942 pollutae
707 887 829 926 revoces
855 870 957 943 impiae
977 868 1101 924 oxorinco·
1138 883 1156 919 n

161 973 247 1027 ,suno
289 951 397 1028 Pergat
410 951 552 1026 quomodo
568 953 629 1009 vult
642 952 784 1008 inanibus
792 952 916 1009 fallaciis
928 949 1107 1027 perseueraret
1142 948 1156 1002 ll

148 1035 426 1110 „lamentationibus
437 1034 633 1108 fallacissimis
645 1044 793 1114 mortuum
806 1035 906 1094 Deum
917 1045 1036 1106 cantans,
1046 1041 1109 1106 quenl
1144 1031 1156 1084 l

148 1119 315 1195 „iudicibus
336 1126 417 1174 recta
440 1107 633 1190 sentientibus
654 1118 817 1194 perditum,
841 1121 967 1194 pessima
986 1121 1014 1175 in
1029 1109 1110 1191 speciosi
1136 1129 1156 1180 ,ι

149 1202 250 1275 „ferro
264 1203 366 1258 iuncta
379 1219 457 1258 mors
470 1201 658 1258 interfecit.“
701 1198 819 1260 Deinde
834 1212 901 1278 post
912 1202 963 1260 hos
975 1218 1057 1260 versus
1066 1191 1112 1270 Apol
1135 1213 1156 1266 μ

147 1287 237 1357 linis,
251 1286 301 1359 qui
314 1273 374 1342 non
387 1293 591 1354 stentenetrc
604 1283 708 1342 Latine
721 1286 909 1360 interpretati
922 1296 1004 1356 sunt,
1019 1275 1121 1344 soliooi'l,

148 1379 235 1443 atque
249 1369 303 1424 sit:
324 1367 387 1440 „ln
400 1367 445 1424 his
460 1367 575 1442 quidem
588 1367 1072 1446 tergiversationemirremediabilis
1080 1375 1121 1441 ιἶ
1150 1370 1155 1401 ὅ

148 1453 282 1524 „tentiae
300 1471 402 1514 eorum
419 1451 644 1522 manifestavit,
662 1451 780 1523 dicen,
805 1454 952 1520 Quoniam
969 1451 1054 1510 ludaei
1065 1448 1123 1503 soll*
1141 1452 1156 1500 ἰ

149 1537 257 1611 „piuii't
273 1535 368 1593 Deum
385 1537 480 1612 magis
501 1553 586 1610 quam
603 1537 690 1591 isti.“
727 1533 812 1612 ,ane
835 1537 898 1608 ubi*
909 1537 1061 1593 decolorans
1073 1529 1122 1594 Clo·

149 1628 241 1691 stum,
267 1617 390 1674 Iudaeos
415 1619 581 1692 praeposuit
603 1616 800 1686 Christianis,
819 1621 963 1677 confitens
985 1618 1049 1694 quod
1064 1613 1125 1670 lu
1145 1656 1147 1659 .

149 1703 310 1776 suscipiant
323 1700 426 1758 Deum,
471 1697 522 1774 Sic
541 1702 619 1756 enirn
638 1704 773 1775 exposuit
791 1716 896 1760 versus
916 1703 1059 1778 Apollinis,
1076 1693 1143 1751 llll*

148 1784 293 1841 indicibus
306 1777 603 1856 ''reetaspentientihus
618 1783 765 1840 Christum
783 1786 855 1842 dicit
873 1789 1013 1856 occisum,
1035 1789 1116 1853 taron
1148 1816 1150 1833 ι

95 1873 97 1876 ’
147 1871 207 1924 illis
220 1867 297 1924 iuste
310 1866 520 1938 iudicantibus,
534 1870 639 1934 rnerito
653 1869 692 1924 sit
703 1869 753 1924 ille
766 1871 895 1943 punitus.
939 1869 1066 1939 Vidcritp
1080 1851 1117 1916 'lh
1147 1904 1152 1919 2

149 1951 264 2012 Christo
278 1961 360 2012 vetes
376 1950 502 2032 mendax
515 1951 658 2024 Apollinis
676 1951 801 2022 dixerit,
828 1962 915 2029 atque
938 1955 992 2008 iste
1010 1941 1124 2025 credide„
1145 1988 1152 2005 a

148 2045 200 2092 aut
212 2034 338 2092 sortasse
351 2044 461 2104 votem,
488 2033 563 2108 quod
578 2053 638 2090 non
653 2035 741 2105 dixit,
761 2035 871 2092 dixisse
884 2039 941 2116 iste
954 2038 1013 2110 ipse
1024 2030 1092 2090 conlo
1107 2030 1125 2115 J
1143 2037 1146 2048 '

147 2121 202 2175 rit:
216 2137 301 2193 quarn
312 2136 382 2174 vero
392 2118 448 2172 sihi
462 2125 589 2190 constet,
604 2120 652 2174 vel
665 2119 727 2191 ipsa
741 2121 859 2184 oracula
871 2117 951 2177 inter
963 2115 993 2176 he
1005 2117 1122 2175 sociato
1149 2154 1154 2159 .

149 2204 267 2274 venire,
294 2207 396 2273 postea
412 2194 580 2258 videbimus.
625 2200 681 2256 Hie
696 2212 793 2264 tamen
806 2202 945 2276 ludaeos,
971 2213 1084 2275 tanquan
1099 2251 1101 2262 ,
1114 2245 1123 2262 ,‚
1146 2205 1147 2214 ¹

12 2271 14 2282 ¹
89 2277 119 2306 ³
148 2293 345 2357 susceptores,
371 2295 452 2341 recte
466 2283 537 2340 dicit
550 2285 694 2342 iudiease
708 2285 742 2340 de
757 2285 891 2358 Christo,
919 2279 1123 2363 quodeumudh‘

147 2369 272 2443 pessima
290 2367 521 2446 ,.excrneiandun1
544 2385 607 2423 esse
631 2370 806 2426 censuerint.
850 2369 932 2427 Deus
947 2362 1118 2445 itaqueluleo
1149 2372 1156 2426 l

147 2469 227 2520 runo,
241 2451 288 2505 cui
301 2448 432 2524 perhibet
443 2453 657 2522 testiinonium,
671 2451 832 2508 audiendus
846 2443 923 2526 fnit,
935 2455 1039 2510 dicens:
1059 2437 1116 2503 Sotd
1143 2498 1145 2503 a

90 2603 91 2606 J
142 2529 244 2608 findas
258 2533 315 2597 diis
335 2534 552 2603 eradicabitur,
579 2537 639 2590 nisi
652 2534 775 2606 Domino
794 2523 921 2597 tentum.
958 2520 1116 2594 ,Sedadutd'

148 2615 268 2673 festiora
281 2618 450 2687 ueniamus,
465 2625 493 2672 et
506 2617 653 2684 audiamus
667 2636 751 2693 quarn
765 2637 905 2696 magnum
918 2619 1008 2678 Deum
1020 2617 1119 2672 dicatam
1139 2666 1141 2669 .

147 2698 327 2762 ludaeorum.
369 2698 443 2756 Item
455 2699 491 2756 ad
505 2719 538 2756 ea
552 2718 624 2775 quae
637 2702 833 2778 interrogavit
841 2703 1016 2778 Apollinem,
1027 2694 1116 2774 quiin
1153 2717 1156 2746 ι

147 2785 216 2853 lius,
243 2782 361 2838 verbum
374 2783 437 2840 siue
450 2785 542 2856 ratio,
568 2779 607 2842 nn
621 2786 684 2839 lex:
711 2783 891 2858 Respondit,
906 2781 1013 2862 inquit,
1026 2774 1117 2839 versilflt

146 2864 217 2924 haec
232 2866 341 2928 dicens.
384 2865 425 2922 Ae
440 2865 542 2922 deinde
556 2865 673 2924 subiicit
686 2866 827 2940 Apollinis
840 2888 959 2941 versus,
983 2871 1012 2924 in
1024 2853 1117 2940 quihus&

146 2951 196 3006 isti
209 2957 292 3018 sunt,
306 2957 339 3004 nt
352 2959 493 3022 quantum
506 2951 636 3014 satis,est
647 2949 715 3006 inde
730 2949 899 3026 decerpam:
918 2953 973 3024 „ln
983 2943 1120 3008 Decorus·
1152 2957 1155 2966 '

146 3034 274 3107 „inquit,
290 3027 414 3109 [regern]
430 3041 644 3108 generatorem,
659 3029 711 3109 [et]
727 3035 758 3090 in
772 3053 873 3112 regem
884 3045 955 3104 ante
967 3031 1114 3099 amomon·
1142 3031 1156 3074 ¹,

145 3117 416 3187 ‚,trcmitcoelum,
432 3125 568 3187 atterra,
595 3125 789 3192 atquemare,
815 3128 846 3173 et
863 3119 1037 3182 infernorum
1051 3105 1114 3166 llll*
1143 3115 1145 3126 ⁴

145 3209 197 3270 „et
218 3201 280 3272 ipsa
297 3200 419 3254 numina
436 3197 680 3272 perhorrescunt:
708 3191 832 3274 quorum
846 3203 895 3256 lex
907 3212 951 3258 est
962 3201 1048 3266 Pater,
1066 3197 1113 3278 ql?
1138 3203 1153 3259 ‚¹

144 3281 252 3352 „valde
264 3283 358 3338 saneti
371 3279 518 3357 honorant
529 3281 688 3339 Hebraei.“
732 3282 798 3340 Tali
812 3279 930 3342 oraculo
945 3285 989 3340 dei
1000 3281 1037 3337 sui
1047 3266 1113 3347 Apoll·
1150 3320 1151 3323 ,

144 3367 207 3434 nis,
220 3363 397 3438 Porphyrius
412 3375 470 3420 tam
483 3384 621 3443 magnum
634 3365 730 3436 Deum
745 3366 820 3424 dixit
833 3365 1037 3434 Hebraeorum,
1046 3361 1112 3415 Μ’
1138 3369 1153 3418 A

144 3456 174 3502 et
187 3449 250 3520 ipsa
263 3449 383 3504 nunoina
395 3447 628 3524 perhorrescant.
650 3449 723 3508 Cum
737 3469 807 3528 ergo
823 3449 905 3506 Deus
916 3452 970 3507 iste
980 3443 1071 3508 inerit,
1080 3430 1110 3489 Sl·
1138 3457 1156 3500 lo

142 3529 286 3598 unificans
309 3531 366 3585 diis
389 3532 609 3606 erudicabitur,
637 3535 728 3588 miror
741 3534 818 3609 quod
838 3536 901 3610 ipse
916 3529 1065 3608 Porphyrius
1077 3526 1109 3572 Μ
1138 3531 1156 3586 h

142 3609 359 3683 perhorruerit,
378 3622 408 3667 et
421 3614 588 3689 sacrificans
603 3615 657 3670 diis
672 3615 813 3672 eradicari
829 3637 889 3674 non
903 3606 1076 3674 formidaverit.
1139 3623 1156 3670 Ιι

204 3693 286 3749 Dicit
299 3696 386 3752 etiarn
398 3697 473 3754 borio
486 3696 668 3772 philosophus
687 3700 744 3756 iste
757 3700 792 3756 de
805 3699 937 3771 Christo,
961 3695 1031 3774 quasi
1044 3683 1107 3746 oblim
1140 3707 1156 3753 ι

139 3773 235 3846 illins,
259 3777 295 3832 de
309 3795 366 3852 qua
376 3781 462 3853 paulo
477 3779 545 3836 orote
558 3782 648 3842 locuti
660 3800 773 3854 sumus,
803 3785 988 3844 contumeliae
1000 3785 1063 3840 suad
1078 3763 1107 3816 ³¹¹¹
1139 3775 1156 3836 h

139 3858 223 3928 quasi
247 3859 279 3916 in
299 3863 409 3922 somnis
431 3863 471 3918 dii
490 3864 553 3920 eius
571 3863 778 3940 maledixerint
791 3855 922 3938 Christo,
946 3876 974 3924 et
989 3853 1105 3936 tuigilssm
1139 3859 1156 3918 lo
