2362 4312
148 227 256 298 ιε’

352 173 406 196 ,5.

367 205 467 296 arvi
499 235 687 298 eunucu
712 238 974 314 AvuVSTINI·

146 379 338 470 persolvitur.
382 389 461 450 Sunt
474 386 593 466 quidem
607 399 636 446 et
648 363 724 463 alia,
747 411 821 468 quae
837 383 934 449 sancti
947 370 1140 456 Patriarche'e
1157 398 1172 454 d

148 476 325 552 corporibus
352 478 421 534 suis
441 477 490 556 rel
515 473 678 534 condendis
705 477 753 532 vel
770 476 987 536 transferendis
1014 478 1172 554 prophetie

148 564 255 636 spiritu
270 560 348 616 dicta
360 560 489 636 intelligi
502 560 673 636 voluerunt,
717 558 785 616 Non
798 569 900 616 autem
910 558 959 618 hic
972 562 1058 619 locus
1072 573 1129 636 est,
1156 585 1172 622 u

59 651 61 654 '
150 665 185 703 ea
207 645 445 720 pertractemus,
477 661 568 716 quum
589 641 738 699 sufficiant
761 645 819 700 ista
845 661 921 718 quae
944 644 1102 702 diximus,
1130 647 1172 706 See

150 733 177 788 si
195 749 230 786 ca
264 746 340 803 quac
366 725 569 783 sustentandis
594 726 765 786 virentibus
792 736 863 784 sunt
887 731 1080 803 necessaria,
1112 735 1172 788 sicu

150 817 247 872 victus
262 821 292 867 ct
304 812 446 882 amictus,
473 810 606 884 quamvis
629 829 697 872 cum
709 813 795 888 gravi
817 811 977 870 afflictione
991 813 1106 896 desint,
1128 835 1172 872 nor

54 963 57 968 ¹
84 963 86 967 Α
150 889 296 974 frangunt
309 897 341 950 in
354 895 440 951 bonis
460 887 630 968 perferendi
648 895 853 970 tolerandique
868 897 1026 968 virtutem,
1054 917 1110 956 nec
1124 917 1172 954 era·

87 1031 88 1034 ,
152 981 254 1038 dicant
267 997 305 1035 ex
319 980 419 1035 animo
432 979 591 1052 pietatem,
619 977 671 1034 sed
685 981 879 1036 exercitatam
891 980 1007 1036 faciunt
1032 981 1172 1046 fecundio-

151 1078 232 1136 rem,
255 1061 368 1138 quanto
380 1063 489 1140 magis,
503 1080 594 1137 quum
607 1060 714 1118 desunt
728 1081 773 1133 ea,
787 1081 862 1138 quac
878 1063 1018 1120 curandis
1032 1066 1172 1136 funeribus

153 1146 376 1222 condendisque
389 1145 564 1218 corporibus
579 1136 787 1202 defunctorum
799 1146 932 1203 adhiberi
945 1150 1055 1220 solent,
1069 1169 1128 1206 non
1141 1148 1171 1205 el·

153 1231 395 1294 ficiuntmiseros
421 1231 454 1292 in
473 1229 599 1287 occultis
621 1231 743 1302 piorum
768 1229 886 1287 sedibus
912 1233 972 1286 iam
985 1230 1120 1306 quictosl
1142 1232 1172 1289 lc

131 1303 137 1318 Χ
153 1334 206 1389 per
219 1315 287 1387 hcc,
301 1313 419 1390 quando
433 1315 491 1372 ista
505 1311 697 1369 cadaveribus
705 1311 942 1372 Christianorum
955 1317 988 1376 in
1000 1318 1053 1373 illa
1065 1334 1172 1396 magnae

153 1401 247 1471 urhis,
273 1401 321 1455 vel
335 1400 425 1455 etiam
437 1399 564 1454 aliorum
576 1395 750 1470 oppidorum
761 1400 933 1455 vastatione
944 1394 1115 1476 defuerunt,
1132 1393 1172 1457 nec

70 1527 72 1532 .
124 1499 125 1506 ¹
154 1486 292 1541 vivorum
305 1481 464 1556 culpaest,
484 1482 609 1556 quinon
621 1489 785 1553 potuerunt
797 1483 854 1538 ista
867 1482 1020 1555 praehere,
1050 1501 1171 1558 nccpoe·

156 1586 194 1626 na
208 1576 409 1636 mortuorum,
435 1567 561 1645 quinon
575 1573 702 1638 possunt
714 1567 772 1622 ista
788 1568 912 1638 sentire,

529 1680 652 1744 cur.
708 1669 892 1739 xro*

154 1764 198 1819 De
209 1759 372 1834 captivitate
383 1773 549 1827 sanctorum,
567 1761 663 1832 quites
673 1779 808 1831 nouercam
820 1761 910 1818 divine
921 1747 1022 1838 saletio
1035 1768 1172 1840 defuerant.

219 1831 280 1897 Sed
292 1835 393 1910 multi,
415 1839 574 1913 inquiunt,
602 1833 764 1892 Christiani
782 1840 872 1894 etiam
890 1842 1001 1912 captivi
1016 1839 1098 1896 ducti
1109 1846 1172 1896 sunt.

155 1924 222 1982 Hoc
236 1943 308 1981 sane
321 1923 520 1984 miserrimum
533 1928 590 1990 est,
617 1921 757 1996 sialiquo
771 1921 841 1978 duci
853 1932 1035 1996 potuerunt,
1062 1913 1172 1980 uhille·

155 2029 207 2066 urn
221 2027 309 2064 suurn
322 2025 383 2061 non
396 2007 586 2061 invenerunt.
632 2000 711 2060 Sunt
734 2005 766 2061 in
790 2003 955 2079 Scripturis
970 2008 1089 2064 'sanetis
1102 2007 1172 2063 huius

136 2085 137 2090 ἵ
156 2095 247 2149 etiarn
260 2089 352 2146 cladis
365 2105 473 2166 magna
487 2088 602 2144 solatia.
634 2087 769 2145 Fuerunt
782 2090 814 2144 in
828 2091 1000 2163 captivitate
1014 2100 1076 2147 tres
1090 2089 1172 2166 pueri}

158 2177 218 2233 luit
230 2173 354 2243 Daniel,
372 2173 495 2229 fuerunt
507 2172 558 2226 alii
570 2169 751 2245 Prophetae:¹
778 2191 833 2230 nec
846 2172 929 2229 Deus
943 2173 1040 2230 defuit
1054 2175 1172 2230 consola·

110 2305 113 2310 .
157 2269 214 2317 tor.
255 2255 396 2335 'Sic‘crgo
412 2261 474 2312 nori
487 2253 620 2311 deseruit
632 2255 733 2311 fideles
747 2273 817 2312 suos
832 2257 885 2312 suh
901 2248 1172 2336 dominationc‘gen·

158 2346 207 2416 e'is,
233 2343 304 2400 lieet
315 2342 466 2411 barbarae,
494 2338 764 2410 tamenhumanae‚
795 2342 847 2415 qui
860 2340 1037 2414 Prophetam
1051 2361 1118 2414 non
1136 2340 1172 2395 de·

158 2427 252 2484 seruit
264 2443 322 2482 nec
333 2425 543 2503 inrisccrihus
555 2421 681 2480 belluae.
710 2422 793 2480 Haec
808 2439 925 2500 quoquc
944 2427 988 2481 illi
1002 2445 1070 2482 curn
1085 2427 1172 2501 quibu

97 2513 111 2568 ἰ
156 2513 273 2588 agimus
285 2511 399 2568 malunt
414 2507 557 2580 irridere,
577 2508 811 2582 quamcredere:
840 2511 891 2584 qui
903 2518 1003 2566 tamen
1016 2511 1049 2566 in
1064 2511 1125 2566 suis
1138 2509 1172 2564 lit·

156 2597 230 2650 teris
256 2592 381 2650 credunt
405 2593 546 2649 Arionem
563 2590 802 2667 Methymnaeum
827 2587 1045 2649 nobilissimum
1071 2591 1172 2650 cithari«

157 2689 250 2750 stam,
278 2695 346 2735 cum
363 2678 606 2733 asseteiectus'c
631 2678 716 2747 nari,
741 2684 897 2750 exceptum
921 2675 1064 2750 Delphini
1091 2677 1169 2732 dorso

158 2763 230 2818 etad
243 2772 338 2826 terras
352 2780 417 2817 csse
431 2768 611 2834 pervectum.
635 2758 746 2816 Verum
759 2757 974 2816 illudnostrum
988 2759 1024 2815 de
1037 2759 1111 2819 lona
1122 2777 1172 2835 pro·

158 2846 247 2920 pheta
260 2844 464 2901 incredibilius
479 2839 543 2899 esti
569 2842 662 2900 Plane
682 2842 902 2915 incredibilius,
920 2846 998 2922 'quia
1012 2845 1168 2902 mirabilius

158 2941 189 2986 et
214 2930 394 3000 mirabilius,
423 2930 492 3003 quia
505 2929 666 3002 potentius.

553 3009 676 3068 CAP.
717 3007 826 3068 XV.¹

157 3094 201 3148 De
211 3093 331 3163 Regulo,
350 3091 380 3144 in
390 3107 441 3160 qno
456 3089 642 3160 captiuitatis,
662 3089 693 3142 ol>
708 3089 865 3160 religionem
877 3091 960 3144 etiam
972 3103 1068 3162 sponte
1079 3096 1172 3146 toleror

158 3165 217 3230 doe,
226 3173 305 3217 extet
315 3164 479 3229 exscriptum:
489 3161 561 3229 quod
569 3169 660 3214 tamen
669 3161 712 3212 illi
722 3162 784 3212 dece
793 3163 891 3216 colenti
896 3164 1086 3234 prodessenoe
1092 3159 1172 3232 potuit

217 3237 337 3296 Habent
363 3245 460 3290 tamon
489 3236 540 3290 isti
567 3231 607 3289 dc
623 3235 795 3309 captivitate
817 3238 974 3313 religionis
994 3257 1085 3294 causa
1106 3239 1172 3292 etiau

158 3333 263 3399 sponte
295 3315 449 3377 toleranda
480 3327 510 3372 ct
534 3318 567 3374 in
592 3319 656 3373 suis
692 3320 852 3392 praeclaris
877 3321 951 3376 viris
975 3322 1172 3378 nobilissimus

159 3407 334 3480 exemplum.
362 3400 480 3460 Marcus
494 3400 615 3457 Attilius
630 3400 777 3478 Regulus,
796 3403 958 3476 imperator
970 3407 1075 3479 populi
1087 3403 1172 3460 Roma

161 3492 204 3562 ni,
218 3490 351 3564 captivus
365 3483 443 3560 apud
456 3483 717 3562 Carthaginienses
730 3486 797 3541 fuit.
842 3488 902 3554 Qui
923 3507 990 3544 cum
1005 3490 1061 3544 sihi
1075 3488 1172 3544 mallen

158 3591 176 3628 a
187 3573 329 3630 Romanis
346 3587 417 3626 suos
430 3566 530 3639 reddi,
557 3586 644 3642 quam
664 3586 767 3625 eorum
783 3578 886 3625 tencre
899 3573 1050 3644 captivos,
1079 3571 1117 3626 ad
1137 3569 1170 3624 ho

163 3655 382 3730 impetrandum
407 3654 496 3708 etiam
517 3652 607 3707 istum
633 3655 791 3728 praecipue
818 3651 969 3732 Regulum
996 3657 1065 3714 eum
1089 3650 1173 3731 legati

159 3742 220 3796 suis
240 3737 364 3796 Romam
381 3738 544 3816 miserunt,
571 3735 653 3809 prius
671 3737 820 3794 iuratione
840 3739 1051 3809 constrictum,
1080 3739 1172 3812 siquo

148 3823 296 3880 rvolebant
309 3822 429 3878 minime
441 3821 620 3897 peregisset,
633 3818 800 3888 rediturum
814 3839 880 3876 esse
891 3819 1110 3899 Carthaginem.
1124 3819 1172 3876 Per

157 3908 236 3964 rexit
258 3908 329 3976 ille,
362 3912 451 3979 atque
478 3905 510 3978 iu
534 3910 641 3962 senatu
664 3906 817 3962 ,contraria
838 3905 1008 3980 persuasit:
1040 3907 1110 3980 'quia
1134 3916 1172 3958 no
