2310 4306
125 205 128 210 '
169 183 846 270 .Dtt„01l⁷1rATEnE1alasxvnl.
886 196 890 202 x
974 195 1033 269 209

30 364 144 425 acutas,
160 371 197 410 ax
212 369 269 427 quo
283 353 426 424 rationem
439 353 564 410 siderum
578 351 962 434 comprehenditrlcgyptus,
975 377 1034 414 am-

30 441 82 493 ius
96 456 178 510 quam
194 427 313 490 centurn·
326 453 468 491 annorum
481 438 572 491 millia
586 440 739 492 numerari
791 436 824 492 ln
838 439 940 512 quibus
957 438 1033 495 eninr

30 521 89 585 pris
102 522 189 584 istum
201 534 354 572 numerum
368 519 566 594 collegerunt,
589 521 713 592 quinon
727 521 848 574 multum
862 528 929 574 ante
943 538 1034 575 anno-

30 619 73 660 m
90 599 144 656 duo
163 600 256 654 millia
276 600 374 654 literas
392 601 532 678 magistra
550 599 626 656 laide
645 599 827 666 didicerantl
869 600 937 656 Non
958 604 1036 658 enim

31 699 112 738 rrus
124 671 228 740 auctor
241 690 288 736 est
301 682 332 736 io
344 680 467 738 historia
480 681 589 753 Varro,
602 684 651 756 qui
665 681 719 737 hoc
732 683 867 757 prodidit,
882 670 985 756 quoda
999 685 1035 737 li-

30 780 133 820 rarum
149 766 238 819 ctiam
250 762 614 826 divinarumveritatenon
629 759 767 821 dissonat.
812 767 905 832 Quum
918 765 1035 841 animab

30 861 74 900 so
85 847 173 919 primo
187 842 317 915 homine,
331 847 440 924 qui-ast
452 846 610 920 appellatus
620 839 724 917 Adam,
736 845 866 916 nondum
881 864 932 900 scx
944 847 1035 903 millia

34 943 147 1006 norum
161 928 378 999 compleantur,
399 927 540 1001 quomodo
555 947 613 984 non
628 929 677 983 isti
691 929 804 985 ridendi
816 931 930 1004 potius,
950 945 1035 1004 quam

30 1006 157 1064 l'ellendi
170 1019 255 1076 sunt,
275 1007 346 1082 quid
358 1009 393 1065 de
407 1011 499 1082 spatio
511 1019 676 1083 temporum
690 1021 750 1074 tarn
764 1012 896 1081 diversa,
925 1020 953 1066 et
966 999 1045 1066 hoie¹

32 1093 173 1162 ploratao
190 1092 309 1147 veritati
328 1099 387 1146 tarn
407 1094 555 1147 contrario
577 1093 750 1165 persuadere
773 1090 936 1150 conantur?
981 1093 1035 1168 Cui
1083 1095 1085 1103 '

36 1171 86 1228 im
99 1175 200 1228 melius
216 1175 519 1248 narrantiipraetcrita
532 1172 695 1248 credimus,
717 1187 800 1248 quam
821 1178 870 1250 qui
890 1178 977 1232 etiam
990 1177 1036 1231 fu·

30 1269 80 1310 ra
86 1255 241 1330 praedixit,
257 1271 332 1328 quae
342 1257 507 1328 praesentia
520 1257 577 1310 iam
590 1253 740 1312 videmusi
782 1257 856 1312 Nam
870 1260 975 1330 etipsa
988 1257 1035 1314 hi-

30 1342 179 1396 tricorum
194 1338 273 1392 inter
286 1354 317 1390 se
333 1336 514 1393 dissonantia
528 1327 639 1412 copiam
653 1337 735 1393 nobis
750 1341 882 1412 praebet„
896 1350 928 1395 ut
942 1341 969 1395 ei
983 1341 1035 1416 po·

30 1434 70 1474 rs
82 1415 198 1476 credere
214 1418 388 1489 debeamus,
401 1420 450 1498 qui
464 1419 599 1489 divinacl,
614 1439 700 1494 quam
714 1429 864 1490 muamus,
879 1441 938 1477 non
951 1427 1037 1496 rapu-⁴
1112 1423 1117 1432 '

30 1514 82 1562 [Gt
92 1501 240 1558 historiae.
257 1527 267 1550 a
284 1499 375 1556 Porro
390 1511 485 1556 autem
500 1505 579 1558 cinca
592 1504 697 1576 impiae
712 1501 863 1572 Civitatis,
878 1501 974 1558 diffusi
986 1523 1035 1559 us-

30 1599 177 1658 equaque
190 1601 243 1656 par
257 1592 366 1654 terras,
390 1601 476 1657 quum
488 1585 593 1661 legunt
607 1584 787 1640 doctissimos
801 1584 948 1656 homines,
966 1604 1036 1660 quo·
1075 1637 1077 1640 .

30 1679 72 1720 nr
87 1667 196 1722 nullius
208 1663 420 1738 contemnenda
431 1665 563 1724 videatur
571 1669 751 1736 ‘auctoritem
770 1663 937 1738 intercede
951 1669 1036 1723 rebus

30 1751 97 1804 stis
123 1749 159 1804 ab
176 1748 281 1804 aetatis
305 1757 422 1802 nostrae
439 1751 577 1804 memoria
601 1736 803 1804 remotissimis
827 1749 1036 1822 discrepantes,

30 1823 51 1882 ἰ
70 1833 163 1906 potius
179 1829 295 1884 credere
310 1829 449 1899 debeant,
463 1849 521 1887 uon
535 1833 706 1888 inveniunt..
719 1832 777 1887 Nos
786 1827 858 1888 ‘vero
872 1834 903 1887 in
918 1843 1036 1894 nostrae

30 1903 313 1990 ligiodishistoria,
327 1912 395 1967 fulti
409 1915 581 1969 auctoritate
594 1915 708 1988 divina,
722 1914 859 1994 quicquid
874 1915 901 1969 ei
913 1915 1035 1990 resistit,

30 2005 68 2052 n
89 1995 249 2052 dubitamus
267 2009 330 2049 esse
354 1994 557 2066 falsissimum,
580 1997 795 2070 quomodolibet
823 2015 885 2052 sess
911 1994 1061 2052 habeant·

30 2088 123 2136 atera
137 2081 168 2152 in
183 2076 381 2134 saecularibus
393 2077 501 2148 literis3
515 2091 653 2152 quuc‘seu
668 2097 739 2136 vera
752 2071 802 2134 seu
816 2080 891 2136 falsa
905 2081 975 2154 sint,
990 2081 1036 2134 ni·

30 2157 35 2208 l
59 2161 200 2218 momenti
212 2156 348 2230 afferunt,
363 2175 418 2234 quo
429 2170 510 2216 recte
522 2161 661 2237 beateque
676 2165 816 2222 visamus.

384 2306 406 2368 C
430 2309 455 2365 Α
482 2311 530 2371 Ρ.»
556 2307 658 2370 XLI.
707 2343 708 2346 ¹

30 2401 466 2474 'pbilosopbicsmm'opiaioaum
476 2407 692 2470 dissensionibus,
712 2416 740 2460 ct
757 2409 945 2460 canonicarum
960 2397 1037 2474 ‘apud
1116 2433 1125 2442 s

262 2469 412 2532 Ecclesiam
421 2473 565 2528 concordia
575 2473 784 2540 Scrs'ptcrarrnn.

57 2574 109 2650 Νι
122 2586 216 2631 autern
231 2575 287 2630 iam
300 2577 499 2650 cognitionem
511 2579 676 2633 omittamus
691 2575 830 2636 historiae
839 2583 856 2642 ,g
869 2576 927 2648 ipsi
943 2576 1034 2649 philo·
1091 2569 1102 2596 ⁴

30 2653 129 2728 {abia
144 2657 248 2730 quibus
264 2657 300 2712 ad
312 2659 367 2724 ista
376 2660 528 2733 progressi
542 2677 656 2730 sumus,
669 2661 719 2734 qui
735 2676 793 2714 non
806 2656 943 2713 videntur
955 2661 1034 2716 labo·
1115 2704 1118 2710 .

30 2747 90 2794 Bsc
102 2742 134 2795 in
146 2740 251 2794 studiis
267 2741 341 2804 suis,
361 2742 469 2796 nisiut
484 2743 654 2812 invenirent
662 2739 804 2815 quomodo
820 2737 975 2794 vivendum
990 2761 1033 2796 os-

30 2821 281 2878 tacccmnodate
293 2821 331 2875 ad
343 2817 550 2878 beatitudinem
570 2820 791 2897 capessendam,
818 2837 869 2876 cur
888 2819 1034 2877 dissense—
1068 2845 1080 2852 ·

30 2913 148 2960 'utet-a
161 2905 310 2979 magistris
325 2903 477 2977 discipuli,
499 2917 528 2961 ot
541 2908 618 2961 inter
631 2922 662 2957 se
674 2899 880 2980 condiscipuli,
897 2905 955 2957 nisi
968 2907 1035 2976 quia

47 2979 183 3042 homines
196 2983 331 3040 humanis
341 2986 472 3042 sensibus
491 2997 521 3042 ct
535 2987 666 3040 humanis
686 2985 960 3041 ratiocinationibus
978 2989 1035 3041 ista
1119 3051 1121 3053 ‚

30 3063 210 3142 ¹saesieruutl
255 3066 312 3132 Vbi
327 3071 456 3142 quamvis
469 3085 532 3122 esse
544 3070 673 3142 potuerit
686 3077 716 3123 et
734 3067 861 3123 studium
878 3067 1034 3142 gloriandi,

30 3156 64 3206 ¹0
76 3151 270 3226 quisqucslio
283 3152 443 3222 sapientior
456 3159 485 3204 et
497 3152 608 3205 acutior
621 3149 713 3220 rideri
727 3151 819 3224 cupit,
843 3167 898 3204 nec
917 3148 1035 3204 sentcn-

30 3239 65 3288 le
78 3233 204 3308 quodam
213 3231 298 3287 modo
313 3228 444 3286 addictus
458 3233 589 3302 alienae,
603 3231 654 3286 scd
666 3234 712 3287 sui
727 3232 871 3308 dogmatis
885 3241 915 3286 et
923 3233 1035 3304 opinio-

30 3323 49 3364 Ι
65 3318 219 3388 inventost
233 3324 330 3369 tamen
343 3322 377 3368 ut
389 3315 544 3369 nonnullos
558 3317 605 3369 vel
620 3316 707 3370 otiam
721 3317 861 3386 plurimos
876 3331 973 3367 eorum
989 3313 1034 3367 fu-

30 3405 62 3454 lc
74 3396 249 3466 concedam,
277 3412 349 3469 qnos
363 3397 453 3450 asnis
463 3387 636 3454 vdoctoribus
651 3399 695 3452 vel
709 3393 839 3451 discendi
851 3396 940 3449 sociis·
955 3411 1042 3450 amor¹

30 3481 135 3537 ritatis
150 3478 316 3551 abruperit,
343 3485 375 3530 ut
387 3491 440 3550 pro·
452 3483 663 3549 en‘oertsrcnt,
684 3491 770 3554 quam
786 3473 935 3532 veritatem
949 3481 1043 3551 puta·

30 3573 78 3632 nt,
93 3564 157 3617 sire
172 3562 223 3614 illa
235 3563 322 3628 esset,
336 3559 398 3612 sivc
413 3575 476 3615 non
486 3561 577 3630 esset3
602 3559 672 3633 quid
684 3562 760 3636 agit,
775 3567 826 3614 aut
838 3576 894 3631 quo
906 3560 954 3615 rol
967 3575 1054 3630 (prro,x

41 3645 83 3701 ad
97 3639 310 3698 beatitudinem
324 3644 525 3712 perveniatur,
549 3640 675 3696 humana
687 3659 718 3696 sa
729 3641 853 3716 porrigit
866 3641 1035 3708 infelicitas·

32 3729 144 3784 (livine
160 3741 218 3778 non
230 3721 309 3776 ducit
323 3721 499 3779 auctoritas‘l
515 3723 650 3798 Denique
660 3732 793 3780 auctores
808 3724 912 3791 nostri,
924 3724 955 3776 in
970 3723 1035 3794 qui·

30 3823 50 3864 a
65 3825 126 3866 non
140 3805 252 3862 frustra
265 3819 412 3860 sacrarum
427 3806 578 3880 literarum
591 3806 692 3882 ligitur
706 3815 734 3861 st
747 3805 920 3860 terminatur
930 3819 1034 3872 canon,

31 3891 85 3950 11,
240 3930 245 3936 .
435 3950 452 3964 ἢ
721 3889 746 3943 0
