2266 4312
191 211 252 267 ιιι
419 193 523 265 ιιιιι
549 197 737 264 ιιιιιιι
756 151 1014 262 ιιιιιιιιιιι

191 362 264 419 faeti
278 369 349 416 suut
359 361 512 416 voluntate
524 366 610 433 atque
626 357 760 413 oonsilio.
802 353 837 412 Si
850 374 922 434 ergo
935 357 1045 413 animae
1055 375 1098 434 poe

191 447 224 501 in
243 446 436 519 qualicunque
456 451 575 515 corpote
596 441 744 516 colligari,
770 439 840 514 quid
859 450 905 495 est
919 441 996 515 quod
1010 443 1098 496 eosall

141 591 146 612 Ι
192 526 274 585 Deus
287 536 423 601 tanquam
437 526 595 594 sollicitos,
609 543 647 578 ne
660 525 736 578 forte
748 524 928 592 moriautur,
941 524 971 578 id
985 533 1043 595 est,
1055 525 1099 579 diu

191 621 241 666 tur
255 630 272 665 a
286 629 423 683 corpore,
442 608 477 662 de
491 626 544 662 sua
557 606 628 668 feeit
641 607 857 661 immortalitate
871 623 1006 676 securos3
1032 626 1099 680 non}

57 755 59 774 Ι
120 701 122 704 ’
193 713 295 749 eorum
307 702 456 762 naturam,
481 707 554 766 quae
569 691 608 744 sit
622 699 783 764 compacta,
807 707 867 744 non
881 691 1018 762 simplex,
1043 690 1088 745 sed

193 795 276 832 suam
289 777 508 830 invictissimam
521 776 720 845 voluntatem,
744 791 799 847 qua
812 781 916 844 potens
930 781 975 827 est
987 773 1093 843 faeere,

194 869 259 914 orta
279 853 429 929 oecidant,
453 876 508 913 nee
534 874 668 912 connexa
694 859 859 927 solvantur,
886 853 938 911 sed
962 857 1099 930 ineorrup

188 935 397 1018 perseverent?
444 1005 446 1008 v
516 997 518 1000 ,

254 1023 294 1079 Ει
305 1023 361 1078 hoe
375 1021 491 1098 quidem
504 1032 602 1078 utrum
614 1022 699 1079 Plato
712 1041 812 1078 verum
832 1018 867 1076 de
886 1019 1031 1076 sideribus
1048 1021 1099 1077 dier

192 1109 323 1181 quaestio
337 1118 389 1163 est.
432 1107 536 1182 Neque
549 1109 626 1163 enim
640 1108 666 1161 ei
680 1107 818 1160 contiuuo
837 1099 1056 1160 eoncedendum
1069 1123 1099 1160 es

191 1190 245 1247 bos
265 1193 338 1245 istos
357 1192 499 1246 luminum
517 1193 580 1245 sive
598 1190 742 1255 orbiculos
766 1189 831 1243 luee
851 1207 992 1262 corporea
1011 1206 1095 1261 super

93 1309 97 1312 -
193 1293 246 1328 seu
259 1273 322 1343 die,
348 1293 399 1330 seu
417 1283 504 1329 noete
521 1271 683 1350 fulgentes,
710 1273 769 1326 suis
789 1270 960 1346 quibusdam
976 1273 1099 1344 propriis

133 1413 134 1420 ,
191 1359 311 1427 vivere,
338 1359 439 1430 eisque
457 1355 702 1412 intellectualibus
721 1365 751 1410 et
770 1355 879 1426 beatis,
907 1355 1092 1429 quodetiam

192 1441 332 1500 lmiverso
345 1439 474 1511 mundo,
500 1450 638 1514 tauquam
656 1457 715 1495 uno
735 1439 855 1495 animali
873 1429 1017 1509 maximo,
1043 1457 1100 1513 quo

193 1533 309 1579 caetera
322 1525 544 1579 continerentur
556 1525 709 1593 animalia,
734 1523 878 1577 instanter
895 1520 1028 1576 affirmat.
1068 1520 1099 1578 St

191 1617 226 1662 ut
239 1607 318 1679 dixi,
342 1609 400 1662 alia
414 1609 544 1682 quaestio
559 1617 619 1676 est,
634 1623 720 1681 quam
734 1624 813 1661 nune
825 1604 1038 1664 discutiendam
1051 1625 1099 1662 nor

191 1694 298 1767 pimus.
341 1690 406 1746 Hoc
418 1700 534 1748 tentum
547 1701 650 1746 eontra
661 1691 734 1745 istos
749 1688 1031 1746 commemorandum
1044 1700 1099 1762 put

180 1788 225 1830 ‘se
238 1774 404 1838 Platonicos
418 1776 520 1830 vocari
532 1776 579 1829 vel
593 1791 655 1827 esse
668 1773 848 1849 gloriantur,
875 1773 956 1826 euius
976 1772 1099 1845 superbia

159 1913 161 1917 ,
192 1860 240 1915 nis
261 1859 440 1914 erubeseunt
458 1875 522 1912 esse
541 1855 715 1927 Christiani,
743 1873 782 1920 ue
801 1872 954 1910 commune
972 1856 1032 1909 illis
1051 1873 1099 1910 eun

192 1943 380 2010 vocabulum,
405 1942 494 1995 vilem
516 1939 606 1994 faeiat
628 1940 827 2013 palliatorum,
852 1947 935 1993 tanto
957 1939 1052 2016 magis
1079 1941 1099 1994 ιι

181 2032 302 2098 'quanto
321 2023 414 2098 magis
433 2024 567 2097 exiguam
581 2024 770 2094 paucitatem:
799 2031 829 2076 et
843 2031 1017 2096 quaerentes
1030 2022 1099 2097 quid

192 2108 272 2162 trina
285 2104 452 2162 Christiana
465 2103 695 2186 reprehendant,
721 2105 874 2180 exagitant
896 2107 1099 2168 aeternitatem

191 2207 273 2257 rum,
298 2198 435 2260 tanquam
447 2181 518 2241 h‘aee
532 2189 592 2242 sint
604 2190 682 2242 inter
696 2206 727 2242 se
742 2188 905 2258 contraria,
928 2199 962 2243 ut
975 2197 1005 2243 et
1017 2187 1099 2244 beati:

193 2287 366 2352 quaeramus
380 2271 505 2339 aninrae,
522 2280 550 2325 et
564 2289 625 2325 eam
639 2288 753 2344 semper
765 2288 830 2324 esse
842 2272 988 2346 velimus'
978 2291 1011 2326 m
1027 2291 1099 2346 corp«

192 2355 237 2408 lut
250 2371 421 2408 aerumnoso
435 2355 553 2409 vineulo
573 2356 754 2430 colligatam:
781 2371 960 2409 cumeorum
973 2365 1077 2410 auetor
1091 2375 1099 2410 ι

83 2423 92 2434 ’
140 2432 142 2436 ’
193 2446 254 2492 ster
267 2436 360 2505 Plato,
375 2436 484 2492 donum
498 2436 594 2492 eDeo
605 2455 716 2492 summo
731 2435 786 2491 diis
800 2438 835 2493 ab
849 2439 899 2492 illo
912 2437 999 2492 factis
1014 2439 1092 2495 dieat

91 2551 96 2554 ··
193 2539 274 2588 sunl,
289 2538 325 2574 ne
339 2519 492 2606 aliquando
505 2523 682 2592 moriantur,
696 2513 726 2575 id
740 2529 802 2590 est,
815 2539 833 2577 a
846 2521 1036 2596 torporibus,
1057 2525 1099 2598 (ιιι

194 2602 368 2675 connexuit,
383 2612 607 2694 separentur.

563 2751 684 2812 CAP
727 2750 859 2814 XVll.

194 2848 297 2904 Contra
312 2865 355 2902 eor
371 2849 571 2919 putauerunt,
588 2860 697 2903 terrene
712 2869 829 2920 corpora
838 2850 1060 2944 incorruptibilia
1067 2853 1099 2925 fi

568 2930 667 2974 terno
673 2940 729 2974 noa
740 2939 826 2990 posse.

258 3024 448 3084 Contenduht
467 3028 553 3082 etiam
570 3029 636 3096 isti,
663 3029 815 3084 terrestria
830 3043 951 3102 corpora
970 3031 1099 3104 sempitel

192 3131 252 3168 non
265 3129 365 3208 posse,
392 3129 457 3165 eum
470 3111 562 3182 ipsam
575 3112 740 3166 universam
754 3120 864 3167 terram
877 3111 934 3166 Dei
947 3114 1010 3183 sai,
1037 3131 1097 3169 non

148 3269 149 3274 ἵ
193 3195 313 3263 summi,
332 3193 381 3249 sed
394 3202 491 3249 tamen
503 3196 620 3270 magni,
633 3193 663 3248 ιιι
677 3204 738 3264 est,
751 3197 841 3250 tetrus
853 3193 939 3251 buius
953 3196 1099 3252 ιιιιιιιιιιιιι

193 3279 226 3332 in
238 3276 333 3331 medio
345 3277 471 3350 positum
485 3285 514 3331 et
525 3279 732 3350 sempitemum
746 3295 883 3334 essenon
897 3278 1042 3336 dubitent
1068 3279 1099 3337 Cr

192 3357 273 3416 Deus
292 3361 342 3414 ille
356 3377 484 3416 summus
503 3359 606 3438 iecerit
623 3363 747 3416 alterurn
766 3379 850 3435 quem
869 3371 974 3436 putant
986 3362 1099 3434 Deum,

193 3444 282 3498 istum
295 3442 450 3511 mundum,
465 3445 587 3498 eaeteris
602 3443 657 3498 diis
672 3447 722 3519 qui
735 3445 813 3500 infra
829 3463 895 3500 eum
908 3456 978 3501 sunt
989 3445 1099 3518 praefer

196 3525 376 3599 eundemque
395 3545 459 3580 esse
480 3527 650 3581 existiment
662 3529 853 3599 animantem,
880 3529 978 3584 anima
993 3531 1099 3584 scilieet

87 3649 88 3652 ,
126 3593 145 3617 ”
194 3617 349 3678 asserunt,
375 3611 513 3664 rationali
528 3611 802 3666 velintelleetuali
792 3631 823 3666 m
839 3620 899 3666 tam
913 3615 1099 3700 magnamol«

194 3690 236 3743 ris
251 3691 313 3744 eius
326 3688 472 3746 inclina*
449 3693 628 3765 ,ipsiusque
641 3695 769 3768 eorporis
783 3704 921 3768 tanquam
934 3691 1064 3752 membra
1079 3698 1099 3750 ιι

195 3773 292 3843 posita
311 3783 402 3846 atque
416 3775 547 3851 digesta,
572 3785 697 3856 quatuor
714 3780 900 3832 eonstituerit
919 3779 1079 3848 elementa,

191 3853 376 3930 iuncturam,
404 3874 443 3914 ne
454 3873 583 3936 unquam
595 3851 664 3916 deus
677 3871 848 3919 eorumtam
860 3863 984 3940 magnus
996 3863 1099 3921 moriat

546 3987 557 4020 b
