<?xml version="1.0" encoding="UTF-8"?>
<!DOCTYPE html PUBLIC "-//W3C//DTD XHTML 1.0 Transitional//EN"
    "http://www.w3.org/TR/xhtml1/DTD/xhtml1-transitional.dtd">
<html xmlns="http://www.w3.org/1999/xhtml" xml:lang="en" lang="en">
 <head>
  <title>
</title>
<meta http-equiv="Content-Type" content="text/html;charset=utf-8" />
  <meta name='ocr-system' content='tesseract 3.04.00' />
  <meta name='ocr-capabilities' content='ocr_page ocr_carea ocr_par ocr_line ocrx_word'/>
</head>
<body>
  <div class='ocr_page' id='page_1' title='image "./saureliiaugusti00augugoog_0627.png"; bbox 0 0 2310 4306; ppageno 0'>
   <div class='ocr_carea' id='block_1_1' title="bbox 169 170 1017 283">
    <p class='ocr_par' dir='ltr' id='par_1_1' title="bbox 169 170 1017 283">
     <span class='ocr_line' id='line_1_1' title="bbox 169 170 1017 283; baseline 0.005 -5"><span class='ocrx_word' id='word_1_1' title='bbox 169 170 828 283; x_wconf 22' lang='lat' dir='ltr'>oisc—rvr‘rATEDErmss.errr.</span> <span class='ocrx_word' id='word_1_2' title='bbox 907 237 908 240; x_wconf 70' lang='grc'>’</span> <span class='ocrx_word' id='word_1_3' title='bbox 955 203 1017 282; x_wconf 48' lang='lat'>21⁸7</span> 
     </span>
    </p>
   </div>
   <div class='ocr_carea' id='block_1_2' title="bbox 63 366 1084 3888">
    <p class='ocr_par' dir='ltr' id='par_1_2' title="bbox 63 366 1084 3888">
     <span class='ocr_line' id='line_1_2' title="bbox 71 366 1016 446; baseline 0.003 -18"><span class='ocrx_word' id='word_1_4' title='bbox 71 372 187 441; x_wconf 79' lang='lat' dir='ltr'>rivilia,</span> <span class='ocrx_word' id='word_1_5' title='bbox 213 366 391 443; x_wconf 76' lang='lat' dir='ltr'>,tantumque</span> <span class='ocrx_word' id='word_1_6' title='bbox 416 387 447 424; x_wconf 82' lang='lat' dir='ltr'>oe</span> <span class='ocrx_word' id='word_1_7' title='bbox 466 370 677 424; x_wconf 79' lang='lat' dir='ltr'><strong>comminuerat</strong></span> <span class='ocrx_word' id='word_1_8' title='bbox 693 376 780 442; x_wconf 78' lang='lat' dir='ltr'>etque</span> <span class='ocrx_word' id='word_1_9' title='bbox 795 375 958 446; x_wconf 79' lang='lat' dir='ltr'>attriverat,</span> <span class='ocrx_word' id='word_1_10' title='bbox 983 390 1016 434; x_wconf 85' lang='lat' dir='ltr'>ut</span> 
     </span>
     <span class='ocr_line' id='line_1_3' title="bbox 64 451 1013 530; baseline -0.006 -22"><span class='ocrx_word' id='word_1_11' title='bbox 64 452 193 516; x_wconf 79' lang='lat' dir='ltr'>utendus</span> <span class='ocrx_word' id='word_1_12' title='bbox 216 451 390 525; x_wconf 89' lang='lat' dir='ltr'>reipublicae</span> <span class='ocrx_word' id='word_1_13' title='bbox 415 460 524 520; x_wconf 72' lang='lat' dir='ltr'>atatam,</span> <span class='ocrx_word' id='word_1_14' title='bbox 550 468 607 523; x_wconf 87' lang='lat' dir='ltr'>quo</span> <span class='ocrx_word' id='word_1_15' title='bbox 626 459 780 527; x_wconf 83' lang='lat' dir='ltr'>regeretur</span> <span class='ocrx_word' id='word_1_16' title='bbox 797 454 932 530; x_wconf 74' lang='lat' dir='ltr'>regibus,</span> <span class='ocrx_word' id='word_1_17' title='bbox 959 461 1013 512; x_wconf 77' lang='lat' dir='ltr'>im.</span> 
     </span>
     <span class='ocr_line' id='line_1_4' title="bbox 64 531 1013 610; baseline 0.004 -22"><span class='ocrx_word' id='word_1_18' title='bbox 64 545 119 590; x_wconf 64' lang='lat' dir='ltr'>rret.</span> <span class='ocrx_word' id='word_1_19' title='bbox 155 533 311 606; x_wconf 75' lang='lat' dir='ltr'>Pompeius</span> <span class='ocrx_word' id='word_1_20' title='bbox 331 551 401 609; x_wconf 84' lang='lat' dir='ltr'>ergo</span> <span class='ocrx_word' id='word_1_21' title='bbox 417 533 516 606; x_wconf 88' lang='lat' dir='ltr'>populi</span> <span class='ocrx_word' id='word_1_22' title='bbox 529 531 653 588; x_wconf 88' lang='lat' dir='ltr'>Romani</span> <span class='ocrx_word' id='word_1_23' title='bbox 670 533 918 610; x_wconf 77' lang='lat' dir='ltr'>praeeiariooimuo</span> <span class='ocrx_word' id='word_1_24' title='bbox 931 539 1013 610; x_wconf 85' lang='lat' dir='ltr'>prin-</span> 
     </span>
     <span class='ocr_line' id='line_1_5' title="bbox 64 616 1021 691; baseline -0.002 -19"><span class='ocrx_word' id='word_1_25' title='bbox 64 616 218 686; x_wconf 85' lang='lat' dir='ltr'>,ludaeanr</span> <span class='ocrx_word' id='word_1_26' title='bbox 230 634 295 670; x_wconf 92' lang='lat' dir='ltr'>cum</span> <span class='ocrx_word' id='word_1_27' title='bbox 309 616 438 674; x_wconf 87' lang='lat' dir='ltr'>exercitu</span> <span class='ocrx_word' id='word_1_28' title='bbox 448 616 603 690; x_wconf 76' lang='lat' dir='ltr'>&#39;ingressus</span> <span class='ocrx_word' id='word_1_29' title='bbox 616 616 762 671; x_wconf 77' lang='lat' dir='ltr'>civitatem</span> <span class='ocrx_word' id='word_1_30' title='bbox 777 619 863 691; x_wconf 88' lang='lat' dir='ltr'>capit,</span> <span class='ocrx_word' id='word_1_31' title='bbox 878 621 1021 691; x_wconf 82' lang='lat' dir='ltr'>templum</span> 
     </span>
     <span class='ocr_line' id='line_1_6' title="bbox 64 695 1016 774; baseline 0.004 -22"><span class='ocrx_word' id='word_1_32' title='bbox 64 709 110 770; x_wconf 85' lang='lat' dir='ltr'>rat,</span> <span class='ocrx_word' id='word_1_33' title='bbox 124 717 184 755; x_wconf 91' lang='lat' dir='ltr'>uou</span> <span class='ocrx_word' id='word_1_34' title='bbox 197 699 353 774; x_wconf 84' lang='lat' dir='ltr'>devotione</span> <span class='ocrx_word' id='word_1_35' title='bbox 366 697 515 770; x_wconf 72' lang='lat' dir='ltr'>supplicia,</span> <span class='ocrx_word' id='word_1_36' title='bbox 531 695 582 750; x_wconf 80' lang='lat' dir='ltr'>sed</span> <span class='ocrx_word' id='word_1_37' title='bbox 596 697 658 750; x_wconf 87' lang='lat' dir='ltr'>iure</span> <span class='ocrx_word' id='word_1_38' title='bbox 671 697 808 768; x_wconf 85' lang='lat' dir='ltr'>victoris,</span> <span class='ocrx_word' id='word_1_39' title='bbox 823 699 900 756; x_wconf 88' lang='lat' dir='ltr'>etad</span> <span class='ocrx_word' id='word_1_40' title='bbox 914 711 1016 756; x_wconf 72' lang='lat' dir='ltr'>nancta</span> 
     </span>
     <span class='ocr_line' id='line_1_7' title="bbox 64 771 1015 854; baseline 0.005 -22"><span class='ocrx_word' id='word_1_41' title='bbox 64 789 180 851; x_wconf 75' lang='lat' dir='ltr'>torum,</span> <span class='ocrx_word' id='word_1_42' title='bbox 199 798 255 854; x_wconf 89' lang='lat' dir='ltr'>quo</span> <span class='ocrx_word' id='word_1_43' title='bbox 272 779 334 834; x_wconf 82' lang='lat' dir='ltr'>nisi</span> <span class='ocrx_word' id='word_1_44' title='bbox 348 797 491 834; x_wconf 82' lang='lat' dir='ltr'>summum</span> <span class='ocrx_word' id='word_1_45' title='bbox 503 776 682 833; x_wconf 75' lang='lat' dir='ltr'>sacerdotem</span> <span class='ocrx_word' id='word_1_46' title='bbox 695 796 755 835; x_wconf 90' lang='lat' dir='ltr'>non</span> <span class='ocrx_word' id='word_1_47' title='bbox 767 771 874 836; x_wconf 88' lang='lat' dir='ltr'>licebat</span> <span class='ocrx_word' id='word_1_48' title='bbox 885 784 1015 852; x_wconf 88' lang='lat' dir='ltr'>intrare,</span> 
     </span>
     <span class='ocr_line' id='line_1_8' title="bbox 68 859 1015 938; baseline 0.001 -20"><span class='ocrx_word' id='word_1_49' title='bbox 68 873 95 918; x_wconf 88' lang='lat' dir='ltr'>ut</span> <span class='ocrx_word' id='word_1_50' title='bbox 106 871 275 934; x_wconf 84' lang='lat' dir='ltr'>venerator,</span> <span class='ocrx_word' id='word_1_51' title='bbox 289 859 339 914; x_wconf 83' lang='lat' dir='ltr'>sed</span> <span class='ocrx_word' id='word_1_52' title='bbox 348 869 380 914; x_wconf 91' lang='lat' dir='ltr'>ut</span> <span class='ocrx_word' id='word_1_53' title='bbox 388 859 557 932; x_wconf 88' lang='lat' dir='ltr'>profanator</span> <span class='ocrx_word' id='word_1_54' title='bbox 569 860 696 916; x_wconf 85' lang='lat' dir='ltr'>accedit:</span> <span class='ocrx_word' id='word_1_55' title='bbox 709 861 934 938; x_wconf 87' lang='lat' dir='ltr'>confirmatoque</span> <span class='ocrx_word' id='word_1_56' title='bbox 943 863 1015 920; x_wconf 91' lang='lat' dir='ltr'>Hir-</span> 
     </span>
     <span class='ocr_line' id='line_1_9' title="bbox 64 927 1070 1020; baseline 0 -20"><span class='ocrx_word' id='word_1_57' title='bbox 64 941 255 1018; x_wconf 84' lang='lat' dir='ltr'>pontificatu,</span> <span class='ocrx_word' id='word_1_58' title='bbox 283 951 312 998; x_wconf 88' lang='lat' dir='ltr'>ct</span> <span class='ocrx_word' id='word_1_59' title='bbox 325 927 496 1018; x_wconf 68' lang='lat' dir='ltr'>suiriugatae</span> <span class='ocrx_word' id='word_1_60' title='bbox 509 942 592 1017; x_wconf 79' lang='lat' dir='ltr'>genti</span> <span class='ocrx_word' id='word_1_61' title='bbox 610 943 744 1018; x_wconf 88' lang='lat' dir='ltr'>imposito</span> <span class='ocrx_word' id='word_1_62' title='bbox 763 945 880 1002; x_wconf 85' lang='lat' dir='ltr'>custode</span> <span class='ocrx_word' id='word_1_63' title='bbox 895 946 1016 1020; x_wconf 65' lang='lat' dir='ltr'>Antipa.</span> <span class='ocrx_word' id='word_1_64' title='bbox 1068 967 1070 972; x_wconf 56' lang='lat'><strong><em>¹</em></strong></span> 
     </span>
     <span class='ocr_line' id='line_1_10' title="bbox 64 1023 1015 1104; baseline 0.008 -28"><span class='ocrx_word' id='word_1_65' title='bbox 64 1044 146 1101; x_wconf 73' lang='lat' dir='ltr'>:quoe</span> <span class='ocrx_word' id='word_1_66' title='bbox 160 1035 231 1082; x_wconf 88' lang='lat' dir='ltr'>tunc</span> <span class='ocrx_word' id='word_1_67' title='bbox 245 1032 448 1104; x_wconf 79' lang='lat' dir='ltr'>procuratores</span> <span class='ocrx_word' id='word_1_68' title='bbox 463 1023 621 1092; x_wconf 76' lang='lat' dir='ltr'>vocabant,</span> <span class='ocrx_word' id='word_1_69' title='bbox 648 1025 777 1080; x_wconf 89' lang='lat' dir='ltr'>vinctum</span> <span class='ocrx_word' id='word_1_70' title='bbox 793 1045 891 1086; x_wconf 84' lang='lat' dir='ltr'>seeum</span> <span class='ocrx_word' id='word_1_71' title='bbox 903 1028 1015 1084; x_wconf 70' lang='lat' dir='ltr'>Aristo-</span> 
     </span>
     <span class='ocr_line' id='line_1_11' title="bbox 64 1103 1016 1176; baseline 0.001 -12"><span class='ocrx_word' id='word_1_72' title='bbox 64 1127 87 1164; x_wconf 81' lang='grc' dir='ltr'>ιιι</span> <span class='ocrx_word' id='word_1_73' title='bbox 105 1109 194 1166; x_wconf 88' lang='lat' dir='ltr'>ducit.</span> <span class='ocrx_word' id='word_1_74' title='bbox 225 1105 273 1164; x_wconf 83' lang='lat' dir='ltr'>Ex</span> <span class='ocrx_word' id='word_1_75' title='bbox 291 1107 342 1160; x_wconf 85' lang='lat' dir='ltr'>illo</span> <span class='ocrx_word' id='word_1_76' title='bbox 356 1103 454 1160; x_wconf 88' lang='lat' dir='ltr'>ludaei</span> <span class='ocrx_word' id='word_1_77' title='bbox 472 1106 557 1160; x_wconf 87' lang='lat' dir='ltr'>etiam</span> <span class='ocrx_word' id='word_1_78' title='bbox 579 1105 724 1161; x_wconf 83' lang='lat' dir='ltr'>tributarii</span> <span class='ocrx_word' id='word_1_79' title='bbox 743 1105 940 1176; x_wconf 77' lang='lat' dir='ltr'>Romanorum</span> <span class='ocrx_word' id='word_1_80' title='bbox 953 1115 1016 1166; x_wconf 83' lang='lat' dir='ltr'>cose</span> 
     </span>
     <span class='ocr_line' id='line_1_12' title="bbox 64 1186 1014 1262; baseline 0.007 -23"><span class='ocrx_word' id='word_1_81' title='bbox 64 1199 156 1246; x_wconf 81' lang='lat' dir='ltr'>erunt.</span> <span class='ocrx_word' id='word_1_82' title='bbox 180 1187 285 1244; x_wconf 82' lang='lat' dir='ltr'>Postea</span> <span class='ocrx_word' id='word_1_83' title='bbox 299 1186 418 1244; x_wconf 75' lang='lat' dir='ltr'>Cassius</span> <span class='ocrx_word' id='word_1_84' title='bbox 432 1187 520 1241; x_wconf 88' lang='lat' dir='ltr'>etiam</span> <span class='ocrx_word' id='word_1_85' title='bbox 532 1189 671 1259; x_wconf 89' lang='lat' dir='ltr'>templum</span> <span class='ocrx_word' id='word_1_86' title='bbox 685 1191 864 1262; x_wconf 80' lang='lat' dir='ltr'>exspoliavit.</span> <span class='ocrx_word' id='word_1_87' title='bbox 900 1191 1014 1248; x_wconf 81' lang='lat' dir='ltr'>Deinde</span> 
     </span>
     <span class='ocr_line' id='line_1_13' title="bbox 64 1267 1084 1347; baseline 0.004 -21"><span class='ocrx_word' id='word_1_88' title='bbox 64 1290 168 1346; x_wconf 82' lang='lat' dir='ltr'>paucos</span> <span class='ocrx_word' id='word_1_89' title='bbox 180 1287 272 1326; x_wconf 84' lang='lat' dir='ltr'>annos</span> <span class='ocrx_word' id='word_1_90' title='bbox 285 1267 529 1346; x_wconf 80' lang='lat' dir='ltr'>otiamHerodem</span> <span class='ocrx_word' id='word_1_91' title='bbox 536 1270 733 1346; x_wconf 84' lang='lat' dir='ltr'>alienigenam</span> <span class='ocrx_word' id='word_1_92' title='bbox 739 1271 946 1347; x_wconf 85' lang='lat' dir='ltr'>regemhabere</span> <span class='ocrx_word' id='word_1_93' title='bbox 954 1294 1016 1331; x_wconf 87' lang='lat' dir='ltr'>mc-</span> <span class='ocrx_word' id='word_1_94' title='bbox 1077 1301 1084 1306; x_wconf 85' lang='lat'>·</span> 
     </span>
     <span class='ocr_line' id='line_1_14' title="bbox 64 1345 1019 1428; baseline 0 -18"><span class='ocrx_word' id='word_1_95' title='bbox 64 1363 129 1422; x_wconf 90' lang='lat' dir='ltr'>unt,</span> <span class='ocrx_word' id='word_1_96' title='bbox 153 1371 211 1427; x_wconf 92' lang='lat' dir='ltr'>quo</span> <span class='ocrx_word' id='word_1_97' title='bbox 228 1345 476 1428; x_wconf 70' lang='lat' dir='ltr'>regnante&#39;natua</span> <span class='ocrx_word' id='word_1_98' title='bbox 495 1359 539 1405; x_wconf 83' lang='lat' dir='ltr'>est</span> <span class='ocrx_word' id='word_1_99' title='bbox 552 1349 694 1406; x_wconf 77' lang='lat' dir='ltr'>Christus.</span> <span class='ocrx_word' id='word_1_100' title='bbox 729 1349 789 1408; x_wconf 89' lang='lat' dir='ltr'>lam</span> <span class='ocrx_word' id='word_1_101' title='bbox 803 1345 1019 1426; x_wconf 70' lang='lat' dir='ltr'>enim³venerat</span> 
     </span>
     <span class='ocr_line' id='line_1_15' title="bbox 63 1431 1015 1507; baseline 0.003 -17"><span class='ocrx_word' id='word_1_102' title='bbox 63 1435 139 1491; x_wconf 89' lang='lat' dir='ltr'>itudo</span> <span class='ocrx_word' id='word_1_103' title='bbox 154 1436 290 1507; x_wconf 83' lang='lat' dir='ltr'>temporis</span> <span class='ocrx_word' id='word_1_104' title='bbox 305 1434 330 1487; x_wconf 82' lang='lat' dir='ltr'>si</span> <span class='ocrx_word' id='word_1_105' title='bbox 353 1431 470 1488; x_wconf 82' lang='lat' dir='ltr'>nificata</span> <span class='ocrx_word' id='word_1_106' title='bbox 480 1431 647 1506; x_wconf 88' lang='lat' dir='ltr'>prophetico</span> <span class='ocrx_word' id='word_1_107' title='bbox 658 1431 769 1506; x_wconf 83' lang='lat' dir='ltr'>Spiritu</span> <span class='ocrx_word' id='word_1_108' title='bbox 780 1451 831 1507; x_wconf 87' lang='lat' dir='ltr'>per</span> <span class='ocrx_word' id='word_1_109' title='bbox 843 1455 875 1491; x_wconf 80' lang='lat' dir='ltr'>os</span> <span class='ocrx_word' id='word_1_110' title='bbox 885 1436 1015 1493; x_wconf 87' lang='lat' dir='ltr'>Patriar·</span> 
     </span>
     <span class='ocr_line' id='line_1_16' title="bbox 74 1505 1016 1593; baseline 0.004 -19"><span class='ocrx_word' id='word_1_111' title='bbox 74 1518 170 1587; x_wconf 86' lang='lat' dir='ltr'>Iacob,</span> <span class='ocrx_word' id='word_1_112' title='bbox 183 1517 233 1572; x_wconf 83' lang='lat' dir='ltr'>ubi</span> <span class='ocrx_word' id='word_1_113' title='bbox 247 1507 315 1571; x_wconf 61' lang='lat' dir='ltr'>aitr</span> <span class='ocrx_word' id='word_1_114' title='bbox 355 1534 390 1570; x_wconf 83' lang='lat' dir='ltr'>on</span> <span class='ocrx_word' id='word_1_115' title='bbox 404 1505 521 1584; x_wconf 79' lang='lat' dir='ltr'>deficiet</span> <span class='ocrx_word' id='word_1_116' title='bbox 529 1516 672 1592; x_wconf 69' lang='lat' dir='ltr'>princepe</span> <span class='ocrx_word' id='word_1_117' title='bbox 686 1533 722 1570; x_wconf 80' lang='lat' dir='ltr'>ex</span> <span class='ocrx_word' id='word_1_118' title='bbox 735 1511 827 1587; x_wconf 79' lang='lat' dir='ltr'>Iuda,</span> <span class='ocrx_word' id='word_1_119' title='bbox 852 1537 942 1593; x_wconf 81' lang='lat' dir='ltr'>neque</span> <span class='ocrx_word' id='word_1_120' title='bbox 956 1521 1016 1578; x_wconf 73' lang='lat' dir='ltr'>dua·</span> 
     </span>
     <span class='ocr_line' id='line_1_17' title="bbox 64 1597 1016 1675; baseline -0.002 -17"><span class='ocrx_word' id='word_1_121' title='bbox 64 1599 200 1658; x_wconf 69' lang='lat' dir='ltr'>amoribus</span> <span class='ocrx_word' id='word_1_122' title='bbox 213 1600 291 1667; x_wconf 79' lang='lat' dir='ltr'>eiua,</span> <span class='ocrx_word' id='word_1_123' title='bbox 317 1597 517 1670; x_wconf 79' lang='lat' dir='ltr'>donee&#39;oem&#39;ot</span> <span class='ocrx_word' id='word_1_124' title='bbox 531 1597 580 1651; x_wconf 80' lang='lat' dir='ltr'>coi</span> <span class='ocrx_word' id='word_1_125' title='bbox 591 1599 751 1672; x_wconf 74' lang='lat' dir='ltr'>repositum</span> <span class='ocrx_word' id='word_1_126' title='bbox 764 1605 824 1667; x_wconf 81' lang='lat' dir='ltr'>eat,</span> <span class='ocrx_word' id='word_1_127' title='bbox 847 1603 952 1675; x_wconf 22' lang='lat' dir='ltr'>ethicae</span> <span class='ocrx_word' id='word_1_128' title='bbox 966 1619 1016 1656; x_wconf 79' lang='lat' dir='ltr'>ex-</span> 
     </span>
     <span class='ocr_line' id='line_1_18' title="bbox 64 1676 1014 1758; baseline -0.002 -20"><span class='ocrx_word' id='word_1_129' title='bbox 64 1684 134 1738; x_wconf 81' lang='lat' dir='ltr'>tueio</span> <span class='ocrx_word' id='word_1_130' title='bbox 147 1682 290 1758; x_wconf 74' lang='lat' dir='ltr'>gentium,</span> <span class='ocrx_word' id='word_1_131' title='bbox 316 1677 382 1736; x_wconf 89' lang='lat' dir='ltr'>Non</span> <span class='ocrx_word' id='word_1_132' title='bbox 397 1695 468 1754; x_wconf 85' lang='lat' dir='ltr'>crgo</span> <span class='ocrx_word' id='word_1_133' title='bbox 483 1676 575 1733; x_wconf 77' lang='lat' dir='ltr'>defuit</span> <span class='ocrx_word' id='word_1_134' title='bbox 587 1676 755 1734; x_wconf 84' lang='lat' dir='ltr'>ludaeorum</span> <span class='ocrx_word' id='word_1_135' title='bbox 768 1681 901 1754; x_wconf 77' lang='lat' dir='ltr'>princepe</span> <span class='ocrx_word' id='word_1_136' title='bbox 917 1699 955 1736; x_wconf 85' lang='lat' dir='ltr'>ex</span> <span class='ocrx_word' id='word_1_137' title='bbox 968 1680 1014 1736; x_wconf 91' lang='lat' dir='ltr'>lu-</span> 
     </span>
     <span class='ocr_line' id='line_1_19' title="bbox 64 1757 1016 1837; baseline 0.001 -20"><span class='ocrx_word' id='word_1_138' title='bbox 64 1783 88 1834; x_wconf 79' lang='lat' dir='ltr'>r,</span> <span class='ocrx_word' id='word_1_139' title='bbox 96 1781 190 1837; x_wconf 79' lang='lat' dir='ltr'>usque</span> <span class='ocrx_word' id='word_1_140' title='bbox 202 1761 239 1818; x_wconf 92' lang='lat' dir='ltr'>ad</span> <span class='ocrx_word' id='word_1_141' title='bbox 251 1761 338 1816; x_wconf 88' lang='lat' dir='ltr'>istum</span> <span class='ocrx_word' id='word_1_142' title='bbox 353 1757 508 1829; x_wconf 79' lang='lat' dir='ltr'><strong>Herodem,</strong></span> <span class='ocrx_word' id='word_1_143' title='bbox 524 1777 607 1833; x_wconf 88' lang='lat' dir='ltr'>quem</span> <span class='ocrx_word' id='word_1_144' title='bbox 621 1760 746 1834; x_wconf 89' lang='lat' dir='ltr'>primum</span> <span class='ocrx_word' id='word_1_145' title='bbox 759 1772 934 1834; x_wconf 71' lang='lat' dir='ltr'>acceperunt</span> <span class='ocrx_word' id='word_1_146' title='bbox 946 1765 1016 1832; x_wconf 73' lang='lat' dir='ltr'>ulie-</span> 
     </span>
     <span class='ocr_line' id='line_1_20' title="bbox 64 1841 1016 1920; baseline 0 -19"><span class='ocrx_word' id='word_1_147' title='bbox 64 1863 129 1902; x_wconf 87' lang='lat' dir='ltr'>nam</span> <span class='ocrx_word' id='word_1_148' title='bbox 142 1863 265 1920; x_wconf 60' lang='lat' dir='ltr'>regem„</span> <span class='ocrx_word' id='word_1_149' title='bbox 290 1841 416 1915; x_wconf 83' lang='lat' dir='ltr'><strong>Tempus</strong></span> <span class='ocrx_word' id='word_1_150' title='bbox 431 1845 501 1917; x_wconf 82' lang='lat' dir='ltr'>ergo</span> <span class='ocrx_word' id='word_1_151' title='bbox 516 1843 572 1896; x_wconf 87' lang='lat' dir='ltr'>iam</span> <span class='ocrx_word' id='word_1_152' title='bbox 586 1850 659 1911; x_wconf 87' lang='lat' dir='ltr'>erat,</span> <span class='ocrx_word' id='word_1_153' title='bbox 672 1850 704 1896; x_wconf 91' lang='lat' dir='ltr'>ut</span> <span class='ocrx_word' id='word_1_154' title='bbox 717 1844 832 1904; x_wconf 77' lang='lat' dir='ltr'>reniret</span> <span class='ocrx_word' id='word_1_155' title='bbox 845 1845 894 1905; x_wconf 77' lang='lat' dir='ltr'>ille</span> <span class='ocrx_word' id='word_1_156' title='bbox 909 1846 956 1900; x_wconf 88' lang='lat' dir='ltr'>eui</span> <span class='ocrx_word' id='word_1_157' title='bbox 968 1863 1016 1900; x_wconf 89' lang='lat' dir='ltr'>rc·</span> 
     </span>
     <span class='ocr_line' id='line_1_21' title="bbox 64 1921 1016 2000; baseline 0 -18"><span class='ocrx_word' id='word_1_158' title='bbox 64 1939 116 1983; x_wconf 70' lang='lat' dir='ltr'>&#39;tum</span> <span class='ocrx_word' id='word_1_159' title='bbox 130 1935 209 2000; x_wconf 80' lang='lat' dir='ltr'>erat,</span> <span class='ocrx_word' id='word_1_160' title='bbox 218 1924 294 1998; x_wconf 87' lang='lat' dir='ltr'>quod</span> <span class='ocrx_word' id='word_1_161' title='bbox 308 1942 382 1980; x_wconf 90' lang='lat' dir='ltr'>novo</span> <span class='ocrx_word' id='word_1_162' title='bbox 395 1925 570 1996; x_wconf 69' lang='lat' dir='ltr'>promissum</span> <span class='ocrx_word' id='word_1_163' title='bbox 583 1933 627 1978; x_wconf 85' lang='lat' dir='ltr'>cst</span> <span class='ocrx_word' id='word_1_164' title='bbox 641 1921 837 1995; x_wconf 83' lang='lat' dir='ltr'>Testamento,</span> <span class='ocrx_word' id='word_1_165' title='bbox 851 1935 883 1980; x_wconf 89' lang='lat' dir='ltr'>ut</span> <span class='ocrx_word' id='word_1_166' title='bbox 895 1927 956 2000; x_wconf 79' lang='lat' dir='ltr'>ipsc</span> <span class='ocrx_word' id='word_1_167' title='bbox 971 1945 1016 1982; x_wconf 79' lang='lat' dir='ltr'>cs·</span> 
     </span>
     <span class='ocr_line' id='line_1_22' title="bbox 64 1997 1019 2086; baseline 0 -22"><span class='ocrx_word' id='word_1_168' title='bbox 64 2009 233 2086; x_wconf 62' lang='lat' dir='ltr'>rxspcetatio</span> <span class='ocrx_word' id='word_1_169' title='bbox 248 2007 390 2084; x_wconf 82' lang='lat' dir='ltr'>gentium.</span> <span class='ocrx_word' id='word_1_170' title='bbox 424 2005 504 2060; x_wconf 81' lang='lat' dir='ltr'><strong>Fieri</strong></span> <span class='ocrx_word' id='word_1_171' title='bbox 518 2015 615 2065; x_wconf 88' lang='lat' dir='ltr'>autem</span> <span class='ocrx_word' id='word_1_172' title='bbox 628 2021 686 2060; x_wconf 92' lang='lat' dir='ltr'>non</span> <span class='ocrx_word' id='word_1_173' title='bbox 699 2003 808 2079; x_wconf 72' lang='lat' dir='ltr'>pos&#39;set,</span> <span class='ocrx_word' id='word_1_174' title='bbox 822 2018 855 2063; x_wconf 93' lang='lat' dir='ltr'>ut</span> <span class='ocrx_word' id='word_1_175' title='bbox 867 1997 1019 2081; x_wconf 45' lang='lat' dir='ltr'>cispectaff</span> 
     </span>
     <span class='ocr_line' id='line_1_23' title="bbox 72 2088 1018 2170; baseline -0.001 -25"><span class='ocrx_word' id='word_1_176' title='bbox 72 2100 175 2170; x_wconf 75' lang='lat' dir='ltr'>gentes</span> <span class='ocrx_word' id='word_1_177' title='bbox 190 2108 254 2148; x_wconf 89' lang='lat' dir='ltr'>eum</span> <span class='ocrx_word' id='word_1_178' title='bbox 269 2099 435 2158; x_wconf 86' lang='lat' dir='ltr'>venturum,</span> <span class='ocrx_word' id='word_1_179' title='bbox 455 2088 531 2142; x_wconf 76' lang='lat' dir='ltr'>sicut</span> <span class='ocrx_word' id='word_1_180' title='bbox 545 2107 609 2142; x_wconf 91' lang='lat' dir='ltr'>eum</span> <span class='ocrx_word' id='word_1_181' title='bbox 622 2090 767 2143; x_wconf 84' lang='lat' dir='ltr'>cernimus</span> <span class='ocrx_word' id='word_1_182' title='bbox 782 2092 969 2165; x_wconf 80' lang='lat' dir='ltr'>exspectari„</span> <span class='ocrx_word' id='word_1_183' title='bbox 985 2098 1018 2145; x_wconf 94' lang='lat' dir='ltr'>ut</span> 
     </span>
     <span class='ocr_line' id='line_1_24' title="bbox 64 2169 1017 2246; baseline -0.002 -18"><span class='ocrx_word' id='word_1_184' title='bbox 64 2184 91 2229; x_wconf 88' lang='lat' dir='ltr'>ot</span> <span class='ocrx_word' id='word_1_185' title='bbox 103 2173 139 2227; x_wconf 90' lang='lat' dir='ltr'>ad</span> <span class='ocrx_word' id='word_1_186' title='bbox 152 2171 317 2227; x_wconf 86' lang='lat' dir='ltr'>faciendum</span> <span class='ocrx_word' id='word_1_187' title='bbox 330 2169 468 2242; x_wconf 83' lang='lat' dir='ltr'>iudicium</span> <span class='ocrx_word' id='word_1_188' title='bbox 482 2171 512 2225; x_wconf 92' lang='lat' dir='ltr'>in</span> <span class='ocrx_word' id='word_1_189' title='bbox 529 2169 660 2226; x_wconf 67' lang='lat' dir='ltr'>claritate</span> <span class='ocrx_word' id='word_1_190' title='bbox 678 2171 841 2243; x_wconf 83' lang='lat' dir='ltr'>potentiae,</span> <span class='ocrx_word' id='word_1_191' title='bbox 867 2171 925 2243; x_wconf 77' lang='lat' dir='ltr'>nisi</span> <span class='ocrx_word' id='word_1_192' title='bbox 937 2174 1017 2246; x_wconf 83' lang='lat' dir='ltr'>prius</span> 
     </span>
     <span class='ocr_line' id='line_1_25' title="bbox 64 2243 1083 2328; baseline -0.001 -17"><span class='ocrx_word' id='word_1_193' title='bbox 64 2275 107 2320; x_wconf 75' lang='lat' dir='ltr'>nn,</span> <span class='ocrx_word' id='word_1_194' title='bbox 116 2251 285 2328; x_wconf 80' lang='lat' dir='ltr'>crederent,</span> <span class='ocrx_word' id='word_1_195' title='bbox 305 2257 393 2326; x_wconf 88' lang='lat' dir='ltr'>quum</span> <span class='ocrx_word' id='word_1_196' title='bbox 406 2253 487 2310; x_wconf 80' lang='lat' dir='ltr'>venit</span> <span class='ocrx_word' id='word_1_197' title='bbox 499 2251 535 2308; x_wconf 92' lang='lat' dir='ltr'>ad</span> <span class='ocrx_word' id='word_1_198' title='bbox 547 2252 714 2328; x_wconf 79' lang='lat' dir='ltr'>patiendum</span> <span class='ocrx_word' id='word_1_199' title='bbox 727 2253 866 2314; x_wconf 90' lang='lat' dir='ltr'>iudicium</span> <span class='ocrx_word' id='word_1_200' title='bbox 879 2255 911 2312; x_wconf 90' lang='lat' dir='ltr'>in</span> <span class='ocrx_word' id='word_1_201' title='bbox 923 2252 1016 2311; x_wconf 89' lang='lat' dir='ltr'>humi·</span> <span class='ocrx_word' id='word_1_202' title='bbox 1077 2243 1083 2318; x_wconf 62' lang='lat' dir='ltr'>f</span> 
     </span>
     <span class='ocr_line' id='line_1_26' title="bbox 64 2335 811 2434; baseline -0.007 -42"><span class='ocrx_word' id='word_1_203' title='bbox 64 2335 254 2416; x_wconf 73' lang='lat' dir='ltr'>operiendae.</span> <span class='ocrx_word' id='word_1_204' title='bbox 634 2401 635 2404; x_wconf 7' lang='grc' dir='ltr'><strong>Ἴ</strong></span> <span class='ocrx_word' id='word_1_205' title='bbox 686 2354 717 2434; x_wconf 49' lang='lat' dir='ltr'>ff,</span> <span class='ocrx_word' id='word_1_206' title='bbox 808 2395 811 2401; x_wconf 47' lang='grc'><em>,</em></span> 
     </span>
     <span class='ocr_line' id='line_1_27' title="bbox 355 2449 948 2515; baseline -0.003 -7"><span class='ocrx_word' id='word_1_207' title='bbox 355 2450 475 2508; x_wconf 80' lang='lat' dir='ltr'><strong>CAP.</strong></span> <span class='ocrx_word' id='word_1_208' title='bbox 517 2449 550 2505; x_wconf 90' lang='lat' dir='ltr'>X</span> <span class='ocrx_word' id='word_1_209' title='bbox 563 2449 624 2506; x_wconf 78' lang='lat' dir='ltr'>L&#39;V</span> <span class='ocrx_word' id='word_1_210' title='bbox 639 2449 660 2505; x_wconf 79' lang='grc'>1.</span> <span class='ocrx_word' id='word_1_211' title='bbox 777 2509 780 2515; x_wconf 77' lang='grc'>,</span> <span class='ocrx_word' id='word_1_212' title='bbox 945 2503 948 2506; x_wconf 88' lang='grc'>.</span> 
     </span>
     <span class='ocr_line' id='line_1_28' title="bbox 64 2527 1019 2602; baseline -0.001 -17"><span class='ocrx_word' id='word_1_213' title='bbox 64 2542 108 2586; x_wconf 79' lang='lat' dir='ltr'>rto</span> <span class='ocrx_word' id='word_1_214' title='bbox 120 2533 271 2598; x_wconf 68' lang='lat' dir='ltr'>Saloutaria</span> <span class='ocrx_word' id='word_1_215' title='bbox 281 2530 376 2592; x_wconf 66' lang='lat' dir='ltr'>neutri,</span> <span class='ocrx_word' id='word_1_216' title='bbox 396 2529 537 2582; x_wconf 73' lang='lat' dir='ltr'>secundum</span> <span class='ocrx_word' id='word_1_217' title='bbox 552 2530 622 2596; x_wconf 79' lang='lat' dir='ltr'>qaod</span> <span class='ocrx_word' id='word_1_218' title='bbox 640 2527 753 2580; x_wconf 79' lang='lat' dir='ltr'>Verbum</span> <span class='ocrx_word' id='word_1_219' title='bbox 768 2546 832 2582; x_wconf 85' lang='lat' dir='ltr'>coro</span> <span class='ocrx_word' id='word_1_220' title='bbox 841 2532 951 2602; x_wconf 85' lang='lat' dir='ltr'>factum</span> <span class='ocrx_word' id='word_1_221' title='bbox 961 2542 1019 2594; x_wconf 63' lang='grc' dir='ltr'>επις</span> 
     </span>
     <span class='ocr_line' id='line_1_29' title="bbox 71 2598 956 2669; baseline -0.002 -15"><span class='ocrx_word' id='word_1_222' title='bbox 71 2604 138 2654; x_wconf 82' lang='lat' dir='ltr'>etde</span> <span class='ocrx_word' id='word_1_223' title='bbox 149 2601 312 2669; x_wconf 71' lang='lat' dir='ltr'>dispersione</span> <span class='ocrx_word' id='word_1_224' title='bbox 322 2599 482 2654; x_wconf 83' lang='lat' dir='ltr'>Iudaeorum</span> <span class='ocrx_word' id='word_1_225' title='bbox 490 2613 539 2664; x_wconf 84' lang='lat' dir='ltr'>per</span> <span class='ocrx_word' id='word_1_226' title='bbox 549 2613 635 2658; x_wconf 79' lang='lat' dir='ltr'>oroneo</span> <span class='ocrx_word' id='word_1_227' title='bbox 643 2606 747 2664; x_wconf 77' lang='lat' dir='ltr'>gerrico,</span> <span class='ocrx_word' id='word_1_228' title='bbox 768 2598 838 2650; x_wconf 67' lang='lat' dir='ltr'>sicut</span> <span class='ocrx_word' id='word_1_229' title='bbox 843 2599 943 2668; x_wconf 85' lang='lat' dir='ltr'>fuerat</span> <span class='ocrx_word' id='word_1_230' title='bbox 954 2633 956 2652; x_wconf 54' lang='lat' dir='ltr'>r</span> 
     </span>
     <span class='ocr_line' id='line_1_30' title="bbox 406 2663 605 2734; baseline 0 -19"><span class='ocrx_word' id='word_1_231' title='bbox 406 2663 605 2734; x_wconf 71' lang='lat' dir='ltr'>prophetatum.</span> 
     </span>
     <span class='ocr_line' id='line_1_31' title="bbox 64 2750 1020 2833; baseline -0.001 -21"><span class='ocrx_word' id='word_1_232' title='bbox 64 2757 203 2833; x_wconf 82' lang='lat' dir='ltr'>icguante</span> <span class='ocrx_word' id='word_1_233' title='bbox 217 2776 288 2833; x_wconf 81' lang='lat' dir='ltr'>ergo</span> <span class='ocrx_word' id='word_1_234' title='bbox 301 2753 417 2818; x_wconf 87' lang='lat' dir='ltr'>Herode</span> <span class='ocrx_word' id='word_1_235' title='bbox 431 2755 462 2808; x_wconf 88' lang='lat' dir='ltr'>in</span> <span class='ocrx_word' id='word_1_236' title='bbox 475 2752 591 2823; x_wconf 84' lang='lat' dir='ltr'>Iudaea,</span> <span class='ocrx_word' id='word_1_237' title='bbox 607 2751 680 2826; x_wconf 90' lang='lat' dir='ltr'>apud</span> <span class='ocrx_word' id='word_1_238' title='bbox 695 2750 840 2824; x_wconf 81' lang='lat' dir='ltr'>Romanos</span> <span class='ocrx_word' id='word_1_239' title='bbox 854 2763 951 2813; x_wconf 86' lang='lat' dir='ltr'>autem</span> <span class='ocrx_word' id='word_1_240' title='bbox 964 2759 1020 2814; x_wconf 87' lang='lat' dir='ltr'>iem</span> 
     </span>
     <span class='ocr_line' id='line_1_32' title="bbox 64 2833 1021 2912; baseline 0 -18"><span class='ocrx_word' id='word_1_241' title='bbox 64 2847 106 2894; x_wconf 79' lang='lat' dir='ltr'>rto</span> <span class='ocrx_word' id='word_1_242' title='bbox 124 2838 300 2912; x_wconf 84' lang='lat' dir='ltr'>reipublicae</span> <span class='ocrx_word' id='word_1_243' title='bbox 319 2845 415 2906; x_wconf 80' lang='lat' dir='ltr'>statu,</span> <span class='ocrx_word' id='word_1_244' title='bbox 441 2837 601 2909; x_wconf 81' lang='lat' dir='ltr'>imperante</span> <span class='ocrx_word' id='word_1_245' title='bbox 618 2833 741 2890; x_wconf 78' lang='lat' dir='ltr'>Caesare</span> <span class='ocrx_word' id='word_1_246' title='bbox 754 2834 909 2912; x_wconf 77' lang='lat' dir='ltr'>Augusto,</span> <span class='ocrx_word' id='word_1_247' title='bbox 928 2847 957 2892; x_wconf 90' lang='lat' dir='ltr'>et</span> <span class='ocrx_word' id='word_1_248' title='bbox 969 2857 1021 2912; x_wconf 87' lang='lat' dir='ltr'>per</span> 
     </span>
     <span class='ocr_line' id='line_1_33' title="bbox 87 2916 1022 2994; baseline -0.001 -19"><span class='ocrx_word' id='word_1_249' title='bbox 87 2921 157 2976; x_wconf 78' lang='lat' dir='ltr'>orlre</span> <span class='ocrx_word' id='word_1_250' title='bbox 178 2929 295 2994; x_wconf 89' lang='lat' dir='ltr'>pacato,</span> <span class='ocrx_word' id='word_1_251' title='bbox 319 2928 405 2974; x_wconf 83' lang='lat' dir='ltr'>natus</span> <span class='ocrx_word' id='word_1_252' title='bbox 425 2927 470 2972; x_wconf 86' lang='lat' dir='ltr'>cst</span> <span class='ocrx_word' id='word_1_253' title='bbox 482 2916 611 2974; x_wconf 81' lang='lat' dir='ltr'>Christus</span> <span class='ocrx_word' id='word_1_254' title='bbox 626 2916 784 2974; x_wconf 78' lang='lat' dir='ltr'>secundum</span> <span class='ocrx_word' id='word_1_255' title='bbox 803 2918 1022 2994; x_wconf 81' lang='lat' dir='ltr'>praecedentem</span> 
     </span>
     <span class='ocr_line' id='line_1_34' title="bbox 64 2996 1021 3069; baseline 0.003 -16"><span class='ocrx_word' id='word_1_256' title='bbox 64 2999 173 3057; x_wconf 73' lang='lat' dir='ltr'>metium</span> <span class='ocrx_word' id='word_1_257' title='bbox 186 3003 217 3056; x_wconf 90' lang='lat' dir='ltr'>iu</span> <span class='ocrx_word' id='word_1_258' title='bbox 231 2996 381 3068; x_wconf 82' lang='lat' dir='ltr'>Bethleem</span> <span class='ocrx_word' id='word_1_259' title='bbox 390 2998 493 3069; x_wconf 85' lang='lat' dir='ltr'>Iudae,</span> <span class='ocrx_word' id='word_1_260' title='bbox 502 2997 587 3054; x_wconf 89' lang='lat' dir='ltr'>homo</span> <span class='ocrx_word' id='word_1_261' title='bbox 599 2999 769 3054; x_wconf 78' lang='lat' dir='ltr'>manifestus</span> <span class='ocrx_word' id='word_1_262' title='bbox 784 3018 821 3062; x_wconf 85' lang='lat' dir='ltr'>ex</span> <span class='ocrx_word' id='word_1_263' title='bbox 833 2999 948 3056; x_wconf 88' lang='lat' dir='ltr'>homine</span> <span class='ocrx_word' id='word_1_264' title='bbox 958 3002 1021 3058; x_wconf 31' lang='lat' dir='ltr'>,rir-</span> 
     </span>
     <span class='ocr_line' id='line_1_35' title="bbox 64 3078 1020 3156; baseline 0.001 -20"><span class='ocrx_word' id='word_1_265' title='bbox 64 3111 82 3155; x_wconf 58' lang='lat' dir='ltr'>r,</span> <span class='ocrx_word' id='word_1_266' title='bbox 99 3083 182 3140; x_wconf 79' lang='lat' dir='ltr'>Deus</span> <span class='ocrx_word' id='word_1_267' title='bbox 196 3083 326 3139; x_wconf 83' lang='lat' dir='ltr'>occultus</span> <span class='ocrx_word' id='word_1_268' title='bbox 341 3099 378 3138; x_wconf 83' lang='lat' dir='ltr'>ex</span> <span class='ocrx_word' id='word_1_269' title='bbox 390 3080 454 3137; x_wconf 88' lang='lat' dir='ltr'>Deo</span> <span class='ocrx_word' id='word_1_270' title='bbox 467 3081 562 3136; x_wconf 90' lang='lat' dir='ltr'>Patre.</span> <span class='ocrx_word' id='word_1_271' title='bbox 598 3078 648 3135; x_wconf 81' lang='lat' dir='ltr'>Sic</span> <span class='ocrx_word' id='word_1_272' title='bbox 661 3081 738 3136; x_wconf 88' lang='lat' dir='ltr'>enim</span> <span class='ocrx_word' id='word_1_273' title='bbox 751 3080 895 3154; x_wconf 86' lang='lat' dir='ltr'>Propheta</span> <span class='ocrx_word' id='word_1_274' title='bbox 907 3083 1020 3156; x_wconf 63' lang='lat' dir='ltr'>praedi÷</span> 
     </span>
     <span class='ocr_line' id='line_1_36' title="bbox 64 3162 1021 3238; baseline -0.002 -16"><span class='ocrx_word' id='word_1_275' title='bbox 64 3177 94 3222; x_wconf 50' lang='lat' dir='ltr'>rt:</span> <span class='ocrx_word' id='word_1_276' title='bbox 120 3164 297 3238; x_wconf 58' lang='lat' dir='ltr'>Eceeeirgo</span> <span class='ocrx_word' id='word_1_277' title='bbox 311 3165 341 3221; x_wconf 82' lang='lat' dir='ltr'>in</span> <span class='ocrx_word' id='word_1_278' title='bbox 355 3174 439 3229; x_wconf 78' lang='lat' dir='ltr'>utero</span> <span class='ocrx_word' id='word_1_279' title='bbox 453 3164 606 3238; x_wconf 79' lang='lat' dir='ltr'>concipiet,</span> <span class='ocrx_word' id='word_1_280' title='bbox 623 3172 651 3217; x_wconf 85' lang='lat' dir='ltr'>et</span> <span class='ocrx_word' id='word_1_281' title='bbox 658 3165 764 3237; x_wconf 81' lang='lat' dir='ltr'>pariet</span> <span class='ocrx_word' id='word_1_282' title='bbox 770 3162 880 3234; x_wconf 79' lang='lat' dir='ltr'>filium,</span> <span class='ocrx_word' id='word_1_283' title='bbox 895 3173 924 3220; x_wconf 83' lang='lat' dir='ltr'>et</span> <span class='ocrx_word' id='word_1_284' title='bbox 934 3182 1021 3220; x_wconf 85' lang='lat' dir='ltr'>oocu-</span> 
     </span>
     <span class='ocr_line' id='line_1_37' title="bbox 64 3242 1023 3318; baseline -0.004 -14"><span class='ocrx_word' id='word_1_285' title='bbox 64 3265 182 3304; x_wconf 51' lang='lat' dir='ltr'>*nomea</span> <span class='ocrx_word' id='word_1_286' title='bbox 196 3248 258 3302; x_wconf 83' lang='lat' dir='ltr'>eiua</span> <span class='ocrx_word' id='word_1_287' title='bbox 271 3243 450 3316; x_wconf 80' lang='lat' dir='ltr'>Encmuaoel,</span> <span class='ocrx_word' id='word_1_288' title='bbox 464 3245 540 3318; x_wconf 72' lang='lat' dir='ltr'>quod</span> <span class='ocrx_word' id='word_1_289' title='bbox 553 3253 598 3299; x_wconf 81' lang='lat' dir='ltr'>eat</span> <span class='ocrx_word' id='word_1_290' title='bbox 612 3244 856 3318; x_wconf 79' lang='lat' dir='ltr'>interpretatum,</span> <span class='ocrx_word' id='word_1_291' title='bbox 869 3242 1023 3302; x_wconf 76' lang='lat' dir='ltr'>Nobiscum</span> 
     </span>
     <span class='ocr_line' id='line_1_38' title="bbox 64 3323 1025 3402; baseline -0.004 -16"><span class='ocrx_word' id='word_1_292' title='bbox 64 3347 87 3386; x_wconf 80' lang='lat' dir='ltr'>o.</span> <span class='ocrx_word' id='word_1_293' title='bbox 130 3329 190 3392; x_wconf 74' lang='lat' dir='ltr'>Qui</span> <span class='ocrx_word' id='word_1_294' title='bbox 203 3336 235 3382; x_wconf 89' lang='lat' dir='ltr'>ut</span> <span class='ocrx_word' id='word_1_295' title='bbox 249 3329 279 3382; x_wconf 89' lang='lat' dir='ltr'>in</span> <span class='ocrx_word' id='word_1_296' title='bbox 293 3345 323 3380; x_wconf 81' lang='lat' dir='ltr'>sc</span> <span class='ocrx_word' id='word_1_297' title='bbox 337 3325 550 3402; x_wconf 78' lang='lat' dir='ltr'>commendaret</span> <span class='ocrx_word' id='word_1_298' title='bbox 563 3323 668 3393; x_wconf 88' lang='lat' dir='ltr'>Deum,</span> <span class='ocrx_word' id='word_1_299' title='bbox 684 3326 823 3381; x_wconf 87' lang='lat' dir='ltr'>miracula</span> <span class='ocrx_word' id='word_1_300' title='bbox 834 3328 925 3382; x_wconf 91' lang='lat' dir='ltr'>multa</span> <span class='ocrx_word' id='word_1_301' title='bbox 938 3326 1025 3396; x_wconf 82' lang='lat' dir='ltr'>feeit3</span> 
     </span>
     <span class='ocr_line' id='line_1_39' title="bbox 66 3405 1025 3482; baseline -0.004 -16"><span class='ocrx_word' id='word_1_302' title='bbox 66 3411 154 3466; x_wconf 81' lang='lat' dir='ltr'>uibus</span> <span class='ocrx_word' id='word_1_303' title='bbox 169 3407 325 3482; x_wconf 83' lang='lat' dir='ltr'>quaedam,</span> <span class='ocrx_word' id='word_1_304' title='bbox 352 3416 491 3479; x_wconf 82' lang='lat' dir='ltr'>quantum</span> <span class='ocrx_word' id='word_1_305' title='bbox 504 3405 540 3461; x_wconf 90' lang='lat' dir='ltr'>ad</span> <span class='ocrx_word' id='word_1_306' title='bbox 554 3425 619 3460; x_wconf 90' lang='lat' dir='ltr'>cum</span> <span class='ocrx_word' id='word_1_307' title='bbox 638 3405 862 3479; x_wconf 86' lang='lat' dir='ltr'>praedicandum</span> <span class='ocrx_word' id='word_1_308' title='bbox 875 3410 945 3470; x_wconf 83' lang='lat' dir='ltr'>eatis</span> <span class='ocrx_word' id='word_1_309' title='bbox 960 3426 1025 3464; x_wconf 80' lang='lat' dir='ltr'>esse</span> 
     </span>
     <span class='ocr_line' id='line_1_40' title="bbox 64 3479 1026 3564; baseline -0.005 -14"><span class='ocrx_word' id='word_1_310' title='bbox 64 3479 91 3550; x_wconf 86' lang='lat' dir='ltr'><strong>m</strong></span> <span class='ocrx_word' id='word_1_311' title='bbox 107 3499 165 3560; x_wconf 80' lang='lat' dir='ltr'>eat,</span> <span class='ocrx_word' id='word_1_312' title='bbox 180 3490 323 3562; x_wconf 77' lang='lat' dir='ltr'>scriptura</span> <span class='ocrx_word' id='word_1_313' title='bbox 336 3485 514 3564; x_wconf 74' lang='lat' dir='ltr'>Euangeliou</span> <span class='ocrx_word' id='word_1_314' title='bbox 528 3489 667 3560; x_wconf 87' lang='lat' dir='ltr'>eontinet.</span> <span class='ocrx_word' id='word_1_315' title='bbox 703 3487 832 3554; x_wconf 76' lang='lat' dir='ltr'>Quorum</span> <span class='ocrx_word' id='word_1_316' title='bbox 844 3491 967 3561; x_wconf 88' lang='lat' dir='ltr'>primum</span> <span class='ocrx_word' id='word_1_317' title='bbox 981 3499 1026 3545; x_wconf 82' lang='lat' dir='ltr'>eat</span> 
     </span>
     <span class='ocr_line' id='line_1_41' title="bbox 64 3570 1025 3643; baseline 0 -16"><span class='ocrx_word' id='word_1_318' title='bbox 64 3570 335 3632; x_wconf 78' lang='lat' dir='ltr'>item-mirabiliter</span> <span class='ocrx_word' id='word_1_319' title='bbox 348 3577 433 3624; x_wconf 87' lang='lat' dir='ltr'>natus</span> <span class='ocrx_word' id='word_1_320' title='bbox 448 3578 506 3623; x_wconf 85' lang='lat' dir='ltr'>est:</span> <span class='ocrx_word' id='word_1_321' title='bbox 534 3571 665 3624; x_wconf 89' lang='lat' dir='ltr'>ultimum</span> <span class='ocrx_word' id='word_1_322' title='bbox 681 3576 788 3640; x_wconf 85' lang='lat' dir='ltr'>auteur,</span> <span class='ocrx_word' id='word_1_323' title='bbox 808 3570 882 3643; x_wconf 89' lang='lat' dir='ltr'>quod</span> <span class='ocrx_word' id='word_1_324' title='bbox 897 3588 961 3626; x_wconf 88' lang='lat' dir='ltr'>cum</span> <span class='ocrx_word' id='word_1_325' title='bbox 973 3590 1025 3627; x_wconf 84' lang='lat' dir='ltr'>ouo</span> 
     </span>
     <span class='ocr_line' id='line_1_42' title="bbox 64 3649 1021 3724; baseline -0.006 -12"><span class='ocrx_word' id='word_1_326' title='bbox 64 3657 174 3712; x_wconf 83' lang='lat' dir='ltr'>ocitato</span> <span class='ocrx_word' id='word_1_327' title='bbox 189 3669 207 3706; x_wconf 90' lang='lat' dir='ltr'>a</span> <span class='ocrx_word' id='word_1_328' title='bbox 219 3651 340 3707; x_wconf 87' lang='lat' dir='ltr'>mortuis</span> <span class='ocrx_word' id='word_1_329' title='bbox 355 3657 474 3724; x_wconf 83' lang='lat' dir='ltr'>corpore</span> <span class='ocrx_word' id='word_1_330' title='bbox 487 3649 637 3704; x_wconf 85' lang='lat' dir='ltr'>adscendit</span> <span class='ocrx_word' id='word_1_331' title='bbox 655 3650 687 3702; x_wconf 88' lang='lat' dir='ltr'>in</span> <span class='ocrx_word' id='word_1_332' title='bbox 707 3651 827 3717; x_wconf 81' lang='lat' dir='ltr'>eoelum.</span> <span class='ocrx_word' id='word_1_333' title='bbox 863 3650 1021 3708; x_wconf 76' lang='lat' dir='ltr'>ludaeiau·</span> 
     </span>
     <span class='ocr_line' id='line_1_43' title="bbox 64 3730 1026 3812; baseline -0.003 -21"><span class='ocrx_word' id='word_1_334' title='bbox 64 3779 71 3810; x_wconf 89' lang='lat'>,</span> <span class='ocrx_word' id='word_1_335' title='bbox 97 3737 148 3812; x_wconf 83' lang='lat' dir='ltr'>qui</span> <span class='ocrx_word' id='word_1_336' title='bbox 163 3751 229 3787; x_wconf 90' lang='lat' dir='ltr'>euru</span> <span class='ocrx_word' id='word_1_337' title='bbox 244 3730 429 3806; x_wconf 84' lang='lat' dir='ltr'>occiderunt,</span> <span class='ocrx_word' id='word_1_338' title='bbox 453 3741 482 3786; x_wconf 89' lang='lat' dir='ltr'>et</span> <span class='ocrx_word' id='word_1_339' title='bbox 501 3733 531 3786; x_wconf 90' lang='lat' dir='ltr'>in</span> <span class='ocrx_word' id='word_1_340' title='bbox 546 3750 611 3785; x_wconf 91' lang='lat' dir='ltr'>eum</span> <span class='ocrx_word' id='word_1_341' title='bbox 630 3730 748 3796; x_wconf 84' lang='lat' dir='ltr'>¹credere</span> <span class='ocrx_word' id='word_1_342' title='bbox 762 3733 932 3804; x_wconf 78' lang='lat' dir='ltr'>noluerunt,</span> <span class='ocrx_word' id='word_1_343' title='bbox 958 3734 1026 3809; x_wconf 84' lang='lat' dir='ltr'>quia</span> 
     </span>
     <span class='ocr_line' id='line_1_44' title="bbox 64 3811 1026 3888; baseline -0.006 -11"><span class='ocrx_word' id='word_1_344' title='bbox 64 3821 154 3877; x_wconf 81' lang='lat' dir='ltr'>tebet</span> <span class='ocrx_word' id='word_1_345' title='bbox 169 3831 236 3870; x_wconf 91' lang='lat' dir='ltr'>eum</span> <span class='ocrx_word' id='word_1_346' title='bbox 250 3813 324 3866; x_wconf 89' lang='lat' dir='ltr'>mori</span> <span class='ocrx_word' id='word_1_347' title='bbox 337 3821 367 3866; x_wconf 90' lang='lat' dir='ltr'>ct</span> <span class='ocrx_word' id='word_1_348' title='bbox 380 3831 545 3888; x_wconf 80' lang='lat' dir='ltr'>resurgere,</span> <span class='ocrx_word' id='word_1_349' title='bbox 568 3813 674 3868; x_wconf 78' lang='lat' dir='ltr'>vastati</span> <span class='ocrx_word' id='word_1_350' title='bbox 687 3811 834 3867; x_wconf 81' lang='lat' dir='ltr'>infelicius</span> <span class='ocrx_word' id='word_1_351' title='bbox 850 3831 865 3866; x_wconf 87' lang='lat' dir='ltr'>a</span> <span class='ocrx_word' id='word_1_352' title='bbox 878 3811 1026 3884; x_wconf 80' lang='lat' dir='ltr'>Romanis,</span> 
     </span>
    </p>
   </div>
   <div class='ocr_carea' id='block_1_3' title="bbox 0 0 1166 4306">
    <p class='ocr_par' dir='ltr' id='par_1_3' title="bbox 0 0 1166 4306">
     <span class='ocr_line' id='line_1_45' title="bbox 0 0 1166 4306; baseline 0 0"><span class='ocrx_word' id='word_1_353' title='bbox 0 0 1166 4306; x_wconf 95' lang='lat' dir='ltr'> </span> 
     </span>
    </p>
   </div>
  </div>
 </body>
</html>
