2340 4320
278 185 337 249 DE
360 189 577 250 01V1Ttlu
600 189 680 250 DEI
701 191 781 250 LIB.
804 195 864 252 Ill.
1036 142 1093 262 'ee

58 344 101 402 dit
114 343 256 413 saevivit,
269 359 359 416 quatu
371 342 477 398 multos
490 315 637 414 peremit?
665 307 746 410 Quae
760 363 825 400 eunt
838 346 869 400 in
884 363 993 402 annunt
1005 351 1093 406 elitun

55 429 140 481 multo
154 426 282 502 gravius
292 423 480 499 tenderetur,
492 425 602 481 frustra
614 436 770 499 praesente
783 426 968 502 Aesculapio,
982 431 1093 488 editum

55 518 98 563 est
109 507 145 562 ad
158 509 253 563 libros
268 504 443 579 Sibyllinos.
485 506 519 562 Iu
533 525 589 582 quo
603 525 713 584 genere
726 511 927 580 oraculorum,
954 512 1030 571 sieut
1044 513 1091 570 ct.

57 609 119 646 cero
132 592 165 645 ln
177 590 265 644 llbris
280 587 518 646 dsDivInatiouc
531 597 748 660 conmemorat,
762 593 856 667 magis
870 593 1092 666 interpretibus,

54 683 86 726 ut
98 681 224 746 possunt
239 689 295 726 seu
307 671 415 727 volunt
424 670 514 732 'dubie
527 672 777 740 coniectantibus,
804 674 885 732 credi
899 676 983 730 eolet.
1008 673 1094 734 Tune

58 771 123 832 ergo
138 754 252 809 dietum
265 761 314 808 est
327 771 393 807 eam
407 771 472 808 esse
486 747 603 809 eausam
625 756 825 826 pestilentiae,
851 755 928 830 qued
952 757 1093 830 plurimas

58 837 138 912 sedes
152 853 254 908 sacras
269 835 357 889 multi
383 846 541 912 occupatas
566 837 704 909 privatim
728 846 878 894 tenerent:
906 840 948 894 sie
974 840 1095 900 interint

60 936 189 995 abiegno
203 917 374 991 imperitiae
392 919 441 972 vel
458 917 589 973 desidiae
602 919 725 974 erimine
737 919 951 1000 Aeseulapius
953 920 1093 980 liberatus

62 1000 236 1056 eetVnde
250 1009 354 1054 autem
366 1018 384 1054 a
398 1001 499 1056 multis
513 999 599 1055 aedes
613 1002 681 1056 illae
694 1001 813 1058 fuerant
836 1013 1011 1075 occupatae,
1039 1022 1093 1060 ne-

60 1085 134 1138 ruine
145 1081 343 1157 prohibente,
368 1083 508 1156 nisiquia
517 1091 619 1138 tantae
632 1084 785 1152 numinum
798 1085 901 1140 turbae
919 1085 968 1140 diu
981 1069 1096 1142 frustra

40 1215 47 1218 .
61 1165 151 1220 luerat
163 1165 379 1238 supplicatum;
393 1173 481 1237 atque
493 1166 535 1220 ita
547 1165 688 1237 paulatim
699 1167 764 1220 loea
777 1166 989 1224 deserebantur
1002 1186 1019 1224 a
1032 1171 1093 1224 eul-

59 1249 181 1316 toribus,
210 1256 245 1302 ut
258 1255 403 1319 tanquam
414 1241 509 1302 vacua
521 1249 586 1302 sine
600 1249 687 1305 ullius
708 1244 869 1304 offensione
894 1258 1016 1321 possent
1039 1248 1094 1307 hu-

59 1332 147 1386 manis
171 1331 281 1386 saltem
303 1329 407 1384 usibus
426 1324 593 1390 vindicari?
636 1328 712 1390 Nem
724 1348 797 1404 quae
812 1340 882 1388 tune
895 1333 978 1388 velut
996 1331 1033 1386 ad
1048 1351 1095 1388 se-

61 1412 177 1468 dandam
191 1411 397 1485 pestilentiam
417 1410 575 1488 dilIgenter
600 1413 726 1484 repetita
748 1420 835 1487 atque
860 1423 1014 1486 reparate,
1038 1417 1097 1472 uisi

62 1505 155 1566 postes
168 1491 376 1548 eodemmodo
404 1494 541 1569 neglecta
566 1501 652 1568 atque
679 1505 821 1566 usurpata
844 1495 1012 1565 latitarent,
1036 1516 1097 1553 non

65 1578 155 1649 utique
168 1593 300 1652 magnae
312 1576 438 1648 peritiae
452 1573 591 1631 Varronis
605 1576 802 1645 tribueretur,
827 1577 903 1649 quod
916 1578 1048 1642 scribens
1061 1578 1097 1634 de

66 1657 173 1713 seddus
187 1658 285 1712 saeris
299 1665 362 1712 tem
373 1658 486 1712 multa
478 1666 620 1732 rgnorota
630 1665 846 1713 commemoret.
891 1655 950 1714 Sed
966 1662 1058 1714 tuno
1050 1679 1097 1716 ru·

65 1741 140 1794 terim
152 1743 286 1816 elegans
294 1757 364 1796 non
370 1740 555 1811 pestilentiae
570 1739 719 1857 depulsio,
745 1738 797 1798 scd
810 1737 932 1798 deerunt
946 1744 1097 1800 excusatio

63 1833 210 1895 procurata
224 1830 282 1880 est

418 1969 487 2027 CA
513 1969 545 2027 P
588 1968 746 2028 XVIII.

67 2065 184 2130 Quantae
194 2067 287 2119 clades
297 2055 433 2120 Rutenos
442 2067 491 2117 sab
500 2067 575 2118 bellis
585 2066 699 2118 Punicis
710 2066 852 2131 triverint,
867 2067 982 2137 frustra
994 2068 1057 2120 deos·
1059 2083 1102 2120 ιιιιι

435 2134 580 2202 praesideis
593 2135 729 2202 expetitis.

121 2239 183 2296 Iam
199 2259 273 2298 raro
291 2239 414 2297 Punicis
428 2241 529 2310 bellis,
544 2259 610 2296 euin
623 2242 703 2295 iuter
715 2250 871 2316 utrumque
887 2217 1042 2318 imperium
1055 2246 1101 2300 vi-

67 2326 152 2379 ctoria
167 2325 221 2379 diu
235 2339 348 2397 anceps
361 2333 449 2398 atque
461 2325 577 2378 ineerta
593 2322 750 2396 penderet,
776 2325 933 2397 populique
947 2324 1004 2380 duo
1016 2343 1101 2398 prae·

65 2406 149 2463 validi
162 2407 295 2479 impetus
309 2408 341 2461 in
355 2408 529 2462 alterutrum
546 2405 723 2460 fortissimos
737 2414 768 2460 et
781 2406 1017 2478 opulentissimos
1030 2425 1101 2483 age-

66 2498 142 2552 rent,
170 2498 245 2562 quot
259 2489 419 2543 ndnutiora
432 2503 527 2562 regna
546 2487 674 2542 corrtrita
688 2483 775 2541 eunti
802 2503 875 2561 quae
888 2488 976 2542 urbes
990 2491 1102 2562 amplae

66 2571 232 2643 nobilesque
243 2569 370 2639 deletae,
384 2577 456 2642 quot
465 2566 602 2637 afflictae,
617 2576 688 2641 quet
700 2567 832 2640 perditae
845 2567 1002 2627 eititetcs'l
1016 2589 1102 2644 quant

66 2654 146 2728 louge
160 2655 282 2724 lateque
296 2659 342 2707 tot
355 2650 493 2726 regiones
507 2657 660 2722 terraeque
684 2658 816 2712 vastatae
843 2648 936 2706 suntl
975 2653 1101 2718 Quoties
1141 2667 1142 2670 ’

66 2736 130 2790 vieti
142 2733 214 2789 binc
229 2742 322 2806 atque
342 2728 570 2788 iude-vietoresl
598 2731 669 2805 quid
681 2729 834 2787 hominum
847 2743 1031 2790 oeusurutum
1045 2743 1101 2804 est,

66 2818 108 2869 ael
122 2817 325 2892 pugnantium
336 2815 494 2896 “militum,
516 2815 566 2870 vel
578 2813 614 2868 ab
625 2815 717 2876 armis
729 2816 897 2870 vacantium
909 2812 1101 2889 populeruml

68 2899 177 2962 Quanta
191 2897 239 2954 ris
254 2898 375 2952 navium
388 2897 508 2952 ιιιιιιίιιίι
523 2897 612 2950 etiam
624 2897 743 2968 proeliis
757 2915 911 2970 oppressa,
926 2907 957 2952 at
970 2897 1101 2953 diverso-

68 2997 124 3035 ιιιιι
134 2978 507 3053 ιιιιιιριιιιιιτιιιιιιιιιίοῐαιι
522 2977 672 3032 submersa
686 2973 752 3033 esti
772 2975 806 3032 Si
817 2997 955 3034 enarrare
964 2981 1014 3036 vel
1023 2999 1101 3056 eoru·

69 3079 223 3118 uemorare
239 3077 398 3129 conemur,
421 3059 495 3118 nihil
509 3059 687 3132 aliudrquam
700 3062 859 3132 scriptores
873 3063 962 3116 etiam
974 3079 1028 3118 nos
1044 3063 1103 3130 eri-

68 3159 121 3199 ιιιιιι
146 3144 305 3200 historiae.
350 3140 436 3196 Tune
449 3157 556 3217 magno
569 3149 649 3196 meto
661 3142 830 3213 perturbata
843 3141 974 3200 Romana
998 3143 1102 3197 ciuitas

68 3225 96 3280 ad
108 3227 241 3283 remedia
254 3241 336 3280 vene
350 3231 381 3277 et
392 3221 514 3278 ridenda
528 3223 673 3278 currebat.
694 3222 854 3280 Instaurati
862 3233 936 3279 ‘sunt
949 3241 987 3278 cx
1000 3231 1103 3278 aucto-

66 3309 144 3365 ritate
157 3310 308 3365 librorum
322 3299 535 3377 Sibyllinorum
546 3304 607 3360 Iudi
621 3305 806 3376 saeculares,
832 3323 957 3379 querum
980 3299 1103 3360 celebri-

67 3399 104 3445 tas
115 3393 195 3448 inter
210 3397 339 3448 eentum
351 3403 448 3441 annos
462 3386 560 3441 fuerat
571 3387 727 3456 instituta,
741 3388 978 3459 felicioribusque
992 3394 1104 3457 tempe-

67 3473 136 3530 ribue
147 3473 300 3530 memoria
312 3468 487 3544 negligente
498 3469 636 3541 perierat.
662 3521 663 3524 ,
679 3466 871 3524 Renovarunt
894 3469 981 3520 etiem
1006 3470 1104 3538 ponti-

67 3552 125 3610 iees
138 3557 224 3613 ludos
240 3567 352 3608 sacros
367 3549 483 3618 inferis,
497 3561 527 3605 et
539 3553 619 3623 ipsos
633 3550 755 3607 abolitos
769 3551 855 3608 anuis
869 3557 1032 3603 retrorsum
1044 3567 1106 3602 rne-
1145 3603 1146 3608 ,

68 3633 180 3695 bonius.
228 3634 393 3692 NImir-um
419 3631 495 3685 euim
520 3631 635 3706 quando
657 3633 793 3694 renovati
817 3639 901 3699 sunt,
927 3636 1011 3686 tanta
1024 3631 1108 3702 eopia

69 3722 246 3779 merientium
262 3715 385 3770 ditatos
399 3710 509 3792 inlesos
523 3714 612 3775 etiam
625 3713 725 3771 ludere
742 3711 918 3766 delectabat:
946 3727 1012 3764 cum
1036 3727 1104 3781 pro

71 3797 126 3860 lecto
142 3801 258 3862 miseri
273 3791 442 3906 homiues
434 3809 495 3865 lpse
508 3783 608 3852 rabida
621 3795 696 3852 bella
711 3803 740 3848 et
754 3801 890 3847 cruentas
904 3790 1107 3846 enlmositates
