2362 4312
130 153 132 156 ⁵
183 191 240 250 nn
261 157 484 251 crvrrnr'n
509 191 585 250 nm
615 193 695 250 nm.
720 194 781 250 ru.
955 207 1011 280 pq

84 361 134 417 que
149 344 306 401 vivendum
320 341 386 400 esti
414 342 476 400 Nee
494 345 526 400 in
546 342 615 400 deos
636 363 738 401 eorum
755 343 940 405 horribiliora
957 368 1010 408 nos

84 445 112 495 is,
132 443 217 500 quam
229 445 335 484 eorum
349 417 514 483 identideni
527 435 663 500 auetores
678 445 753 502 quies
765 429 871 505 legunt
884 440 914 486 et
926 443 1015 503 prae-'

84 527 91 563 :
115 508 354 583 qsranrloquidem
374 519 405 565 et
424 527 461 564 ex
478 511 549 580 ipsis
569 526 643 583 quae
657 507 820 568 diceremus
834 514 1010 586 accepimus,

84 609 99 646 o
112 590 198 646 modo
213 593 325 662 dicere,
337 593 387 648 rel
399 594 480 662 talia,
494 593 542 646 vel
556 599 662 648 euneta
675 590 844 648 sufficimus.

643 669 734 746 (iel
751 673 834 732 cAP.
850 672 970 751 XVII.)

84 757 90 810 i
109 764 195 812 erent
215 774 288 832 ergo
306 756 353 810 illi
372 754 428 826 dii,
456 755 506 828 qui
524 764 642 828 propter
662 757 801 832 exiguam
820 758 1011 832 fallacemque

84 837 178 892 nundi
199 837 376 892 felicitatem
399 836 515 894 eolendi
529 835 762 914 „existimantem
789 858 854 894 eum
872 838 1010 912 Romani,

85 937 115 974 re
131 919 272 975 eolendos
282 919 510 974 mendacissima
520 921 628 976 astutia
639 919 842 991 venditabant,
856 923 947 978 tantis
960 941 1008 978 ee-

84 1001 148 1056 ibus
163 997 369 1057 vexarentur?
387 1000 452 1058 'Vbi
465 1011 560 1071 erant,
578 1001 693 1075 quando
707 999 842 1060 Valerius
857 1006 961 1060 consul
973 1006 1009 1066 ab

84 1101 119 1137 us
134 1092 165 1138 et
178 1085 275 1139 servis
290 1081 447 1140 ineensum
460 1082 633 1156 Capitolium
647 1103 712 1142 eum
726 1082 908 1155 defensaret,
927 1088 1008 1142 oeoi-

85 1161 98 1218 f
118 1164 322 1238 'Faciliusque
335 1166 398 1239 ipse
411 1164 548 1240 prodesse
561 1168 658 1238 potnit
672 1167 738 1224 aedi
750 1166 839 1238 loris,
866 1171 1008 1242 quantilli

84 1249 287 1302 utnuminum
300 1265 368 1302 eurn
382 1265 436 1303 suo
449 1249 577 1305 maxirno
590 1258 678 1324 atque
692 1252 803 1323 optimo
815 1268 898 1326 rege,
924 1251 1007 1306 euius

84 1347 109 1383 m
121 1330 315 1398 liberaverat,
330 1329 496 1386 subvenire.
515 1328 570 1385 Vbi
583 1341 678 1402 erent,
691 1332 809 1407 quando
823 1331 1006 1390 densissimis

84 1430 91 1466 ι
105 1413 214 1466 eivitas
229 1411 412 1466 seditionum
424 1413 507 1467 malis
516 1451 531 1480 ‚.
553 1431 620 1470 eum
632 1415 746 1488 legatos
758 1410 889 1472 Athenas
901 1415 1006 1469 missos

84 1492 290 1548 smutuandas
304 1494 455 1568 paululum
467 1495 565 1564 quieto
579 1495 754 1566 operiretur,
768 1497 853 1570 gravi
866 1495 1005 1569 fame-pe-

84 1592 157 1648 sque
184 1583 304 1631 vastata
330 1571 394 1629 esti
420 1571 474 1628 Vbi
488 1581 588 1642 erant,
613 1573 730 1647 quando
749 1593 851 1630 rursus
870 1579 1026 1648 populus,'

84 1675 127 1710 me
139 1657 305 1725 laboraret,
323 1653 506 1726 praefectum
520 1673 656 1712 annonae
669 1658 796 1728 primum
809 1659 936 1728 creavit,
961 1668 1006 1714 at-

84 1737 180 1793 rfame
194 1739 409 1808 invalescente,
423 1735 550 1810 Spurius
563 1735 687 1808 Melius,
709 1739 761 1812 qui
775 1739 918 1794 esurienti
930 1741 1006 1794 mul·
1037 1741 1044 1778 ῗ

84 1820 256 1876 ifrumenta
269 1821 466 1895 largituaest,
484 1820 572 1896 regni
589 1816 719 1876 affeetnti
739 1821 852 1874 erimen
869 1820 1007 1890 ineurrit,

84 1901 307 1975 lem·praefeeti
319 1903 460 1958 instantia
478 1919 530 1974 per
549 1901 723 1958 dictatorem
736 1900 770 1958 L.
784 1901 939 1972 Quintium
957 1919 1006 1956 ae-

84 1986 247 2056 erepiturn,
267 2002 285 2038 a
298 1984 414 2049 Quinto*
423 1982 550 2040 Servilio
564 1985 706 2062 magistro
716 1975 852 2059 'equitum
866 2001 932 2040 euni
944 2001 1006 2038 ma-

84 2076 104 2122 :t
129 2067 392 2140 periculosissime
411 2068 537 2124 tumultu
564 2059 693 2124 civitatib
720 2068 840 2126 oeeisus.
861 2059 925 2123 esti
951 2063 1008 2122 Vbi

96 2147 216 2224 quando
229 2149 400 2222 pestilentie
413 2150 540 2206 maxima
560 2158 665 2204 exerta
690 2149 747 2214 diis
772 2149 926 2216 inutilibus
940 2148 1012 2202 sine¹
1079 2199 1096 2208 ,.

84 2249 95 2286 s
115 2233 245 2305 populus
264 2231 315 2286 diu
325 2231 515 2308 multumque
538 2231 681 2308 fatigatae
693 2227 696 2232 ’
708 2249 785 2292 nova
798 2229 1005 2300 Leetisternia,

84 2331 215 2387 anquam
227 2321 316 2368 antea
329 2311 466 2384 fecerat,
476 2313 639 2374 exhibenda
657 2314 815 2372 arbitratus
831 2309 894 2368 esti
916 2311 1005 2366 ¹Lecti

84 2396 292 2450 sternebantur
305 2392 493 2452 inhonorem
506 2394 643 2466 deorum,
668 2396 746 2452 unde
758 2393 814 2452 hoe
828 2412 943 2458 eaerum
957 2395 1005 2450 uel

84 2479 270 2554 saerilegium
284 2495 391 2534 nomen
405 2479 526 2550 aceepit.
564 2476 621 2534 Vbi
635 2487 734 2549 erant,
757 2476 873 2554 quando
887 2494 939 2550 per
953 2474 1002 2528 de-

84 2561 317 2622 minues-annos
331 2561 406 2620 male
419 2550 579 2636 pugnando
596 2561 712 2616 crebras
727 2568 757 2614 et
770 2576 892 2635 magnas
907 2555 1003 2612 elades

84 2643 147 2696 aios
162 2642 315 2696 exereitus
331 2635 482 2700 Romanus
497 2651 661 2715 acceperat,
676 2642 736 2698 nisi
748 2659 801 2714 per
812 2640 935 2696 Furium
949 2637 1003 2696 ca-

89 2721 212 2779 tandem
227 2723 451 2794 rurbveniretu-r,
480 2741 567 2797 quem
585 2733 688 2798 postea
702 2725 805 2779 eivitas
820 2723 939 2809 ingrata
954 2720 1003 2776 da·

84 2802 95 2860 i
124 2805 183 2861 Vbi
196 2814 297 2875 erant,
317 2803 528 2878 quandossalli
541 2803 664 2862 Romam
675 2798 839 2879 oeperunt,
858 2804 1003 2876 spoliare-

84 2886 283 2956 neenderunt,
302 2887 439 2944 caedibus
453 2883 669 2962 impleverunti
696 2886 810 2960 Vbique
823 2893 918 2958 erant,
937 2901 1003 2939 eum
1054 2931 1057 2934 .

84 2971 159 3046 gnis
172 2965 420 3042 pestilentiorem
433 2970 585 3047 ingentem
598 2977 727 3046 stragem
740 2968 830 3036 dedit,
845 2983 902 3040 qua
913 2975 943 3021 et
954 2966 1003 3019 ifle

84 3051 231 3109 Camillus
246 3051 413 3106 exstinetue
427 3062 483 3126 est,
510 3054 561 3127 qui
586 3053 794 3125 rempublicam
814 3051 961 3125 ingratam
975 3055 1004 3102 et

84 3133 170 3190 ltffiilfl
197 3142 267 3190 ante
294 3131 441 3202 defendit,
467 3144 497 3192 et
520 3134 556 3192 de
569 3134 668 3192 Gallia
692 3125 793 3206 postea
820 3124 1004 3188 vindicavit?

84 3216 253 3290 pestilentia
267 3215 402 3272 seenieos
415 3216 497 3274 ludos
512 3218 599 3274 aliam
609 3233 716 3278 novam
728 3223 850 3288 pestem,
864 3229 925 3272 nen
939 3227 1003 3266 eor-

97 3297 332 3365 Remanorum,
347 3295 414 3367 sed,
437 3298 514 3372 quod
528 3306 573 3352 est
585 3295 900 3376 multopernieiosius,
913 3293 1003 3346 rueri-

84 3381 223 3434 tulerunt.
268 3376 325 3432 Vbi
350 3388 448 3449 erant,
474 3376 589 3454 quando
602 3379 660 3434 alie
672 3377 841 3452 pestilentia
853 3374 954 3448 gravis
968 3372 1004 3428 do
1048 3445 1057 3460 .

84 3481 88 3514 r
100 3470 311 3516 matronarum
322 3467 424 3516 exerte
437 3455 548 3533 eredita
566 3469 629 3532 ert,
657 3453 791 3534 quarum,
805 3471 893 3527 supra
919 3453 1005 3510 fidene

84 3562 122 3598 nn
149 3551 242 3616 atque
267 3540 408 3598 nobilium
429 3561 525 3600 mores
551 3541 726 3618 deprehensi
738 3545 809 3598 sunt
821 3536 900 3590 ⁰le
914 3538 990 3608 pesti

84 3618 263 3702 gravioresi
307 3619 362 3678 Vel
376 3625 488 3696 quamlo
508 3626 539 3683 in
554 3623 699 3682 Caudinas
713 3618 845 3676 furculas
857 3621 874 3670 a
888 3614 1004 3674 Samni·

84 3707 172 3762 »sessi
185 3706 273 3760 ambe
299 3721 365 3758 eum
377 3709 507 3765 exercitu
532 3707 677 3775 eonsules,
690 3699 793 3756 faedus
806 3714 873 3762 cum
886 3699 1006 3762 elafda-

84 3807 143 3844 rere
158 3785 260 3843 eoaeti
275 3792 361 3855 suat3
373 3787 419 3846 ,ita
431 3799 464 3846 nt
477 3782 777 3864 equitibur'llemanis
792 3781 940 3842 sexeentis
955 3783 1006 3848 ob:
