2362 4312
32 284 34 288 s
120 237 160 295 ιι
241 201 244 206 ’
281 209 428 288 ”nrm
456 228 645 320 ιιιιιιιι
676 181 936 328 ιιιιιιιιιι

82 353 86 364 ‘
436 351 566 441 ona
619 376 829 440 xxxnn

211 464 255 518 De
265 461 339 518 uitiis
349 463 545 525 Bactranorum,
558 479 628 531 ,quos
635 464 745 530 patriae
760 461 812 520 non
823 463 941 536 correxit
952 464 1063 518 eversio.

184 555 211 612 0
225 564 339 612 mentes
355 560 497 624 amentes,
521 555 586 627 quis
600 562 646 609 est
657 552 704 608 hic
719 563 832 624 tantus,
846 573 907 610 non
920 561 1016 625 error,
1038 554 1090 610 sed
1102 555 1143 612 iu·

121 657 182 712 ror,
197 648 230 696 ut
242 638 367 694 exitium
376 644 518 707 vestrum,
532 630 623 712 (sicut
633 629 811 714 audivimus)
823 637 1031 714 plangentibus
1042 636 1143 696 Orien-

13 742 19 765 ·
102 718 105 724 ’
120 725 228 781 talibus
241 721 376 797 populis,
403 728 433 776 et
450 719 585 775 maximis
599 719 770 778 civitatibus
787 721 822 780 in,
838 721 1043 777 remotissimis
1063 724 1144 778 terris

121 808 271 882 publicum
284 807 399 860 luctum
410 820 633 880 moeroremque
643 801 835 876 ducentibus,
862 823 915 862 vos
933 801 1049 878 theatra
1061 823 1145 879 quae·

121 891 239 960 seretis,
265 887 430 957 intraretis,
458 887 637 962 impleretis,
652 889 788 946 etmulto
801 889 966 958 insaniora,
985 903 1075 962 quam
1087 889 1145 946 fuc-

121 961 300 1044 suntantea,
318 966 474 1027 faceretis?
502 967 588 1028 Hanc
601 971 767 1028 animorum
779 969 874 1038 labeus
887 990 921 1036 ao
922 979 1058 1046 pestem,
1078 969 1146 1027 hanc

120 1056 277 1132 probitatis
292 1053 497 1111 ethonestatis
514 1055 702 1111 eversionem
714 1054 798 1112 vohis
812 1053 919 1129 Scipio
928 1056 979 1118 ille
985 1055 1146 1125 metuebat,

74 1167 75 1171 ¹
120 1139 248 1237 quando·
261 1140 396 1196 construi
414 1137 530 1206 theatra
548 1136 735 1214 prohibebat,
760 1138 877 1214 quando
895 1138 984 1195 rebus
1002 1140 1163 1216 ιιιιιιιιιιιίιἱ

124 1243 177 1280 vos
191 1223 279 1280 facile
299 1223 448 1298 eorrumpi
460 1231 549 1298 atque
563 1222 657 1278 everti
674 1239 761 1295 posse
781 1222 935 1292 cernebat,
963 1221 1082 1297 quaudo
1100 1225 1147 1278 ιιι

33 1323 34 1326 ’
123 1308 159 1366 ah
171 1305 274 1363 hostili
287 1314 401 1365 terrore
414 1324 536 1362 securos
550 1323 615 1361 esso
628 1305 756 1362 nolebat.
799 1302 903 1381 Neque
920 1307 1000 1362 enim
1016 1306 1148 1362 censebat

124 1393 174 1448 ille
186 1389 304 1450 felicem
320 1409 385 1446 csse
403 1388 614 1464 rempublicam
631 1389 779 1446 stantibus
799 1389 983 1461 moenibus,
997 1391 1147 1446 ruentibus

123 1474 264 1550 mqribus.
308 1472 394 1532 Sed'
386 1492 418 1530 ιιι
434 1473 519 1530 vobis
540 1475 605 1547 plus
619 1473 714 1530 valuit
732 1473 811 1548 quod
829 1467 1013 1542 daemones'
1004 1473 1089 1546 impii
1107 1491 1149 1526 ss·

125 1545 285 1630 duxerunt,
314 1575 402 1633 quam
415 1555 494 1632 quod
506 1555 639 1614 hommes
664 1556 782 1631 providi
805 1565 1031 1630 precesserunt.
1076 1555 1150 1612 lliuc

126 1640 263 1716 estquod
282 1643 359 1698 mala
376 1658 452 1716 quae
469 1639 584 1711 facitis,
605 1641 690 1698 vobis
710 1641 849 1714 irnputari
866 1659 928 1698 non
946 1640 1055 1711 vultis3
1081 1641 1150 1696 mals

32 1768 36 1776 .
115 1736 196 1782 ‘vero
210 1743 285 1822 quae
297 1725 444 1802 patimini,
463 1722 639 1782 Christianis
654 1726 835 1798 temporibus
848 1725 1009 1798 imputatis.
1053 1721 1150 1798 Neque

21 1837 27 1844 =·
127 1809 205 1864 enirn
218 1809 250 1864 in
263 1818 369 1864 vestra
377 1807 536 1864 securitate
549 1811 682 1882 pacatam
694 1809 944 1882 rempublicam,
943 1807 995 1863 sed
1008 1809 1150 1863 luxuriam

120 1893 267 1968 quaeritis
282 1892 477 1974 impunitam,
492 1908 544 1966 qur
535 1889 708 1963 depravati
721 1892 809 1948 rebus
831 1893 991 1966 prosperis,
1018 1909 1075 1947 nee
1090 1907 1150 1945 eor·

125 1978 184 2054 rigi
200 1975 339 2070 potuistis
358 1947 498 2032 addersis.
541 1970 665 2030 Volebat
681 1993 734 2032 vos
752 1977 802 2031 ille
813 1974 914 2049 Scipio
933 1975 1041 2030 terreri
1053 1973 1089 2030 ab
1102 1972 1150 2028 ho·
1165 1996 1166 2002 ι

123 2069 183 2156 ιιι,
208 2076 246 2113 ne
260 2058 292 2112 in
304 2057 456 2114 luxuriam
467 2053 617 2116 flueretis:
639 2076 694 2114 vos
706 2078 762 2115 neo
776 2059 898 2115 contriti
911 2059 946 2115 ab
963 2057 1049 2114 hoste
1067 2060 1149 2114 luxn·

126 2161 199 2198 riam
209 2141 406 2214 repressistis
432 2138 603 2215 perdidistis
619 2142 778 2198 utilitatem
790 2143 982 2214 calamitatis,
1010 2151 1042 2196 et
1052 2157 1150 2198 miser

125 2227 194 2281 rinn
185 2223 278 2280 lacti
293 2225 385 2295 estis,
399 2232 428 2282 et
439 2225 559 2300 pessimi
570 2227 784 2312 permansistis.
847 2267 851 2276 ,

450 2323 592 2393 C,AP.
619 2321 819 2382 XXXIV
897 2373 898 2376 ,

71 2467 75 2482 Ι
124 2377 126 2382 ⁸
146 2453 148 2458 ,
244 2401 289 2456 De
299 2401 439 2456 clementes
448 2401 514 2470 Dec,
534 2421 611 2474 quus
623 2401 702 2456 Vrbis
716 2405 851 2460 excidium
865 2405 1034 2482 temperavit.

126 2543 128 2550 ,
192 2493 232 2552 Ει
245 2502 344 2551 tamen
353 2487 444 2569 quod
462 2492 581 2592 ιίιίιίι,
603 2493 671 2551 Dei
670 2504 739 2567 est,
765 2497 817 2594 qui
834 2496 919 2553 vobis
937 2494 1085 2570 parcendo
1105 2492 1151 2549 sd-

125 2575 261 2648 monet,
263 2586 298 2632 ut
317 2577 509 2655 corrigamini
528 2577 722 2651 poenitendo:
750 2582 801 2655 qui
819 2578 902 2636 vohis
922 2581 1011 2636 etiarn
1027 2579 1152 2656 ingratis

125 2662 284 2737 praestitit,
311 2670 345 2718 ut
368 2662 418 2718 uel
444 2661 498 2718 suh
526 2664 646 2724 nominc
671 2681 824 2720 servorum
843 2665 926 2732 eius,
952 2666 1000 2720 vel
1025 2665 1058 2718 in
1083 2661 1153 2718 loeis

123 2745 290 2820 Martyrum
303 2746 367 2800 eius
385 2743 507 2800 hostiles
526 2763 631 2803 uranus
651 2745 823 2803 evaderetis.
867 2751 882 2784 ι
895 2745 1039 2804 Romulus
1052 2755 1086 2802 et
1097 2744 1153 2802 ue-

124 2847 190 2886 mus
204 2829 320 2903 asylum
331 2829 528 2886 ¹constituisse
545 2828 753 2904 perhibentur,
780 2848 838 2905 quo
857 2823 991 2905 quisquis
1012 2830 1152 2905 conluge-

126 2922 183 2983 ιιι,
210 2912 246 2970 ab
266 2913 346 2968 omni
363 2930 443 2969 noxa
461 2912 535 2968 liber
561 2921 650 2985 esset,
664 2931 784 2992 ‚augere
810 2921 985 2990 quaerentes
1010 2911 1152 2976 creandae

126 2995 346 3064 msrltitudinem
367 2997 507 3055 civitatis.
549 2994 716 3054 Mirandum
737 3000 770 3054 in
787 2996 930 3054 honorem
943 2995 1054 3052 Christi
1070 3013 1152 3071 prae·

23 3091 25 3096 ’
125 3082 217 3136 cessit
231 3081 403 3158 exemplum.
438 3078 513 3136 ΧΗοι
533 3083 754 3138 constituerunt
773 3099 925 3137 eversores
945 3077 1051 3151 Vrbis,
1073 3076 1153 3153 'quod

126 3163 343 3221 constituerant
355 3173 443 3220 antea
457 3161 636 3221 conditores.
680 3164 759 3232 Quid
772 3173 870 3221 autern
881 3181 1033 3241 magnum,
1061 3164 1088 3219 si
1100 3160 1153 3217 hoc

125 3248 262 3304 lecerunt
280 3249 336 3320 illi,
361 3257 397 3306 ιιι
420 3248 529 3306 ciuium
550 3265 673 3304 suorum
696 3266 836 3304 numerus
849 3249 1051 3323 suppleretur,
1078 3242 1154 3321 quod

125 3331 282 3390 lecerunt
273 3333 341 3403 usti,
367 3340 401 3388 ut
414 3347 537 3388 suorum
548 3323 679 3388 hostium
690 3333 890 3389 numerositas
903 3325 1095 3388 servaretnrl

183 3433 185 3444 ’
784 3412 868 3492 (tol.
885 3411 967 3470 CAP
984 3409 1154 3480 XXXIV.)

464 3511 534 3570 CA
558 3512 591 3570 Ρ
640 3511 673 3571 Χ
686 3511 829 3571 XXV.
933 3533 934 3536 ¹
1035 3525 1036 3537 ¹
1073 3521 1076 3526 '

125 3592 168 3646 De
182 3554 327 3649 latentibus
341 3593 415 3648 soter
427 3591 524 3661 impios
537 3593 677 3646 Ecclesiae
684 3589 771 3665 filiis,
790 3602 817 3646 et
831 3593 956 3666 desolas
970 3593 1047 3648 intra
1063 3593 1154 3646 Eccle-

507 3663 575 3714 sium
595 3661 768 3718 Christianis.
863 3693 864 3698 =

186 3735 268 3792 Haec
283 3737 413 3806 attalia,
439 3736 466 3792 si
479 3754 537 3811 qua
547 3736 667 3794 uberius
687 3747 718 3794 ct
735 3738 920 3796 commodius,
933 3738 1081 3812 potuerit,
1110 3755 1155 3792 re·

123 3818 266 3894 spondeat
285 3821 413 3876 inimicis
427 3820 495 3876 suis
520 3819 669 3897 redempta
693 3822 813 3880 familia-
826 3821 947 3878 Domini
965 3817 1094 3893 Christi,
1127 3825 1154 3874 et

122 3903 282 3979 peregrina
300 3903 404 3960 civitas
423 3903 504 3980 regis
527 3901 645 3976 Christi.
699 3912 715 3944 ⁴⁸
728 3905 897 3966 Meminerit
915 3923 1002 3975 saue,
1035 3905 1067 3962 in
1085 3903 1153 3980 ipsis
