<?xml version="1.0" encoding="UTF-8"?>
<!DOCTYPE html PUBLIC "-//W3C//DTD XHTML 1.0 Transitional//EN"
    "http://www.w3.org/TR/xhtml1/DTD/xhtml1-transitional.dtd">
<html xmlns="http://www.w3.org/1999/xhtml" xml:lang="en" lang="en">
 <head>
  <title>
</title>
<meta http-equiv="Content-Type" content="text/html;charset=utf-8" />
  <meta name='ocr-system' content='tesseract 3.04.00' />
  <meta name='ocr-capabilities' content='ocr_page ocr_carea ocr_par ocr_line ocrx_word'/>
</head>
<body>
  <div class='ocr_page' id='page_1' title='image "./saureliiaugusti00augugoog_0534.png"; bbox 0 0 2340 4312; ppageno 0'>
   <div class='ocr_carea' id='block_1_1' title="bbox 44 207 1002 308">
    <p class='ocr_par' dir='ltr' id='par_1_1' title="bbox 44 207 1002 308">
     <span class='ocr_line' id='line_1_1' title="bbox 44 207 1002 308; baseline 0.007 -35"><span class='ocrx_word' id='word_1_1' title='bbox 44 239 47 248; x_wconf 40' lang='lat'><em>‘1</em></span> <span class='ocrx_word' id='word_1_2' title='bbox 136 219 193 274; x_wconf 76' lang='lat'><em>122</em></span> <span class='ocrx_word' id='word_1_3' title='bbox 353 213 453 273; x_wconf 82' lang='lat' dir='ltr'>DIVI</span> <span class='ocrx_word' id='word_1_4' title='bbox 478 217 665 278; x_wconf 68' lang='lat' dir='ltr'><em>athath</em></span> <span class='ocrx_word' id='word_1_5' title='bbox 689 207 951 308; x_wconf 72' lang='lat' dir='ltr'><em>hvavSTlNI</em></span> <span class='ocrx_word' id='word_1_6' title='bbox 996 234 1002 238; x_wconf 79' lang='grc'><strong>“</strong></span> 
     </span>
    </p>
   </div>
   <div class='ocr_carea' id='block_1_2' title="bbox 44 357 1170 1598">
    <p class='ocr_par' dir='ltr' id='par_1_2' title="bbox 44 357 1170 1598">
     <span class='ocr_line' id='line_1_2' title="bbox 96 357 1126 452; baseline 0.01 -28"><span class='ocrx_word' id='word_1_7' title='bbox 96 383 97 406; x_wconf 76' lang='lat'><em>³</em></span> <span class='ocrx_word' id='word_1_8' title='bbox 132 385 168 424; x_wconf 77' lang='lat' dir='ltr'><em>ca</em></span> <span class='ocrx_word' id='word_1_9' title='bbox 179 365 306 437; x_wconf 82' lang='lat' dir='ltr'><em>filiabus</em></span> <span class='ocrx_word' id='word_1_10' title='bbox 323 365 584 426; x_wconf 82' lang='lat' dir='ltr'><em>Chananueoram:</em></span> <span class='ocrx_word' id='word_1_11' title='bbox 610 372 827 447; x_wconf 80' lang='lat' dir='ltr'><em>surgensfage</em></span> <span class='ocrx_word' id='word_1_12' title='bbox 842 376 871 429; x_wconf 92' lang='lat' dir='ltr'><em>in</em></span> <span class='ocrx_word' id='word_1_13' title='bbox 886 357 1126 452; x_wconf 70' lang='lat' dir='ltr'><em>Mesopotamiadh</em></span> 
     </span>
     <span class='ocr_line' id='line_1_3' title="bbox 131 447 1117 526; baseline 0.012 -21"><span class='ocrx_word' id='word_1_14' title='bbox 131 449 245 505; x_wconf 84' lang='lat' dir='ltr'><em>doraum</em></span> <span class='ocrx_word' id='word_1_15' title='bbox 257 447 403 519; x_wconf 88' lang='lat' dir='ltr'><em>Balhuel‚</em></span> <span class='ocrx_word' id='word_1_16' title='bbox 419 454 524 526; x_wconf 89' lang='lat' dir='ltr'><em>patris</em></span> <span class='ocrx_word' id='word_1_17' title='bbox 537 454 645 508; x_wconf 86' lang='lat' dir='ltr'><em>matris</em></span> <span class='ocrx_word' id='word_1_18' title='bbox 658 465 741 522; x_wconf 89' lang='lat' dir='ltr'><em>tuae,</em></span> <span class='ocrx_word' id='word_1_19' title='bbox 762 465 791 510; x_wconf 91' lang='lat' dir='ltr'><em>et</em></span> <span class='ocrx_word' id='word_1_20' title='bbox 805 472 887 511; x_wconf 86' lang='lat' dir='ltr'><em>sume</em></span> <span class='ocrx_word' id='word_1_21' title='bbox 901 457 957 512; x_wconf 88' lang='lat' dir='ltr'><em>tibi</em></span> <span class='ocrx_word' id='word_1_22' title='bbox 968 460 1026 515; x_wconf 85' lang='lat' dir='ltr'><em>inde</em></span> <span class='ocrx_word' id='word_1_23' title='bbox 1038 461 1117 517; x_wconf 68' lang='lat' dir='ltr'><em>naorou&#39;</em></span> 
     </span>
     <span class='ocr_line' id='line_1_4' title="bbox 131 528 1168 610; baseline 0.012 -23"><span class='ocrx_word' id='word_1_24' title='bbox 131 531 166 587; x_wconf 90' lang='lat' dir='ltr'><em>de</em></span> <span class='ocrx_word' id='word_1_25' title='bbox 173 528 301 600; x_wconf 83' lang='lat' dir='ltr'><em>filiabus</em></span> <span class='ocrx_word' id='word_1_26' title='bbox 314 530 433 600; x_wconf 78' lang='lat' dir='ltr'><em>haban,</em></span> <span class='ocrx_word' id='word_1_27' title='bbox 451 533 574 610; x_wconf 85' lang='lat' dir='ltr'><em>fratris</em></span> <span class='ocrx_word' id='word_1_28' title='bbox 588 538 694 590; x_wconf 85' lang='lat' dir='ltr'><em>matris</em></span> <span class='ocrx_word' id='word_1_29' title='bbox 708 546 788 592; x_wconf 89' lang='lat' dir='ltr'><em>tuae.</em></span> <span class='ocrx_word' id='word_1_30' title='bbox 813 531 903 593; x_wconf 84' lang='lat' dir='ltr'><em>Deus</em></span> <span class='ocrx_word' id='word_1_31' title='bbox 917 551 1010 595; x_wconf 84' lang='lat' dir='ltr'><em>autem</em></span> <span class='ocrx_word' id='word_1_32' title='bbox 1020 539 1122 598; x_wconf 56' lang='lat' dir='ltr'><em>moult-ss</em></span> <span class='ocrx_word' id='word_1_33' title='bbox 1163 532 1168 551; x_wconf 59' lang='lat'>³</span> 
     </span>
     <span class='ocr_line' id='line_1_5' title="bbox 50 614 1122 698; baseline 0.013 -32"><span class='ocrx_word' id='word_1_34' title='bbox 50 657 56 666; x_wconf 77' lang='grc'><strong>,</strong></span> <span class='ocrx_word' id='word_1_35' title='bbox 132 614 253 690; x_wconf 86' lang='lat' dir='ltr'><em>nedicat</em></span> <span class='ocrx_word' id='word_1_36' title='bbox 267 623 306 683; x_wconf 88' lang='lat' dir='ltr'><em>te,</em></span> <span class='ocrx_word' id='word_1_37' title='bbox 320 624 350 670; x_wconf 89' lang='lat' dir='ltr'><em>et</em></span> <span class='ocrx_word' id='word_1_38' title='bbox 364 625 474 689; x_wconf 87' lang='lat' dir='ltr'><em>augeat</em></span> <span class='ocrx_word' id='word_1_39' title='bbox 487 626 526 682; x_wconf 90' lang='lat' dir='ltr'><em>te,</em></span> <span class='ocrx_word' id='word_1_40' title='bbox 540 626 569 672; x_wconf 89' lang='lat' dir='ltr'><em>et</em></span> <span class='ocrx_word' id='word_1_41' title='bbox 582 617 757 694; x_wconf 86' lang='lat' dir='ltr'><em>multiplicet</em></span> <span class='ocrx_word' id='word_1_42' title='bbox 772 629 818 674; x_wconf 85' lang='lat' dir='ltr'><em>te:</em></span> <span class='ocrx_word' id='word_1_43' title='bbox 844 631 874 676; x_wconf 92' lang='lat' dir='ltr'><em>et</em></span> <span class='ocrx_word' id='word_1_44' title='bbox 888 624 949 676; x_wconf 90' lang='lat' dir='ltr'><em>eris</em></span> <span class='ocrx_word' id='word_1_45' title='bbox 962 624 990 678; x_wconf 87' lang='lat' dir='ltr'><em>in</em></span> <span class='ocrx_word' id='word_1_46' title='bbox 1001 625 1122 698; x_wconf 52' lang='lat' dir='ltr'><em>congreg?</em></span> 
     </span>
     <span class='ocr_line' id='line_1_6' title="bbox 133 697 1170 774; baseline 0.012 -24"><span class='ocrx_word' id='word_1_47' title='bbox 133 697 228 752; x_wconf 89' lang='lat' dir='ltr'><em>tiones</em></span> <span class='ocrx_word' id='word_1_48' title='bbox 240 699 389 771; x_wconf 81' lang='lat' dir='ltr'><em>gentium:</em></span> <span class='ocrx_word' id='word_1_49' title='bbox 419 707 448 752; x_wconf 87' lang='lat' dir='ltr'><em>et</em></span> <span class='ocrx_word' id='word_1_50' title='bbox 468 698 584 754; x_wconf 89' lang='lat' dir='ltr'><em>dettibi</em></span> <span class='ocrx_word' id='word_1_51' title='bbox 595 701 822 758; x_wconf 80' lang='lat' dir='ltr'><em>benedictionem</em></span> <span class='ocrx_word' id='word_1_52' title='bbox 837 701 975 759; x_wconf 88' lang='lat' dir='ltr'><em>Abrahae</em></span> <span class='ocrx_word' id='word_1_53' title='bbox 986 707 1070 774; x_wconf 81' lang='lat' dir='ltr'><em>patris</em></span> <span class='ocrx_word' id='word_1_54' title='bbox 1084 713 1126 770; x_wconf 70' lang='lat' dir='ltr'><em>la</em></span> <span class='ocrx_word' id='word_1_55' title='bbox 1166 706 1170 713; x_wconf 80' lang='grc'><strong>’</strong></span> 
     </span>
     <span class='ocr_line' id='line_1_7' title="bbox 130 776 1170 854; baseline -0.006 -17"><span class='ocrx_word' id='word_1_56' title='bbox 130 791 160 837; x_wconf 90' lang='lat' dir='ltr'><em>et</em></span> <span class='ocrx_word' id='word_1_57' title='bbox 174 781 279 836; x_wconf 78' lang='lat' dir='ltr'><em>centini</em></span> <span class='ocrx_word' id='word_1_58' title='bbox 290 790 340 835; x_wconf 92' lang='lat' dir='ltr'><em>tuo</em></span> <span class='ocrx_word' id='word_1_59' title='bbox 349 789 420 853; x_wconf 87' lang='lat' dir='ltr'><em>post</em></span> <span class='ocrx_word' id='word_1_60' title='bbox 434 789 478 848; x_wconf 86' lang='lat' dir='ltr'><em>te,</em></span> <span class='ocrx_word' id='word_1_61' title='bbox 492 789 525 834; x_wconf 88' lang='lat' dir='ltr'><em>ut</em></span> <span class='ocrx_word' id='word_1_62' title='bbox 538 778 643 834; x_wconf 77' lang='lat' dir='ltr'><em>haeres</em></span> <span class='ocrx_word' id='word_1_63' title='bbox 650 777 716 848; x_wconf 83' lang='lat' dir='ltr'><em>fias</em></span> <span class='ocrx_word' id='word_1_64' title='bbox 727 787 834 832; x_wconf 73' lang='lat' dir='ltr'><em>&#39;terrae</em></span> <span class='ocrx_word' id='word_1_65' title='bbox 849 777 994 834; x_wconf 72' lang='lat' dir='ltr'><em>incolatus</em></span> <span class='ocrx_word' id='word_1_66' title='bbox 1007 780 1054 844; x_wconf 88' lang='lat' dir='ltr'><em>tui,</em></span> <span class='ocrx_word' id='word_1_67' title='bbox 1065 776 1170 854; x_wconf 65' lang='grc' dir='ltr'><em>ᾳωιξ</em></span> 
     </span>
     <span class='ocr_line' id='line_1_8' title="bbox 131 859 1158 938; baseline -0.008 -19"><span class='ocrx_word' id='word_1_68' title='bbox 131 864 213 919; x_wconf 84' lang='lat' dir='ltr'><em>dedit</em></span> <span class='ocrx_word' id='word_1_69' title='bbox 226 861 308 917; x_wconf 89' lang='lat' dir='ltr'><em>Deus</em></span> <span class='ocrx_word' id='word_1_70' title='bbox 322 859 469 916; x_wconf 78' lang='lat' dir='ltr'><em>Abrahae.</em></span> <span class='ocrx_word' id='word_1_71' title='bbox 513 859 570 915; x_wconf 88' lang='lat' dir='ltr'><em>Hic</em></span> <span class='ocrx_word' id='word_1_72' title='bbox 588 863 645 915; x_wconf 88' lang='lat' dir='ltr'><em>iam</em></span> <span class='ocrx_word' id='word_1_73' title='bbox 659 861 851 938; x_wconf 79' lang='lat' dir='ltr'><em>intelligimus</em></span> <span class='ocrx_word' id='word_1_74' title='bbox 866 870 1044 937; x_wconf 81' lang='lat' dir='ltr'><em>segregatum</em></span> <span class='ocrx_word' id='word_1_75' title='bbox 1054 875 1114 913; x_wconf 84' lang='lat' dir='ltr'><em>semu</em></span> <span class='ocrx_word' id='word_1_76' title='bbox 1152 864 1158 871; x_wconf 81' lang='lat'>&#39;</span> 
     </span>
     <span class='ocr_line' id='line_1_9' title="bbox 131 940 1114 1017; baseline -0.004 -20"><span class='ocrx_word' id='word_1_77' title='bbox 131 943 214 998; x_wconf 81' lang='lat' dir='ltr'><em>Iacob</em></span> <span class='ocrx_word' id='word_1_78' title='bbox 228 943 262 997; x_wconf 85' lang='lat' dir='ltr'><em>ab</em></span> <span class='ocrx_word' id='word_1_79' title='bbox 278 944 336 998; x_wconf 89' lang='lat' dir='ltr'><em>a&#39;lio</em></span> <span class='ocrx_word' id='word_1_80' title='bbox 351 944 462 997; x_wconf 83' lang='lat' dir='ltr'><em>semine</em></span> <span class='ocrx_word' id='word_1_81' title='bbox 475 941 568 1012; x_wconf 86' lang='lat' dir='ltr'><em>Isaac,</em></span> <span class='ocrx_word' id='word_1_82' title='bbox 582 941 658 1017; x_wconf 89' lang='lat' dir='ltr'><em>quod</em></span> <span class='ocrx_word' id='word_1_83' title='bbox 672 941 779 996; x_wconf 84' lang='lat' dir='ltr'><em>factum</em></span> <span class='ocrx_word' id='word_1_84' title='bbox 796 952 841 997; x_wconf 86' lang='lat' dir='ltr'><em>cst</em></span> <span class='ocrx_word' id='word_1_85' title='bbox 854 961 909 1016; x_wconf 88' lang='lat' dir='ltr'><em>par</em></span> <span class='ocrx_word' id='word_1_86' title='bbox 922 941 1006 997; x_wconf 75' lang='lat' dir='ltr'><em>Esau,</em></span> <span class='ocrx_word' id='word_1_87' title='bbox 1035 940 1114 1007; x_wconf 66' lang='lat' dir='ltr'><em>haiath</em></span> 
     </span>
     <span class='ocr_line' id='line_1_10' title="bbox 94 1022 1170 1102; baseline 0 -26"><span class='ocrx_word' id='word_1_88' title='bbox 94 1069 98 1076; x_wconf 82' lang='grc'>.</span> <span class='ocrx_word' id='word_1_89' title='bbox 131 1027 208 1080; x_wconf 86' lang='lat' dir='ltr'><em>enim</em></span> <span class='ocrx_word' id='word_1_90' title='bbox 223 1025 398 1095; x_wconf 85' lang='lat' dir='ltr'><em>dictumest,</em></span> <span class='ocrx_word' id='word_1_91' title='bbox 422 1022 458 1080; x_wconf 91' lang='lat' dir='ltr'><em>In</em></span> <span class='ocrx_word' id='word_1_92' title='bbox 471 1023 562 1083; x_wconf 81' lang='lat' dir='ltr'><em>Isaac</em></span> <span class='ocrx_word' id='word_1_93' title='bbox 575 1024 729 1082; x_wconf 87' lang='lat' dir='ltr'><em>uocabitur</em></span> <span class='ocrx_word' id='word_1_94' title='bbox 742 1024 799 1080; x_wconf 80' lang='lat' dir='ltr'><em>tibi</em></span> <span class='ocrx_word' id='word_1_95' title='bbox 811 1041 920 1102; x_wconf 81' lang='lat' dir='ltr'><em>semen,</em></span> <span class='ocrx_word' id='word_1_96' title='bbox 943 1023 1113 1098; x_wconf 84' lang='lat' dir='ltr'><em>pertineosoti·</em></span> <span class='ocrx_word' id='word_1_97' title='bbox 1138 1028 1170 1099; x_wconf 69' lang='lat' dir='ltr'><strong>j</strong></span> 
     </span>
     <span class='ocr_line' id='line_1_11' title="bbox 89 1103 1170 1181; baseline -0.002 -21"><span class='ocrx_word' id='word_1_98' title='bbox 89 1147 90 1154; x_wconf 37' lang='lat'>1</span> <span class='ocrx_word' id='word_1_99' title='bbox 131 1125 185 1181; x_wconf 84' lang='lat' dir='ltr'><em>quc</em></span> <span class='ocrx_word' id='word_1_100' title='bbox 199 1125 298 1161; x_wconf 78' lang='lat' dir='ltr'><em>scinco</em></span> <span class='ocrx_word' id='word_1_101' title='bbox 312 1107 348 1161; x_wconf 87' lang='lat' dir='ltr'><em>ad</em></span> <span class='ocrx_word' id='word_1_102' title='bbox 362 1103 516 1163; x_wconf 84' lang='lat' dir='ltr'><em>Civitatem</em></span> <span class='ocrx_word' id='word_1_103' title='bbox 530 1108 601 1177; x_wconf 73' lang='grc' dir='ltr'><em>θείς</em></span> <span class='ocrx_word' id='word_1_104' title='bbox 628 1114 793 1180; x_wconf 85' lang='lat' dir='ltr'><em>separatum</em></span> <span class='ocrx_word' id='word_1_105' title='bbox 813 1115 859 1160; x_wconf 87' lang='lat' dir='ltr'><em>cst</em></span> <span class='ocrx_word' id='word_1_106' title='bbox 880 1107 950 1161; x_wconf 90' lang='lat' dir='ltr'><em>inde</em></span> <span class='ocrx_word' id='word_1_107' title='bbox 968 1107 1039 1162; x_wconf 87' lang='lat' dir='ltr'><em>aliud</em></span> <span class='ocrx_word' id='word_1_108' title='bbox 1055 1121 1114 1162; x_wconf 80' lang='lat' dir='ltr'><em>seua</em></span> <span class='ocrx_word' id='word_1_109' title='bbox 1138 1122 1170 1181; x_wconf 64' lang='lat' dir='ltr'>q</span> 
     </span>
     <span class='ocr_line' id='line_1_12' title="bbox 131 1185 1170 1269; baseline -0.004 -26"><span class='ocrx_word' id='word_1_110' title='bbox 131 1187 272 1258; x_wconf 78' lang='lat' dir='ltr'><em>Abrahae,</em></span> <span class='ocrx_word' id='word_1_111' title='bbox 299 1189 377 1263; x_wconf 85' lang='lat' dir='ltr'><em>quod</em></span> <span class='ocrx_word' id='word_1_112' title='bbox 397 1200 460 1246; x_wconf 87' lang='lat' dir='ltr'><em>erat</em></span> <span class='ocrx_word' id='word_1_113' title='bbox 477 1192 508 1245; x_wconf 90' lang='lat' dir='ltr'><em>in</em></span> <span class='ocrx_word' id='word_1_114' title='bbox 527 1185 653 1246; x_wconf 82' lang='lat' dir='ltr'><em>ancillae</em></span> <span class='ocrx_word' id='word_1_115' title='bbox 671 1189 748 1258; x_wconf 77' lang='lat' dir='ltr'><em>filio,</em></span> <span class='ocrx_word' id='word_1_116' title='bbox 776 1197 807 1244; x_wconf 83' lang='lat' dir='ltr'><em>et</em></span> <span class='ocrx_word' id='word_1_117' title='bbox 823 1187 1114 1264; x_wconf 81' lang='lat' dir='ltr'><em>quodluturumerath</em></span> <span class='ocrx_word' id='word_1_118' title='bbox 1140 1213 1170 1269; x_wconf 68' lang='grc' dir='ltr'>Ι</span> 
     </span>
     <span class='ocr_line' id='line_1_13' title="bbox 130 1267 1170 1348; baseline -0.004 -23"><span class='ocrx_word' id='word_1_119' title='bbox 130 1271 197 1325; x_wconf 84' lang='lat' dir='ltr'><em>tiliis</em></span> <span class='ocrx_word' id='word_1_120' title='bbox 213 1267 365 1327; x_wconf 87' lang='lat' dir='ltr'><em>Cethurae.</em></span> <span class='ocrx_word' id='word_1_121' title='bbox 401 1271 461 1328; x_wconf 85' lang='lat' dir='ltr'><em>Sed</em></span> <span class='ocrx_word' id='word_1_122' title='bbox 479 1272 572 1328; x_wconf 89' lang='lat' dir='ltr'><em>adhuc</em></span> <span class='ocrx_word' id='word_1_123' title='bbox 586 1281 650 1326; x_wconf 86' lang='lat' dir='ltr'><em>erat</em></span> <span class='ocrx_word' id='word_1_124' title='bbox 666 1271 834 1347; x_wconf 85' lang='lat' dir='ltr'><em>ambiguum</em></span> <span class='ocrx_word' id='word_1_125' title='bbox 853 1272 890 1326; x_wconf 90' lang='lat' dir='ltr'><em>de</em></span> <span class='ocrx_word' id='word_1_126' title='bbox 914 1271 1021 1328; x_wconf 85' lang='lat' dir='ltr'><em>duobus</em></span> <span class='ocrx_word' id='word_1_127' title='bbox 1033 1269 1114 1348; x_wconf 79' lang='lat' dir='ltr'><em>geminis</em></span> <span class='ocrx_word' id='word_1_128' title='bbox 1140 1272 1170 1345; x_wconf 62' lang='lat' dir='ltr'><em>ff!</em></span> 
     </span>
     <span class='ocr_line' id='line_1_14' title="bbox 44 1351 1170 1451; baseline -0.003 -44"><span class='ocrx_word' id='word_1_129' title='bbox 44 1422 47 1428; x_wconf 26' lang='lat' dir='ltr'><em>s</em></span> <span class='ocrx_word' id='word_1_130' title='bbox 84 1374 89 1379; x_wconf 90' lang='lat'>·</span> <span class='ocrx_word' id='word_1_131' title='bbox 130 1353 303 1424; x_wconf 71' lang='lat' dir='ltr'><em>aliishaec,</em></span> <span class='ocrx_word' id='word_1_132' title='bbox 323 1373 361 1411; x_wconf 84' lang='lat' dir='ltr'><em>an</em></span> <span class='ocrx_word' id='word_1_133' title='bbox 375 1355 411 1411; x_wconf 87' lang='lat' dir='ltr'><em>ad</em></span> <span class='ocrx_word' id='word_1_134' title='bbox 425 1365 593 1429; x_wconf 85' lang='lat' dir='ltr'><em>utrumque,</em></span> <span class='ocrx_word' id='word_1_135' title='bbox 614 1371 652 1412; x_wconf 83' lang='lat' dir='ltr'><em>an</em></span> <span class='ocrx_word' id='word_1_136' title='bbox 665 1353 701 1409; x_wconf 86' lang='lat' dir='ltr'><em>ad</em></span> <span class='ocrx_word' id='word_1_137' title='bbox 714 1371 806 1408; x_wconf 86' lang='lat' dir='ltr'><em>unum</em></span> <span class='ocrx_word' id='word_1_138' title='bbox 819 1372 924 1409; x_wconf 88' lang='lat' dir='ltr'><em>eorum</em></span> <span class='ocrx_word' id='word_1_139' title='bbox 937 1355 989 1410; x_wconf 89' lang='lat' dir='ltr'><em>illa</em></span> <span class='ocrx_word' id='word_1_140' title='bbox 1001 1351 1115 1409; x_wconf 84' lang='lat' dir='ltr'><em>benedictio</em></span> <span class='ocrx_word' id='word_1_141' title='bbox 1140 1376 1170 1451; x_wconf 51' lang='lat' dir='ltr'>q</span> 
     </span>
     <span class='ocr_line' id='line_1_15' title="bbox 69 1431 1170 1512; baseline -0.004 -22"><span class='ocrx_word' id='word_1_142' title='bbox 69 1455 70 1458; x_wconf 44' lang='lat'>¹</span> <span class='ocrx_word' id='word_1_143' title='bbox 128 1437 305 1509; x_wconf 79' lang='lat' dir='ltr'><em>pertineret3</em></span> <span class='ocrx_word' id='word_1_144' title='bbox 332 1438 564 1510; x_wconf 86' lang='lat' dir='ltr'><em>etsiadunum,</em></span> <span class='ocrx_word' id='word_1_145' title='bbox 589 1431 953 1512; x_wconf 71' lang='lat' dir='ltr'><em>quisnamessetilmrum.</em></span> <span class='ocrx_word' id='word_1_146' title='bbox 989 1437 1059 1502; x_wconf 79' lang='lat' dir='ltr'><em>Quod</em></span> <span class='ocrx_word' id='word_1_147' title='bbox 1070 1449 1116 1490; x_wconf 78' lang='lat' dir='ltr'><em>noos</em></span> <span class='ocrx_word' id='word_1_148' title='bbox 1143 1440 1170 1509; x_wconf 73' lang='grc' dir='ltr'>Ἰ</span> 
     </span>
     <span class='ocr_line' id='line_1_16' title="bbox 128 1514 1170 1598; baseline -0.005 -25"><span class='ocrx_word' id='word_1_149' title='bbox 128 1517 307 1598; x_wconf 76' lang='lat' dir='ltr'><em>declaratum</em></span> <span class='ocrx_word' id='word_1_150' title='bbox 321 1529 376 1592; x_wconf 87' lang='lat' dir='ltr'><em>est,</em></span> <span class='ocrx_word' id='word_1_151' title='bbox 391 1539 457 1577; x_wconf 91' lang='lat' dir='ltr'><em>cum</em></span> <span class='ocrx_word' id='word_1_152' title='bbox 469 1520 636 1594; x_wconf 90' lang='lat' dir='ltr'><em>prophetice</em></span> <span class='ocrx_word' id='word_1_153' title='bbox 648 1526 757 1591; x_wconf 86' lang='lat' dir='ltr'><em>apatre</em></span> <span class='ocrx_word' id='word_1_154' title='bbox 768 1518 954 1574; x_wconf 80' lang='lat' dir='ltr'><em>benedicitur</em></span> <span class='ocrx_word' id='word_1_155' title='bbox 968 1519 1053 1588; x_wconf 87' lang='lat' dir='ltr'><em>laceb,</em></span> <span class='ocrx_word' id='word_1_156' title='bbox 1064 1514 1116 1572; x_wconf 87' lang='lat' dir='ltr'><em>eth·</em></span> <span class='ocrx_word' id='word_1_157' title='bbox 1145 1516 1170 1597; x_wconf 59' lang='lat' dir='ltr'><em>&#39;j</em></span> 
     </span>
    </p>
   </div>
   <div class='ocr_carea' id='block_1_3' title="bbox 13 1587 1170 1678">
    <p class='ocr_par' dir='ltr' id='par_1_3' title="bbox 13 1587 1170 1678">
     <span class='ocr_line' id='line_1_17' title="bbox 13 1587 1170 1678; baseline -0.002 -23"><span class='ocrx_word' id='word_1_158' title='bbox 13 1587 22 1606; x_wconf 73' lang='lat'><strong>¹</strong></span> <span class='ocrx_word' id='word_1_159' title='bbox 44 1629 46 1633; x_wconf 35' lang='lat' dir='ltr'>v</span> <span class='ocrx_word' id='word_1_160' title='bbox 128 1602 204 1657; x_wconf 88' lang='lat' dir='ltr'><em>citur</em></span> <span class='ocrx_word' id='word_1_161' title='bbox 218 1603 260 1672; x_wconf 89' lang='lat' dir='ltr'><em>oi,</em></span> <span class='ocrx_word' id='word_1_162' title='bbox 274 1601 316 1658; x_wconf 81' lang='lat' dir='ltr'><em>Et</em></span> <span class='ocrx_word' id='word_1_163' title='bbox 330 1605 390 1658; x_wconf 86' lang='lat' dir='ltr'><em>eris</em></span> <span class='ocrx_word' id='word_1_164' title='bbox 405 1605 434 1658; x_wconf 90' lang='lat' dir='ltr'><em>in</em></span> <span class='ocrx_word' id='word_1_165' title='bbox 448 1603 695 1678; x_wconf 75' lang='lat' dir='ltr'><em>congregationes</em></span> <span class='ocrx_word' id='word_1_166' title='bbox 708 1601 854 1677; x_wconf 79' lang='lat' dir='ltr'><em>gentiam,</em></span> <span class='ocrx_word' id='word_1_167' title='bbox 877 1612 907 1659; x_wconf 86' lang='lat' dir='ltr'><em>et</em></span> <span class='ocrx_word' id='word_1_168' title='bbox 921 1602 1035 1658; x_wconf 82' lang='lat' dir='ltr'><em>dettibi</em></span> <span class='ocrx_word' id='word_1_169' title='bbox 1044 1597 1117 1657; x_wconf 87' lang='lat' dir='ltr'><em>boali·</em></span> <span class='ocrx_word' id='word_1_170' title='bbox 1144 1606 1170 1673; x_wconf 64' lang='lat' dir='ltr'>fl</span> 
     </span>
    </p>
   </div>
   <div class='ocr_carea' id='block_1_4' title="bbox 63 1682 1170 2521">
    <p class='ocr_par' dir='ltr' id='par_1_4' title="bbox 63 1682 1170 2521">
     <span class='ocr_line' id='line_1_18' title="bbox 83 1682 1170 1760; baseline 0.002 -22"><span class='ocrx_word' id='word_1_171' title='bbox 83 1749 86 1754; x_wconf 14' lang='lat' dir='ltr'>y</span> <span class='ocrx_word' id='word_1_172' title='bbox 128 1687 252 1741; x_wconf 88' lang='lat' dir='ltr'><em>ctionem</em></span> <span class='ocrx_word' id='word_1_173' title='bbox 265 1683 517 1760; x_wconf 89' lang='lat' dir='ltr'><em>Abrabaepatris</em></span> <span class='ocrx_word' id='word_1_174' title='bbox 532 1687 585 1740; x_wconf 90' lang='lat' dir='ltr'><em>tui.</em></span> <span class='ocrx_word' id='word_1_175' title='bbox 644 1731 656 1750; x_wconf 77' lang='grc'><em>,</em></span> <span class='ocrx_word' id='word_1_176' title='bbox 1012 1711 1013 1714; x_wconf 45' lang='grc'><strong>“</strong></span> <span class='ocrx_word' id='word_1_177' title='bbox 1154 1682 1170 1697; x_wconf 88' lang='lat'><em>&#39;&#39;</em></span> 
     </span>
     <span class='ocr_line' id='line_1_19' title="bbox 137 1704 1170 1844; baseline -0.003 -22"><span class='ocrx_word' id='word_1_178' title='bbox 137 1776 139 1780; x_wconf 85' lang='lat'>&#39;</span> <span class='ocrx_word' id='word_1_179' title='bbox 190 1765 320 1844; x_wconf 84' lang='lat' dir='ltr'><em>Pergens</em></span> <span class='ocrx_word' id='word_1_180' title='bbox 339 1767 437 1840; x_wconf 85' lang='lat' dir='ltr'><em>itaque</em></span> <span class='ocrx_word' id='word_1_181' title='bbox 456 1767 487 1822; x_wconf 91' lang='lat' dir='ltr'><em>in</em></span> <span class='ocrx_word' id='word_1_182' title='bbox 501 1765 738 1841; x_wconf 79' lang='lat' dir='ltr'><em>Mesopotamiam</em></span> <span class='ocrx_word' id='word_1_183' title='bbox 758 1765 861 1838; x_wconf 84' lang='lat' dir='ltr'><em>Iacob,</em></span> <span class='ocrx_word' id='word_1_184' title='bbox 887 1769 920 1824; x_wconf 89' lang='lat' dir='ltr'><em>in</em></span> <span class='ocrx_word' id='word_1_185' title='bbox 934 1761 1118 1836; x_wconf 83' lang='lat' dir='ltr'><em>somnisaueph</em></span> <span class='ocrx_word' id='word_1_186' title='bbox 1143 1704 1170 1839; x_wconf 63' lang='grc'><strong>1</strong></span> 
     </span>
     <span class='ocr_line' id='line_1_20' title="bbox 75 1847 1170 1927; baseline -0.005 -23"><span class='ocrx_word' id='word_1_187' title='bbox 75 1855 86 1885; x_wconf 74' lang='grc'><em>·’</em></span> <span class='ocrx_word' id='word_1_188' title='bbox 128 1851 296 1919; x_wconf 86' lang='lat' dir='ltr'><em>oraculum,</em></span> <span class='ocrx_word' id='word_1_189' title='bbox 322 1849 485 1924; x_wconf 86' lang='lat' dir='ltr'><em>dequosic</em></span> <span class='ocrx_word' id='word_1_190' title='bbox 503 1850 716 1922; x_wconf 80' lang='lat' dir='ltr'><em>scriptumest:</em></span> <span class='ocrx_word' id='word_1_191' title='bbox 733 1847 1118 1927; x_wconf 77' lang='lat' dir='ltr'><em>&#39;EteuiitIacobapateoir</em></span> <span class='ocrx_word' id='word_1_192' title='bbox 1143 1869 1170 1921; x_wconf 78' lang='grc' dir='ltr'>Ι</span> 
     </span>
     <span class='ocr_line' id='line_1_21' title="bbox 63 1929 1127 2010; baseline -0.002 -24"><span class='ocrx_word' id='word_1_193' title='bbox 63 1933 85 1948; x_wconf 58' lang='grc'><em>“·</em></span> <span class='ocrx_word' id='word_1_194' title='bbox 127 1933 268 2000; x_wconf 87' lang='lat' dir='ltr'><em>rationis,</em></span> <span class='ocrx_word' id='word_1_195' title='bbox 292 1932 491 2010; x_wconf 79' lang='lat' dir='ltr'><em>etprofectus</em></span> <span class='ocrx_word' id='word_1_196' title='bbox 506 1933 593 1987; x_wconf 85' lang='lat' dir='ltr'><em>estin</em></span> <span class='ocrx_word' id='word_1_197' title='bbox 610 1929 774 1999; x_wconf 82' lang='lat' dir='ltr'><em>Charram,</em></span> <span class='ocrx_word' id='word_1_198' title='bbox 800 1941 830 1987; x_wconf 87' lang='lat' dir='ltr'><em>ct</em></span> <span class='ocrx_word' id='word_1_199' title='bbox 844 1931 963 1988; x_wconf 87' lang='lat' dir='ltr'><em>deuenit</em></span> <span class='ocrx_word' id='word_1_200' title='bbox 976 1937 1004 1989; x_wconf 91' lang='lat' dir='ltr'><em>in</em></span> <span class='ocrx_word' id='word_1_201' title='bbox 1017 1931 1127 1996; x_wconf 74' lang='lat' dir='ltr'><em>loetali</em></span> 
     </span>
     <span class='ocr_line' id='line_1_22' title="bbox 129 2011 1119 2090; baseline -0.004 -20"><span class='ocrx_word' id='word_1_202' title='bbox 129 2015 267 2070; x_wconf 84' lang='lat' dir='ltr'><em>dormivit</em></span> <span class='ocrx_word' id='word_1_203' title='bbox 280 2013 337 2068; x_wconf 88' lang='lat' dir='ltr'><em>ibi:</em></span> <span class='ocrx_word' id='word_1_204' title='bbox 351 2014 503 2070; x_wconf 89' lang='lat' dir='ltr'><em>occiderat</em></span> <span class='ocrx_word' id='word_1_205' title='bbox 517 2015 592 2070; x_wconf 90' lang='lat' dir='ltr'><em>enim</em></span> <span class='ocrx_word' id='word_1_206' title='bbox 606 2013 666 2069; x_wconf 91' lang='lat' dir='ltr'><em>sol:</em></span> <span class='ocrx_word' id='word_1_207' title='bbox 681 2022 710 2069; x_wconf 89' lang='lat' dir='ltr'><em>et</em></span> <span class='ocrx_word' id='word_1_208' title='bbox 723 2015 830 2070; x_wconf 87' lang='lat' dir='ltr'><em>sumsit</em></span> <span class='ocrx_word' id='word_1_209' title='bbox 843 2033 881 2069; x_wconf 81' lang='lat' dir='ltr'><em>en</em></span> <span class='ocrx_word' id='word_1_210' title='bbox 894 2013 1038 2090; x_wconf 77' lang='lat' dir='ltr'><em>lapidibus</em></span> <span class='ocrx_word' id='word_1_211' title='bbox 1049 2011 1119 2077; x_wconf 72' lang='lat' dir='ltr'><em>heia</em></span> 
     </span>
     <span class='ocr_line' id='line_1_23' title="bbox 125 2087 1119 2169; baseline 0 -21"><span class='ocrx_word' id='word_1_212' title='bbox 125 2095 228 2169; x_wconf 63' lang='lat' dir='ltr'><em>&#39;prosait</em></span> <span class='ocrx_word' id='word_1_213' title='bbox 239 2095 280 2150; x_wconf 90' lang='lat' dir='ltr'><em>ad</em></span> <span class='ocrx_word' id='word_1_214' title='bbox 289 2103 380 2169; x_wconf 89' lang='lat' dir='ltr'><em>caput</em></span> <span class='ocrx_word' id='word_1_215' title='bbox 394 2111 487 2165; x_wconf 91' lang='lat' dir='ltr'><em>snam,</em></span> <span class='ocrx_word' id='word_1_216' title='bbox 503 2105 532 2150; x_wconf 90' lang='lat' dir='ltr'><em>et</em></span> <span class='ocrx_word' id='word_1_217' title='bbox 546 2095 684 2151; x_wconf 84' lang='lat' dir='ltr'><em>dormivit</em></span> <span class='ocrx_word' id='word_1_218' title='bbox 697 2098 727 2152; x_wconf 90' lang='lat' dir='ltr'><em>in</em></span> <span class='ocrx_word' id='word_1_219' title='bbox 741 2095 803 2151; x_wconf 93' lang='lat' dir='ltr'><em>loco</em></span> <span class='ocrx_word' id='word_1_220' title='bbox 818 2093 879 2164; x_wconf 86' lang='lat' dir='ltr'><em>illo,</em></span> <span class='ocrx_word' id='word_1_221' title='bbox 894 2106 924 2152; x_wconf 90' lang='lat' dir='ltr'><em>ct</em></span> <span class='ocrx_word' id='word_1_222' title='bbox 938 2095 1084 2152; x_wconf 77' lang='lat' dir='ltr'><em>sononiauit.</em></span> <span class='ocrx_word' id='word_1_223' title='bbox 1098 2087 1119 2143; x_wconf 82' lang='lat' dir='ltr'><em>bl</em></span> 
     </span>
     <span class='ocr_line' id='line_1_24' title="bbox 128 2114 1170 2335; baseline -0.007 -105"><span class='ocrx_word' id='word_1_224' title='bbox 128 2195 193 2230; x_wconf 88' lang='lat' dir='ltr'><em>ecce</em></span> <span class='ocrx_word' id='word_1_225' title='bbox 207 2175 291 2230; x_wconf 87' lang='lat' dir='ltr'><em>scala</em></span> <span class='ocrx_word' id='word_1_226' title='bbox 305 2176 442 2231; x_wconf 87' lang='lat' dir='ltr'><em>stabilita</em></span> <span class='ocrx_word' id='word_1_227' title='bbox 455 2194 546 2254; x_wconf 87' lang='lat' dir='ltr'><em>super</em></span> <span class='ocrx_word' id='word_1_228' title='bbox 559 2187 686 2246; x_wconf 91' lang='lat' dir='ltr'><em>terram,</em></span> <span class='ocrx_word' id='word_1_229' title='bbox 713 2177 796 2232; x_wconf 87' lang='lat' dir='ltr'><em>caius</em></span> <span class='ocrx_word' id='word_1_230' title='bbox 810 2188 903 2253; x_wconf 88' lang='lat' dir='ltr'><em>caput</em></span> <span class='ocrx_word' id='word_1_231' title='bbox 914 2177 1092 2254; x_wconf 77' lang='lat' dir='ltr'><em>pertingebat</em></span> <span class='ocrx_word' id='word_1_232' title='bbox 1099 2165 1121 2225; x_wconf 86' lang='lat' dir='ltr'><em>ol</em></span> <span class='ocrx_word' id='word_1_233' title='bbox 1131 2183 1132 2224; x_wconf 83' lang='lat'>1</span> <span class='ocrx_word' id='word_1_234' title='bbox 1144 2114 1170 2335; x_wconf 66' lang='grc' dir='ltr'>Ξ</span> 
     </span>
     <span class='ocr_line' id='line_1_25' title="bbox 128 2249 1157 2335; baseline 0 -24"><span class='ocrx_word' id='word_1_235' title='bbox 128 2255 253 2311; x_wconf 81' lang='lat' dir='ltr'><em>coelum:</em></span> <span class='ocrx_word' id='word_1_236' title='bbox 279 2267 309 2312; x_wconf 91' lang='lat' dir='ltr'><em>et</em></span> <span class='ocrx_word' id='word_1_237' title='bbox 322 2255 432 2331; x_wconf 85' lang='lat' dir='ltr'><em>Angeli</em></span> <span class='ocrx_word' id='word_1_238' title='bbox 450 2257 512 2314; x_wconf 90' lang='lat' dir='ltr'><em>Dei</em></span> <span class='ocrx_word' id='word_1_239' title='bbox 532 2259 751 2316; x_wconf 86' lang='lat' dir='ltr'><em>adscendebant</em></span> <span class='ocrx_word' id='word_1_240' title='bbox 769 2269 798 2314; x_wconf 90' lang='lat' dir='ltr'><em>et</em></span> <span class='ocrx_word' id='word_1_241' title='bbox 819 2260 1032 2317; x_wconf 83' lang='lat' dir='ltr'><em>descendebant</em></span> <span class='ocrx_word' id='word_1_242' title='bbox 1046 2249 1121 2335; x_wconf 78' lang='lat' dir='ltr'><em>peril·</em></span> <span class='ocrx_word' id='word_1_243' title='bbox 1153 2270 1157 2273; x_wconf 79' lang='grc'><strong><em>·</em></strong></span> 
     </span>
     <span class='ocr_line' id='line_1_26' title="bbox 129 2335 1170 2418; baseline -0.003 -26"><span class='ocrx_word' id='word_1_244' title='bbox 129 2335 203 2410; x_wconf 87' lang='lat' dir='ltr'><em>larn,·</em></span> <span class='ocrx_word' id='word_1_245' title='bbox 228 2348 257 2402; x_wconf 87' lang='lat' dir='ltr'><em>et</em></span> <span class='ocrx_word' id='word_1_246' title='bbox 277 2337 420 2410; x_wconf 82' lang='lat' dir='ltr'><em>Dantinas</em></span> <span class='ocrx_word' id='word_1_247' title='bbox 441 2342 623 2398; x_wconf 82' lang='lat' dir='ltr'><em>incumbebat</em></span> <span class='ocrx_word' id='word_1_248' title='bbox 640 2359 729 2418; x_wconf 87' lang='lat' dir='ltr'><em>super</em></span> <span class='ocrx_word' id='word_1_249' title='bbox 743 2341 841 2415; x_wconf 90' lang='lat' dir='ltr'><em>illam,·</em></span> <span class='ocrx_word' id='word_1_250' title='bbox 865 2352 895 2398; x_wconf 87' lang='lat' dir='ltr'><em>et</em></span> <span class='ocrx_word' id='word_1_251' title='bbox 907 2343 996 2411; x_wconf 76' lang='lat' dir='ltr'><em>dixit,</em></span> <span class='ocrx_word' id='word_1_252' title='bbox 1020 2341 1074 2417; x_wconf 80' lang='lat' dir='ltr'><em>Ego</em></span> <span class='ocrx_word' id='word_1_253' title='bbox 1087 2351 1123 2393; x_wconf 77' lang='lat' dir='ltr'><em>sos</em></span> <span class='ocrx_word' id='word_1_254' title='bbox 1148 2340 1170 2415; x_wconf 65' lang='grc' dir='ltr'>ᾖ</span> 
     </span>
     <span class='ocr_line' id='line_1_27' title="bbox 127 2418 1170 2521; baseline 0.005 -47"><span class='ocrx_word' id='word_1_255' title='bbox 127 2418 214 2486; x_wconf 49' lang='lat' dir='ltr'><em>¹Deus</em></span> <span class='ocrx_word' id='word_1_256' title='bbox 227 2418 377 2476; x_wconf 82' lang='lat' dir='ltr'><em>Abrabam</em></span> <span class='ocrx_word' id='word_1_257' title='bbox 384 2425 491 2502; x_wconf 87' lang='lat' dir='ltr'><em>patris</em></span> <span class='ocrx_word' id='word_1_258' title='bbox 506 2426 561 2492; x_wconf 89' lang='lat' dir='ltr'><em>tui,</em></span> <span class='ocrx_word' id='word_1_259' title='bbox 577 2433 606 2478; x_wconf 92' lang='lat' dir='ltr'><em>et</em></span> <span class='ocrx_word' id='word_1_260' title='bbox 620 2423 703 2480; x_wconf 90' lang='lat' dir='ltr'><em>Deus</em></span> <span class='ocrx_word' id='word_1_261' title='bbox 717 2421 817 2492; x_wconf 88' lang='lat' dir='ltr'><em>Isaac,</em></span> <span class='ocrx_word' id='word_1_262' title='bbox 830 2425 895 2480; x_wconf 88' lang='lat' dir='ltr'><em>noli</em></span> <span class='ocrx_word' id='word_1_263' title='bbox 907 2427 1027 2482; x_wconf 90' lang='lat' dir='ltr'><em>timere:</em></span> <span class='ocrx_word' id='word_1_264' title='bbox 1049 2433 1123 2479; x_wconf 80' lang='lat' dir='ltr'><em>turo</em></span> <span class='ocrx_word' id='word_1_265' title='bbox 1149 2444 1170 2521; x_wconf 53' lang='lat' dir='ltr'>q</span> 
     </span>
    </p>
   </div>
   <div class='ocr_carea' id='block_1_5' title="bbox 130 2587 1125 2667">
    <p class='ocr_par' dir='ltr' id='par_1_5' title="bbox 130 2587 1125 2667">
     <span class='ocr_line' id='line_1_28' title="bbox 130 2587 1125 2667; baseline 0.008 -27"><span class='ocrx_word' id='word_1_266' title='bbox 130 2587 188 2640; x_wconf 87' lang='lat' dir='ltr'><em>erit</em></span> <span class='ocrx_word' id='word_1_267' title='bbox 201 2601 297 2641; x_wconf 90' lang='lat' dir='ltr'><em>semen</em></span> <span class='ocrx_word' id='word_1_268' title='bbox 311 2597 392 2641; x_wconf 88' lang='lat' dir='ltr'><em>taum</em></span> <span class='ocrx_word' id='word_1_269' title='bbox 405 2589 483 2641; x_wconf 89' lang='lat' dir='ltr'><em>sicat</em></span> <span class='ocrx_word' id='word_1_270' title='bbox 497 2605 590 2644; x_wconf 89' lang='lat' dir='ltr'><em>arena</em></span> <span class='ocrx_word' id='word_1_271' title='bbox 605 2598 722 2662; x_wconf 87' lang='lat' dir='ltr'><em>terrae,·</em></span> <span class='ocrx_word' id='word_1_272' title='bbox 735 2599 765 2644; x_wconf 87' lang='lat' dir='ltr'><em>et</em></span> <span class='ocrx_word' id='word_1_273' title='bbox 778 2589 960 2645; x_wconf 85' lang='lat' dir='ltr'><em>dilatabitur</em></span> <span class='ocrx_word' id='word_1_274' title='bbox 973 2607 1057 2667; x_wconf 88' lang='lat' dir='ltr'><em>super</em></span> <span class='ocrx_word' id='word_1_275' title='bbox 1067 2600 1125 2648; x_wconf 78' lang='lat' dir='ltr'><em>math</em></span> 
     </span>
    </p>
   </div>
   <div class='ocr_carea' id='block_1_6' title="bbox 40 2665 1126 2744">
    <p class='ocr_par' dir='ltr' id='par_1_6' title="bbox 40 2665 1126 2744">
     <span class='ocr_line' id='line_1_29' title="bbox 40 2665 1126 2744; baseline -0.002 -22"><span class='ocrx_word' id='word_1_276' title='bbox 40 2719 43 2722; x_wconf 88' lang='lat'>.</span> <span class='ocrx_word' id='word_1_277' title='bbox 130 2676 159 2722; x_wconf 87' lang='lat' dir='ltr'><em>at</em></span> <span class='ocrx_word' id='word_1_278' title='bbox 173 2668 203 2720; x_wconf 90' lang='lat' dir='ltr'><em>in</em></span> <span class='ocrx_word' id='word_1_279' title='bbox 217 2666 366 2737; x_wconf 85' lang='lat' dir='ltr'><em>Africum,</em></span> <span class='ocrx_word' id='word_1_280' title='bbox 382 2670 453 2724; x_wconf 87' lang='lat' dir='ltr'><em>etin</em></span> <span class='ocrx_word' id='word_1_281' title='bbox 467 2667 646 2744; x_wconf 84' lang='lat' dir='ltr'><em>Aquilonem,</em></span> <span class='ocrx_word' id='word_1_282' title='bbox 661 2679 691 2726; x_wconf 90' lang='lat' dir='ltr'><em>et</em></span> <span class='ocrx_word' id='word_1_283' title='bbox 704 2671 746 2725; x_wconf 91' lang='lat' dir='ltr'><em>ad</em></span> <span class='ocrx_word' id='word_1_284' title='bbox 760 2665 932 2726; x_wconf 82' lang='lat' dir='ltr'><em>Orientem:</em></span> <span class='ocrx_word' id='word_1_285' title='bbox 954 2682 984 2730; x_wconf 86' lang='lat' dir='ltr'><em>et</em></span> <span class='ocrx_word' id='word_1_286' title='bbox 997 2671 1126 2729; x_wconf 78' lang='lat' dir='ltr'><em>benedices·</em></span> 
     </span>
    </p>
   </div>
   <div class='ocr_carea' id='block_1_7' title="bbox 129 2504 1170 2839">
    <p class='ocr_par' dir='ltr' id='par_1_7' title="bbox 129 2504 1170 2839">
     <span class='ocr_line' id='line_1_30' title="bbox 129 2504 1170 2839; baseline 0.003 -283"><span class='ocrx_word' id='word_1_287' title='bbox 129 2504 159 2556; x_wconf 92' lang='lat' dir='ltr'><em>in</em></span> <span class='ocrx_word' id='word_1_288' title='bbox 174 2521 231 2577; x_wconf 86' lang='lat' dir='ltr'><em>qun</em></span> <span class='ocrx_word' id='word_1_289' title='bbox 245 2513 277 2558; x_wconf 87' lang='lat' dir='ltr'><em>ta</em></span> <span class='ocrx_word' id='word_1_290' title='bbox 291 2504 401 2559; x_wconf 87' lang='lat' dir='ltr'><em>dormis</em></span> <span class='ocrx_word' id='word_1_291' title='bbox 415 2521 505 2580; x_wconf 89' lang='lat' dir='ltr'><em>saper</em></span> <span class='ocrx_word' id='word_1_292' title='bbox 519 2525 592 2574; x_wconf 81' lang='lat' dir='ltr'><em>eant,</em></span> <span class='ocrx_word' id='word_1_293' title='bbox 613 2506 669 2564; x_wconf 88' lang='lat' dir='ltr'><em>tibi</em></span> <span class='ocrx_word' id='word_1_294' title='bbox 682 2506 755 2563; x_wconf 87' lang='lat' dir='ltr'><em>dabo</em></span> <span class='ocrx_word' id='word_1_295' title='bbox 769 2506 861 2575; x_wconf 87' lang='lat' dir='ltr'><em>illam,</em></span> <span class='ocrx_word' id='word_1_296' title='bbox 885 2517 915 2563; x_wconf 89' lang='lat' dir='ltr'><em>et</em></span> <span class='ocrx_word' id='word_1_297' title='bbox 928 2509 1033 2566; x_wconf 85' lang='lat' dir='ltr'><em>semini</em></span> <span class='ocrx_word' id='word_1_298' title='bbox 1043 2516 1095 2562; x_wconf 88' lang='lat' dir='ltr'><em>tuo:</em></span> <span class='ocrx_word' id='word_1_299' title='bbox 1109 2507 1124 2554; x_wconf 84' lang='lat' dir='ltr'><em>tl</em></span> <span class='ocrx_word' id='word_1_300' title='bbox 1150 2526 1170 2839; x_wconf 89' lang='grc' dir='ltr'>Ι</span> 
     </span>
    </p>
   </div>
   <div class='ocr_carea' id='block_1_8' title="bbox 2 2747 1170 3892">
    <p class='ocr_par' dir='ltr' id='par_1_8' title="bbox 129 2747 1170 3156">
     <span class='ocr_line' id='line_1_31' title="bbox 130 2747 1126 2822; baseline 0.001 -18"><span class='ocrx_word' id='word_1_301' title='bbox 130 2759 180 2804; x_wconf 89' lang='lat' dir='ltr'><em>tur</em></span> <span class='ocrx_word' id='word_1_302' title='bbox 194 2750 223 2804; x_wconf 90' lang='lat' dir='ltr'><em>in</em></span> <span class='ocrx_word' id='word_1_303' title='bbox 238 2759 267 2805; x_wconf 90' lang='lat' dir='ltr'><em>te</em></span> <span class='ocrx_word' id='word_1_304' title='bbox 281 2767 377 2816; x_wconf 91' lang='lat' dir='ltr'><em>omnes</em></span> <span class='ocrx_word' id='word_1_305' title='bbox 392 2747 487 2805; x_wconf 90' lang='lat' dir='ltr'><em>tribas</em></span> <span class='ocrx_word' id='word_1_306' title='bbox 502 2761 626 2820; x_wconf 86' lang='lat' dir='ltr'><em>terrae,</em></span> <span class='ocrx_word' id='word_1_307' title='bbox 647 2761 677 2807; x_wconf 89' lang='lat' dir='ltr'><em>et</em></span> <span class='ocrx_word' id='word_1_308' title='bbox 700 2754 731 2808; x_wconf 91' lang='lat' dir='ltr'><em>in</em></span> <span class='ocrx_word' id='word_1_309' title='bbox 753 2754 863 2809; x_wconf 88' lang='lat' dir='ltr'><em>semine</em></span> <span class='ocrx_word' id='word_1_310' title='bbox 882 2763 942 2808; x_wconf 90' lang='lat' dir='ltr'><em>tuo.</em></span> <span class='ocrx_word' id='word_1_311' title='bbox 975 2753 1016 2810; x_wconf 86' lang='lat' dir='ltr'><em>Et</em></span> <span class='ocrx_word' id='word_1_312' title='bbox 1034 2763 1126 2822; x_wconf 82' lang='lat' dir='ltr'><em>ecceegt</em></span> 
     </span>
     <span class='ocr_line' id='line_1_32' title="bbox 130 2821 1170 2915; baseline 0.003 -30"><span class='ocrx_word' id='word_1_313' title='bbox 130 2833 194 2892; x_wconf 85' lang='lat' dir='ltr'><em>sum</em></span> <span class='ocrx_word' id='word_1_314' title='bbox 208 2841 312 2900; x_wconf 86' lang='lat' dir='ltr'><em>tecam,</em></span> <span class='ocrx_word' id='word_1_315' title='bbox 327 2833 496 2892; x_wconf 87' lang='lat' dir='ltr'><em>custodiens</em></span> <span class='ocrx_word' id='word_1_316' title='bbox 510 2843 539 2889; x_wconf 89' lang='lat' dir='ltr'><em>te</em></span> <span class='ocrx_word' id='word_1_317' title='bbox 553 2821 583 2888; x_wconf 87' lang='lat' dir='ltr'><em>in</em></span> <span class='ocrx_word' id='word_1_318' title='bbox 598 2834 675 2888; x_wconf 89' lang='lat' dir='ltr'><em>omni</em></span> <span class='ocrx_word' id='word_1_319' title='bbox 686 2836 922 2910; x_wconf 17' lang='lat' dir='ltr'><em>ciaffquaeunqae</em></span> <span class='ocrx_word' id='word_1_320' title='bbox 936 2835 1010 2909; x_wconf 83' lang='lat' dir='ltr'><em>ibis;</em></span> <span class='ocrx_word' id='word_1_321' title='bbox 1036 2846 1063 2892; x_wconf 87' lang='lat' dir='ltr'><em>et</em></span> <span class='ocrx_word' id='word_1_322' title='bbox 1073 2832 1127 2889; x_wconf 70' lang='lat' dir='ltr'><em>ritu</em></span> <span class='ocrx_word' id='word_1_323' title='bbox 1155 2856 1170 2915; x_wconf 63' lang='grc'><strong>1</strong></span> 
     </span>
     <span class='ocr_line' id='line_1_33' title="bbox 129 2913 1129 2992; baseline -0.001 -22"><span class='ocrx_word' id='word_1_324' title='bbox 129 2933 192 2970; x_wconf 87' lang='lat' dir='ltr'><em>carn</em></span> <span class='ocrx_word' id='word_1_325' title='bbox 207 2924 236 2968; x_wconf 87' lang='lat' dir='ltr'><em>te</em></span> <span class='ocrx_word' id='word_1_326' title='bbox 249 2915 407 2970; x_wconf 89' lang='lat' dir='ltr'><em>interram</em></span> <span class='ocrx_word' id='word_1_327' title='bbox 421 2913 512 2969; x_wconf 91' lang='lat' dir='ltr'><em>hanc:</em></span> <span class='ocrx_word' id='word_1_328' title='bbox 527 2917 595 2989; x_wconf 85' lang='lat' dir='ltr'><em>qaia</em></span> <span class='ocrx_word' id='word_1_329' title='bbox 609 2929 670 2970; x_wconf 87' lang='lat' dir='ltr'><em>non</em></span> <span class='ocrx_word' id='word_1_330' title='bbox 680 2927 709 2972; x_wconf 90' lang='lat' dir='ltr'><em>te</em></span> <span class='ocrx_word' id='word_1_331' title='bbox 723 2916 935 2992; x_wconf 85' lang='lat' dir='ltr'><em>derelinquam,</em></span> <span class='ocrx_word' id='word_1_332' title='bbox 951 2917 1129 2988; x_wconf 72' lang='lat' dir='ltr'><em>donecfaa&#39;ot</em></span> 
     </span>
     <span class='ocr_line' id='line_1_34' title="bbox 130 2991 1130 3072; baseline 0.001 -23"><span class='ocrx_word' id='word_1_333' title='bbox 130 2998 241 3061; x_wconf 87' lang='lat' dir='ltr'><em>omnia,</em></span> <span class='ocrx_word' id='word_1_334' title='bbox 265 3013 338 3069; x_wconf 80' lang='lat' dir='ltr'><em>quae</em></span> <span class='ocrx_word' id='word_1_335' title='bbox 361 3005 454 3050; x_wconf 89' lang='lat' dir='ltr'><em>tecam</em></span> <span class='ocrx_word' id='word_1_336' title='bbox 474 2991 588 3051; x_wconf 77' lang='lat' dir='ltr'><em>locatus</em></span> <span class='ocrx_word' id='word_1_337' title='bbox 607 2993 678 3052; x_wconf 86' lang='lat' dir='ltr'><em>sum.</em></span> <span class='ocrx_word' id='word_1_338' title='bbox 716 2995 758 3054; x_wconf 81' lang='lat' dir='ltr'><em>Et</em></span> <span class='ocrx_word' id='word_1_339' title='bbox 770 3000 907 3054; x_wconf 75' lang='lat' dir='ltr'><em>surrexit</em></span> <span class='ocrx_word' id='word_1_340' title='bbox 919 2998 1009 3072; x_wconf 86' lang='lat' dir='ltr'><em>Iacob</em></span> <span class='ocrx_word' id='word_1_341' title='bbox 1023 3001 1130 3057; x_wconf 83' lang='lat' dir='ltr'><em>desomt</em></span> 
     </span>
     <span class='ocr_line' id='line_1_35' title="bbox 132 3075 1131 3156; baseline 0 -25"><span class='ocrx_word' id='word_1_342' title='bbox 132 3094 191 3145; x_wconf 85' lang='lat' dir='ltr'><em>suo,</em></span> <span class='ocrx_word' id='word_1_343' title='bbox 204 3086 234 3132; x_wconf 85' lang='lat' dir='ltr'><em>et</em></span> <span class='ocrx_word' id='word_1_344' title='bbox 247 3077 335 3144; x_wconf 83' lang='lat' dir='ltr'><em>dicit,</em></span> <span class='ocrx_word' id='word_1_345' title='bbox 354 3075 433 3144; x_wconf 79' lang='lat' dir='ltr'><em>Quia</em></span> <span class='ocrx_word' id='word_1_346' title='bbox 448 3075 592 3147; x_wconf 81' lang='lat' dir='ltr'><em>Dominus</em></span> <span class='ocrx_word' id='word_1_347' title='bbox 607 3089 652 3134; x_wconf 90' lang='lat' dir='ltr'><em>est</em></span> <span class='ocrx_word' id='word_1_348' title='bbox 665 3083 695 3134; x_wconf 88' lang='lat' dir='ltr'><em>in</em></span> <span class='ocrx_word' id='word_1_349' title='bbox 704 3079 769 3150; x_wconf 51' lang='lat' dir='ltr'><em>¹loco</em></span> <span class='ocrx_word' id='word_1_350' title='bbox 782 3078 853 3148; x_wconf 88' lang='lat' dir='ltr'><em>hoc,</em></span> <span class='ocrx_word' id='word_1_351' title='bbox 873 3100 927 3156; x_wconf 81' lang='lat' dir='ltr'><em>ego</em></span> <span class='ocrx_word' id='word_1_352' title='bbox 944 3093 1042 3154; x_wconf 81' lang='lat' dir='ltr'><em>autem</em></span> <span class='ocrx_word' id='word_1_353' title='bbox 1054 3079 1131 3137; x_wconf 78' lang='lat' dir='ltr'><em>nescii·</em></span> 
     </span>
    </p>

    <p class='ocr_par' dir='ltr' id='par_1_9' title="bbox 109 3157 1133 3227">
     <span class='ocr_line' id='line_1_36' title="bbox 109 3157 1133 3227; baseline 0.002 -14"><span class='ocrx_word' id='word_1_354' title='bbox 109 3215 111 3220; x_wconf 68' lang='grc'><strong>,</strong></span> <span class='ocrx_word' id='word_1_355' title='bbox 129 3159 203 3213; x_wconf 92' lang='lat' dir='ltr'><em>bam.</em></span> <span class='ocrx_word' id='word_1_356' title='bbox 227 3157 268 3212; x_wconf 84' lang='lat' dir='ltr'><em>Et</em></span> <span class='ocrx_word' id='word_1_357' title='bbox 281 3159 390 3226; x_wconf 87' lang='lat' dir='ltr'><em>timuit,</em></span> <span class='ocrx_word' id='word_1_358' title='bbox 404 3169 434 3214; x_wconf 91' lang='lat' dir='ltr'><em>et</em></span> <span class='ocrx_word' id='word_1_359' title='bbox 448 3160 536 3227; x_wconf 77' lang='lat' dir='ltr'><em>dicit,</em></span> <span class='ocrx_word' id='word_1_360' title='bbox 553 3158 647 3227; x_wconf 78' lang='lat' dir='ltr'><em>Quam</em></span> <span class='ocrx_word' id='word_1_361' title='bbox 660 3161 805 3217; x_wconf 88' lang='lat' dir='ltr'><em>terribilis</em></span> <span class='ocrx_word' id='word_1_362' title='bbox 820 3172 866 3217; x_wconf 87' lang='lat' dir='ltr'><em>est</em></span> <span class='ocrx_word' id='word_1_363' title='bbox 880 3163 962 3218; x_wconf 90' lang='lat' dir='ltr'><em>locus</em></span> <span class='ocrx_word' id='word_1_364' title='bbox 977 3163 1040 3220; x_wconf 86' lang='lat' dir='ltr'><em>bic!</em></span> <span class='ocrx_word' id='word_1_365' title='bbox 1050 3181 1097 3220; x_wconf 85' lang='lat' dir='ltr'><em>nou</em></span> <span class='ocrx_word' id='word_1_366' title='bbox 1107 3163 1133 3215; x_wconf 85' lang='lat' dir='ltr'><em>al</em></span> 
     </span>
    </p>

    <p class='ocr_par' dir='ltr' id='par_1_10' title="bbox 104 3236 1170 3603">
     <span class='ocr_line' id='line_1_37' title="bbox 104 3236 1133 3319; baseline 0.002 -26"><span class='ocrx_word' id='word_1_367' title='bbox 104 3243 107 3250; x_wconf 87' lang='lat'>&#39;</span> <span class='ocrx_word' id='word_1_368' title='bbox 130 3238 182 3294; x_wconf 89' lang='lat' dir='ltr'><em>boc</em></span> <span class='ocrx_word' id='word_1_369' title='bbox 196 3236 345 3312; x_wconf 61' lang='lat' dir='ltr'><em>[biclnisi</em></span> <span class='ocrx_word' id='word_1_370' title='bbox 358 3241 457 3296; x_wconf 87' lang='lat' dir='ltr'><em>domus</em></span> <span class='ocrx_word' id='word_1_371' title='bbox 471 3239 546 3308; x_wconf 90' lang='lat' dir='ltr'><em>Dei,</em></span> <span class='ocrx_word' id='word_1_372' title='bbox 561 3252 590 3296; x_wconf 87' lang='lat' dir='ltr'><em>et</em></span> <span class='ocrx_word' id='word_1_373' title='bbox 603 3241 676 3298; x_wconf 90' lang='lat' dir='ltr'><em>baec</em></span> <span class='ocrx_word' id='word_1_374' title='bbox 684 3237 778 3319; x_wconf 72' lang='lat' dir='ltr'><em>por&#39;ta</em></span> <span class='ocrx_word' id='word_1_375' title='bbox 792 3243 873 3299; x_wconf 90' lang='lat' dir='ltr'><em>coeli.</em></span> <span class='ocrx_word' id='word_1_376' title='bbox 910 3245 952 3301; x_wconf 80' lang='lat' dir='ltr'><em>Et</em></span> <span class='ocrx_word' id='word_1_377' title='bbox 968 3247 1092 3302; x_wconf 74' lang='lat' dir='ltr'><em>surrexit</em></span> <span class='ocrx_word' id='word_1_378' title='bbox 1102 3237 1133 3296; x_wconf 81' lang='lat' dir='ltr'><em>lc</em></span> 
     </span>
     <span class='ocr_line' id='line_1_38' title="bbox 129 3320 1170 3409; baseline 0.005 -35"><span class='ocrx_word' id='word_1_379' title='bbox 129 3321 196 3388; x_wconf 88' lang='lat' dir='ltr'><em>cob,</em></span> <span class='ocrx_word' id='word_1_380' title='bbox 214 3330 244 3376; x_wconf 86' lang='lat' dir='ltr'><em>et</em></span> <span class='ocrx_word' id='word_1_381' title='bbox 257 3323 362 3376; x_wconf 86' lang='lat' dir='ltr'><em>sumsit</em></span> <span class='ocrx_word' id='word_1_382' title='bbox 375 3321 502 3396; x_wconf 81' lang='lat' dir='ltr'><em>lapidem</em></span> <span class='ocrx_word' id='word_1_383' title='bbox 515 3341 596 3397; x_wconf 84' lang='lat' dir='ltr'><em>quem</em></span> <span class='ocrx_word' id='word_1_384' title='bbox 610 3326 765 3402; x_wconf 82' lang='lat' dir='ltr'><em>supposuit</em></span> <span class='ocrx_word' id='word_1_385' title='bbox 780 3325 821 3381; x_wconf 90' lang='lat' dir='ltr'><em>ibi</em></span> <span class='ocrx_word' id='word_1_386' title='bbox 832 3325 874 3380; x_wconf 89' lang='lat' dir='ltr'><em>ad</em></span> <span class='ocrx_word' id='word_1_387' title='bbox 887 3338 997 3403; x_wconf 88' lang='lat' dir='ltr'><em>caput,</em></span> <span class='ocrx_word' id='word_1_388' title='bbox 1016 3320 1135 3384; x_wconf 76' lang='lat' dir='ltr'><em>ecstasi</em></span> <span class='ocrx_word' id='word_1_389' title='bbox 1166 3332 1170 3409; x_wconf 70' lang='lat' dir='ltr'>j</span> 
     </span>
     <span class='ocr_line' id='line_1_39' title="bbox 130 3402 1170 3482; baseline 0.005 -26"><span class='ocrx_word' id='word_1_390' title='bbox 130 3402 256 3457; x_wconf 87' lang='lat' dir='ltr'><em>illumin</em></span> <span class='ocrx_word' id='word_1_391' title='bbox 271 3402 398 3471; x_wconf 90' lang='lat' dir='ltr'><em>titulum,</em></span> <span class='ocrx_word' id='word_1_392' title='bbox 414 3413 443 3459; x_wconf 91' lang='lat' dir='ltr'><em>et</em></span> <span class='ocrx_word' id='word_1_393' title='bbox 456 3403 629 3482; x_wconf 78' lang='lat' dir='ltr'><em>superfudit</em></span> <span class='ocrx_word' id='word_1_394' title='bbox 642 3407 733 3462; x_wconf 90' lang='lat' dir='ltr'><em>oleum</em></span> <span class='ocrx_word' id='word_1_395' title='bbox 747 3407 777 3461; x_wconf 90' lang='lat' dir='ltr'><em>in</em></span> <span class='ocrx_word' id='word_1_396' title='bbox 792 3425 930 3465; x_wconf 88' lang='lat' dir='ltr'><em>cacumen</em></span> <span class='ocrx_word' id='word_1_397' title='bbox 945 3411 1026 3466; x_wconf 88' lang='lat' dir='ltr'><em>eius:</em></span> <span class='ocrx_word' id='word_1_398' title='bbox 1040 3419 1135 3465; x_wconf 84' lang='lat' dir='ltr'><em>etcoet·</em></span> <span class='ocrx_word' id='word_1_399' title='bbox 1167 3416 1170 3461; x_wconf 82' lang='grc'><strong>1</strong></span> 
     </span>
     <span class='ocr_line' id='line_1_40' title="bbox 130 3464 1170 3603; baseline 0.008 -65"><span class='ocrx_word' id='word_1_400' title='bbox 130 3483 175 3538; x_wconf 83' lang='lat' dir='ltr'><em>ait</em></span> <span class='ocrx_word' id='word_1_401' title='bbox 187 3475 275 3537; x_wconf 80' lang='lat' dir='ltr'><em>[acob</em></span> <span class='ocrx_word' id='word_1_402' title='bbox 289 3501 389 3540; x_wconf 90' lang='lat' dir='ltr'><em>nomen</em></span> <span class='ocrx_word' id='word_1_403' title='bbox 403 3484 462 3540; x_wconf 89' lang='lat' dir='ltr'><em>loci</em></span> <span class='ocrx_word' id='word_1_404' title='bbox 475 3485 564 3553; x_wconf 84' lang='lat' dir='ltr'><em>illius,</em></span> <span class='ocrx_word' id='word_1_405' title='bbox 579 3485 690 3544; x_wconf 83' lang='lat' dir='ltr'><em>Dbmua</em></span> <span class='ocrx_word' id='word_1_406' title='bbox 700 3486 768 3544; x_wconf 87' lang='lat' dir='ltr'><em>Dei.</em></span> <span class='ocrx_word' id='word_1_407' title='bbox 783 3487 848 3543; x_wconf 90' lang='lat' dir='ltr'><em>Hoc</em></span> <span class='ocrx_word' id='word_1_408' title='bbox 859 3491 897 3545; x_wconf 86' lang='lat' dir='ltr'><em>ad</em></span> <span class='ocrx_word' id='word_1_409' title='bbox 909 3490 1083 3564; x_wconf 84' lang='lat' dir='ltr'><em>prophetiam</em></span> <span class='ocrx_word' id='word_1_410' title='bbox 1091 3501 1135 3560; x_wconf 75' lang='lat' dir='ltr'><em>per·</em></span> <span class='ocrx_word' id='word_1_411' title='bbox 1167 3464 1170 3603; x_wconf 49' lang='lat' dir='ltr'><em>h</em></span> 
     </span>
    </p>

    <p class='ocr_par' dir='ltr' id='par_1_11' title="bbox 79 3563 1135 3642">
     <span class='ocr_line' id='line_1_41' title="bbox 79 3563 1135 3642; baseline 0.004 -26"><span class='ocrx_word' id='word_1_412' title='bbox 79 3577 86 3592; x_wconf 88' lang='lat'><strong>·</strong></span> <span class='ocrx_word' id='word_1_413' title='bbox 122 3563 222 3618; x_wconf 75' lang='lat' dir='ltr'><em>tinet:</em></span> <span class='ocrx_word' id='word_1_414' title='bbox 248 3581 302 3618; x_wconf 87' lang='lat' dir='ltr'><em>nec</em></span> <span class='ocrx_word' id='word_1_415' title='bbox 319 3584 400 3621; x_wconf 89' lang='lat' dir='ltr'><em>more</em></span> <span class='ocrx_word' id='word_1_416' title='bbox 417 3567 599 3623; x_wconf 85' lang='lat' dir='ltr'><em>idololatriae</em></span> <span class='ocrx_word' id='word_1_417' title='bbox 612 3569 735 3642; x_wconf 85' lang='lat' dir='ltr'><em>lapidem</em></span> <span class='ocrx_word' id='word_1_418' title='bbox 748 3569 879 3642; x_wconf 82' lang='lat' dir='ltr'><em>perfudit</em></span> <span class='ocrx_word' id='word_1_419' title='bbox 893 3575 959 3628; x_wconf 88' lang='lat' dir='ltr'><em>oleo</em></span> <span class='ocrx_word' id='word_1_420' title='bbox 973 3573 1069 3642; x_wconf 87' lang='lat' dir='ltr'><em>Iacob,</em></span> <span class='ocrx_word' id='word_1_421' title='bbox 1081 3570 1135 3625; x_wconf 77' lang='lat' dir='ltr'><em>retu</em></span> 
     </span>
    </p>

    <p class='ocr_par' dir='ltr' id='par_1_12' title="bbox 134 3639 1135 3726">
     <span class='ocr_line' id='line_1_42' title="bbox 134 3639 1135 3726; baseline 0.014 -35"><span class='ocrx_word' id='word_1_422' title='bbox 134 3639 245 3695; x_wconf 85' lang='lat' dir='ltr'><em>faciens</em></span> <span class='ocrx_word' id='word_1_423' title='bbox 258 3643 341 3700; x_wconf 88' lang='lat' dir='ltr'><em>illum</em></span> <span class='ocrx_word' id='word_1_424' title='bbox 354 3643 465 3717; x_wconf 81' lang='lat' dir='ltr'><em>Deum3</em></span> <span class='ocrx_word' id='word_1_425' title='bbox 490 3666 583 3722; x_wconf 86' lang='lat' dir='ltr'><em>neque</em></span> <span class='ocrx_word' id='word_1_426' title='bbox 598 3650 674 3704; x_wconf 76' lang='lat' dir='ltr'><em>coho</em></span> <span class='ocrx_word' id='word_1_427' title='bbox 688 3648 821 3706; x_wconf 82' lang='lat' dir='ltr'><em>adoravit</em></span> <span class='ocrx_word' id='word_1_428' title='bbox 835 3669 901 3708; x_wconf 88' lang='lat' dir='ltr'><em>eum</em></span> <span class='ocrx_word' id='word_1_429' title='bbox 913 3652 1051 3726; x_wconf 85' lang='lat' dir='ltr'><em>lapidem,</em></span> <span class='ocrx_word' id='word_1_430' title='bbox 1073 3643 1135 3705; x_wconf 66' lang='lat' dir='ltr'><em>velli</em></span> 
     </span>
    </p>

    <p class='ocr_par' dir='ltr' id='par_1_13' title="bbox 15 3721 1133 3804">
     <span class='ocr_line' id='line_1_43' title="bbox 15 3721 1133 3804; baseline 0.013 -33"><span class='ocrx_word' id='word_1_431' title='bbox 15 3795 17 3804; x_wconf 14' lang='grc' dir='ltr'>χ</span> <span class='ocrx_word' id='word_1_432' title='bbox 129 3721 323 3780; x_wconf 78' lang='lat' dir='ltr'><em>sacrificavit:</em></span> <span class='ocrx_word' id='word_1_433' title='bbox 337 3727 387 3782; x_wconf 82' lang='lat' dir='ltr'><em>sed</em></span> <span class='ocrx_word' id='word_1_434' title='bbox 401 3731 536 3800; x_wconf 86' lang='lat' dir='ltr'><em>quoniam</em></span> <span class='ocrx_word' id='word_1_435' title='bbox 551 3730 658 3786; x_wconf 84' lang='lat' dir='ltr'><em>Christi</em></span> <span class='ocrx_word' id='word_1_436' title='bbox 673 3751 777 3788; x_wconf 90' lang='lat' dir='ltr'><em>nomen</em></span> <span class='ocrx_word' id='word_1_437' title='bbox 792 3751 809 3788; x_wconf 89' lang='lat' dir='ltr'><em>a</em></span> <span class='ocrx_word' id='word_1_438' title='bbox 823 3733 980 3790; x_wconf 79' lang='lat' dir='ltr'><em>chrismate</em></span> <span class='ocrx_word' id='word_1_439' title='bbox 995 3745 1046 3800; x_wconf 83' lang='lat' dir='ltr'><em>est,</em></span> <span class='ocrx_word' id='word_1_440' title='bbox 1064 3730 1087 3786; x_wconf 87' lang='lat' dir='ltr'><em>id</em></span> <span class='ocrx_word' id='word_1_441' title='bbox 1098 3733 1133 3782; x_wconf 72' lang='lat' dir='ltr'><em>ab·</em></span> 
     </span>
    </p>

    <p class='ocr_par' dir='ltr' id='par_1_14' title="bbox 2 3801 1132 3892">
     <span class='ocr_line' id='line_1_44' title="bbox 2 3801 1132 3892; baseline 0.014 -40"><span class='ocrx_word' id='word_1_442' title='bbox 2 3809 23 3869; x_wconf 66' lang='lat'><em>,⁶</em></span> <span class='ocrx_word' id='word_1_443' title='bbox 88 3849 90 3852; x_wconf 79' lang='grc'>,</span> <span class='ocrx_word' id='word_1_444' title='bbox 133 3801 168 3854; x_wconf 87' lang='lat' dir='ltr'><em>ah</em></span> <span class='ocrx_word' id='word_1_445' title='bbox 183 3805 337 3876; x_wconf 73' lang='lat' dir='ltr'><em>unctione,</em></span> <span class='ocrx_word' id='word_1_446' title='bbox 361 3811 490 3881; x_wconf 82' lang='lat' dir='ltr'><em>profecto</em></span> <span class='ocrx_word' id='word_1_447' title='bbox 504 3812 658 3889; x_wconf 82' lang='lat' dir='ltr'><em>figuratum</em></span> <span class='ocrx_word' id='word_1_448' title='bbox 674 3827 716 3871; x_wconf 86' lang='lat' dir='ltr'><em>cst</em></span> <span class='ocrx_word' id='word_1_449' title='bbox 729 3813 798 3872; x_wconf 91' lang='lat' dir='ltr'><em>hine</em></span> <span class='ocrx_word' id='word_1_450' title='bbox 813 3817 939 3892; x_wconf 86' lang='lat' dir='ltr'><em>aliquid,</em></span> <span class='ocrx_word' id='word_1_451' title='bbox 967 3816 1039 3890; x_wconf 82' lang='lat' dir='ltr'><em>quod</em></span> <span class='ocrx_word' id='word_1_452' title='bbox 1052 3812 1132 3870; x_wconf 73' lang='lat' dir='ltr'><em>atoa-</em></span> 
     </span>
    </p>
   </div>
   <div class='ocr_carea' id='block_1_9' title="bbox 0 0 1170 4312">
    <p class='ocr_par' dir='ltr' id='par_1_15' title="bbox 0 0 1170 4312">
     <span class='ocr_line' id='line_1_45' title="bbox 0 0 1170 4312; baseline 0 0"><span class='ocrx_word' id='word_1_453' title='bbox 0 0 1170 4312; x_wconf 95' lang='lat' dir='ltr'><em> </em></span> 
     </span>
    </p>
   </div>
  </div>
 </body>
</html>
