2310 4306
141 199 233 280 ios.
378 217 476 306 nsvr
497 217 687 300 svaran
708 203 956 280 aversurus
990 263 1005 276 ,
1097 279 1098 284 a

141 391 194 448 pro
212 371 360 427 canonicis
382 368 485 440 hahet,
506 379 625 444 propter
644 345 826 446 quorundam
843 371 990 446 Martymm
1004 368 1089 446 passiam
1134 360 1139 397 ’ἕ

141 453 329 509 vehementes
344 461 429 526 atque
441 453 599 522 mirabiles,
614 455 662 527 qui
676 463 744 508 ante
756 472 845 528 quam
855 447 1090 510 Christusvcnisuth
1125 464 1147 479 ¹¹

53 543 61 550 “
142 553 277 604 carnem,
300 551 392 608 usque
405 533 441 588 ad
454 543 577 590 mortem
594 553 646 608 pro
660 535 717 591 Dei
737 538 805 612 lege
825 531 1009 606 certaverunt,
1024 530 1091 603 clunis
1128 544 1135 559 ¹*
1147 538 1155 565 ¹¹

143 619 318 696 gravissima
331 626 416 690 atque
429 614 578 673 horribilia
590 619 782 690 pertulerunt.

444 779 499 836 ..c
516 780 540 836 A
558 779 590 836 Ρ.
632 769 845 837 xxxvtl.

145 875 230 942 Quasi
237 874 397 944 prophetica
412 874 561 926 auctoritas
575 873 646 926 crusni
660 873 767 942 origine
784 871 899 942 gentilis
912 867 1095 941 philosophicum

530 944 624 995 aiatsu
639 943 787 1009 antiquior.
829 995 831 999 Α

208 1029 351 1104 Tempore
363 1024 456 1108 igitur
468 1027 676 1104 Prophetarum
690 1025 872 1102 nostrorum,
898 1009 1008 1106 quorum
1016 1022 1096 1083 lausai

18 1127 19 1130 ’
143 1111 463 1190 ptaadnotitiamferc
477 1114 606 1168 omnium
619 1111 753 1189 gentium
770 1123 980 1188 pervenerunt,
1002 1102 1098 1186 philosoph
1140 1130 1148 1145 -·

144 1193 528 1275 gentiumfnondumerant,
542 1197 592 1269 qui
601 1193 656 1249 hoc
667 1195 755 1250 etiam
768 1197 887 1250 nominc
897 1203 1054 1259 vocarentur,
1063 1182 1099 1260 qul

96 1275 100 1283 ’
144 1279 240 1352 coepit
252 1295 269 1332 a
282 1271 381 1332 Samio
395 1274 572 1354 Pythagora,
586 1269 640 1351 qui¹
651 1295 684 1331 eo
701 1284 847 1352 tempore,
872 1296 929 1351 quo
941 1277 1099 1332 ludacomnu

145 1364 207 1421 luta
220 1368 265 1414 est
278 1360 445 1432 captivitas,
458 1361 554 1434 coepit
568 1361 711 1438 excellere
725 1368 813 1434 atque
826 1360 972 1436 cognosci.
992 1357 1101 1426 Multoup

144 1444 239 1520 magis
266 1442 375 1496 caeteri
399 1440 564 1516 philosophi
591 1451 658 1516 post
679 1439 839 1516 Prophetas
862 1443 1035 1516 reperiuntur
1049 1431 1101 1491 luia
1129 1464 1154 1487 a·

144 1525 219 1582 Nam
232 1526 295 1598 ipsc
308 1522 443 1580 Socrates
456 1523 660 1594 Atheniensis,
670 1525 813 1600 magister
828 1526 954 1580 omnium
968 1525 1011 1598 qui
1021 1529 1102 1576 tuncne

145 1611 223 1666 xime
237 1609 415 1676 claruerunt,
429 1615 533 1662 tenens
547 1608 579 1662 in
594 1615 732 1680 superte,
747 1625 823 1680 quae
833 1607 951 1662 moralis
962 1608 1005 1663 vel
1015 1593 1109 1660 oticsis
1140 1632 1155 1651 2

112 1698 115 1703 ’
145 1694 233 1772 citur,
252 1691 464 1764 principatum,
483 1697 549 1764 post
561 1687 684 1744 Esdram
696 1690 728 1744 in
742 1687 901 1745 Chronicis-
912 1690 1049 1746 invonitur.
1072 1677 1103 1735 ln
1154 1692 1155 1736 l

144 1775 234 1840 multo
246 1781 312 1847 post
330 1772 418 1828 etiam
431 1765 514 1826 Plato
533 1780 618 1827 nattis
637 1781 698 1842 est,
722 1773 772 1845 qui
789 1773 880 1848 longe
899 1767 1019 1828 caeteros
1031 1755 1106 1824 soant
1132 1800 1134 1805 ι

100 1883 101 1888 ¹
144 1855 301 1931 discipulos
315 1855 451 1910 anteiret.
487 1854 597 1920 Quibus
616 1855 642 1908 si
656 1852 794 1926 addamus
814 1857 904 1910 etiarn
922 1854 1069 1928 superiores,
1099 1837 1104 1854 ’
1150 1878 1153 1897 ι

144 1939 276 2010 nondum
288 1935 452 2011 philosophi
464 1937 661 2008 vocabantur,
688 1946 798 2017 septem
818 1938 932 1992 scilicet
944 1935 1078 2010 Sapientes,
1090 1937 1106 1976 a
1130 1970 1132 1975 ,

144 2022 250 2078 deinde
264 2018 400 2095 physicos
414 2021 464 2094 qui
477 2017 594 2084 Thaleti
607 2029 828 2091 successerunt,
851 2021 883 2074 in
900 2012 1107 2096 perscrutandas

66 2147 72 2160 .
143 2115 210 2160 tura
222 2121 320 2158 rerum
331 2100 458 2157 studium
469 2103 531 2156 eins
544 2103 660 2173 imitati,
673 2102 924 2158 Anaximandrum
934 2093 1108 2158 sollicetum
1152 2127 1155 2149 ι

143 2189 290 2242 ximcncm
304 2185 334 2240 et
346 2185 567 2262 Anaxagoram,
590 2183 721 2260 aliosque
741 2185 915 2256 nonnullos,
938 2194 1001 2240 ante
1012 2171 1108 2258 quanli·

142 2269 280 2345 thagoras
294 2285 326 2321 sc
338 2265 540 2340 philosophum
551 2267 661 2340 primus
674 2268 870 2341 profiteretur,
889 2287 944 2323 nec
956 2269 999 2322 illi
1010 2257 1109 2348 proptu
1146 2292 1150 2313 ε

142 2363 257 2408 nostros
272 2351 424 2404 universos
435 2351 573 2424 temporis
584 2351 759 2424 antiquitate
772 2344 965 2424 praecedunt:
979 2345 1112 2429 quartalli·

98 2487 100 2490 .
142 2435 207 2488 clem
220 2429 338 2501 Thales,
361 2433 529 2505 postquem
542 2433 652 2486 caeteri
665 2428 795 2504 fuerunt,
808 2431 1112 2511 regnantellomulocu
1143 2466 1147 2477 ι

142 2517 241 2572 nuisse
256 2510 435 2590 [emicuisse]
450 2514 555 2584 fertur,
566 2512 961 2588 quandoslefontibuslsrail
973 2503 1114 2572 insistatis
1147 2550 1148 2561 .

142 2610 215 2672 quae
229 2606 291 2653 toto
305 2596 374 2651 orbe
386 2605 550 2667 manarent,
563 2583 734 2670 prophetiael
746 2595 857 2656 flumen
872 2601 978 2674 erupit.
1008 2589 1116 2668 Saliip'll
1145 2630 1146 2635 κ

142 2681 186 2735 illi
202 2679 332 2757 theologi
346 2685 460 2752 poetae,
475 2677 620 2753 Orpheus,
640 2678 744 2751 Linus,
766 2678 916 2753 Musaeus,
941 2692 972 2738 et
984 2682 1012 2737 si
1022 2680 1073 2756 quis
1081 2671 1120 2728 all!
1140 2642 1155 2717 h

141 2761 215 2836 apud
230 2763 357 2818 Graecos
372 2761 442 2831 fuit,
469 2758 514 2816 his
527 2760 681 2835 Prophetis
694 2761 852 2835 Hebraeis,
879 2782 1005 2840 quorum
1024 2751 1124 2846 scriptuli
1143 2724 1155 2789 Ι-

140 2847 315 2900 auctoritate
328 2842 482 2914 hahemus,
506 2844 592 2898 annis
611 2846 799 2918 'reperiuntur
818 2848 943 2921 priores.
979 2839 1126 2912 sauneio
1148 2804 1155 2937 '¹

5 2977 6 2984 ,
26 2933 36 2948 ‘
52 2975 59 2994 ,
139 2946 242 2984 verum
256 2925 422 3001 theologum
435 2934 569 2982 nostrum
582 2924 714 3000 Moysen,
729 2929 780 3001 qui
793 2945 886 2984 unum
898 2935 1004 2986 v‘erum
1016 2929 1129 2987 Dennlt·

83 3015 89 3030 ‘
128 3011 248 3076 sraeiter
265 3007 459 3083 praedicavit,
483 3009 566 3063 cuius
584 3010 662 3064 nunc
682 3011 792 3083 scripta
809 3011 841 3066 in
859 3015 1044 3070 auctoritatis
1062 3017 1132 3067 carsll

124 3094 335 3167 primosum,
358 3099 487 3164 tempore
510 3101 743 3164 praevenerunt:
767 3110 802 3148 ac
824 3112 880 3168 per
899 3093 957 3151 hoc
980 3079 1136 3171 quantulosl

141 3175 269 3230 Graecos
284 3174 399 3242 attinet,
413 3175 444 3227 in
454 3190 511 3248 qua
521 3174 623 3249 lingua
635 3175 738 3228 literae
752 3173 840 3230 huius
853 3179 966 3233 saeculi
978 3171 1138 3235 marineiu-

42 3271 44 3278 “
139 3257 281 3325 buerunt,
304 3253 377 3310 nihil
390 3252 498 3310 hahent
510 3255 587 3310 unde
601 3257 774 3328 sapientiam
786 3274 870 3314 suam
883 3261 1014 3332 iactent,
1038 3251 1140 3336 quorci-

35 3333 38 3356 ”
140 3341 231 3421 glane
243 3347 358 3408 nostra,
381 3337 432 3392 uhi
444 3355 514 3393 vera
529 3339 672 3411 sapientia
688 3349 747 3409 est,
772 3337 879 3398 ‘sinon
898 3344 1050 3418 superior,
1072 3341 1142 3396 saltu

138 3421 275 3477 videatur
288 3421 444 3494 antiquior.
483 3418 601 3489 Verum,
616 3419 692 3494 quod
704 3421 855 3478 fatendum
869 3434 925 3494 est,
941 3445 1003 3482 non
1016 3419 1143 3501 quidsuis

32 3511 51 3535 ³
140 3503 276 3573 Graecia,
292 3501 343 3557 sed
356 3504 387 3558 in
400 3501 531 3558 barbaris
545 3503 692 3579 gentihus,
713 3505 790 3559 sicut
802 3506 833 3560 in
847 3506 997 3583 Aegypto,
1011 3510 1067 3563 iam
1079 3505 1145 3560 iacnt

79 3613 80 3616 ¹
139 3595 208 3641 ante
221 3584 502 3659 Mopsennonnulla
516 3584 665 3654 doctrina,
686 3604 760 3661 quae
773 3587 891 3644 illorum
906 3592 1052 3664 sapientia
1064 3589 1145 3644 dicere·

53 3689 54 3694 ¹
137 3676 201 3723 tur:
227 3669 356 3741 alioquin
370 3685 431 3723 non
445 3669 586 3740 scriptum
599 3678 677 3722 esset
689 3670 720 3723 in
734 3669 815 3724 libris
830 3669 959 3743 sanctis,
973 3672 1089 3748 Moysen
1101 3681 1144 3722 cm·

138 3747 232 3804 (litum
244 3749 428 3805 fuisse'omni
442 3751 584 3822 sapientia
597 3749 821 3826 Aegyptiorum,
847 3762 920 3809 tunc
935 3756 1038 3831 utique
1059 3744 1144 3828 quanli

61 3861 88 3884 .·
136 3827 178 3883 ihi
201 3838 287 3885 natus
310 3839 370 3902 est,
397 3840 427 3887 et
446 3849 464 3885 a
484 3831 544 3886 filia
562 3829 723 3916 Pharaonis
742 3833 898 3910 adoptatus
922 3845 1011 3912 atque
1032 3834 1142 3892 anaim
