2400 4312
340 155 348 184 l

139 245 200 300 ‘226
368 238 478 299 DIVI*
494 238 681 300 AVRELII
702 240 957 300 AVGVSTINI

140 395 250 466 cellit,
258 394 360 465 idest,
385 413 475 452 unum
488 412 592 450 verum
605 395 746 468 optimum
759 391 904 465 Deum,
880 411 944 449 stne
958 411 1015 469 quo
1031 398 1106 456 nulla
1117 415 1155 452 na-

140 487 205 532 tura
218 475 362 547 subsistit,
377 480 455 534 nulla
470 477 626 532 doctrina
618 478 748 547 instruit,
763 466 861 532 nullus
874 487 944 531 usus
959 478 1117 551 expeditz'
1104 499 1133 552 sp
1135 499 1194 536 ιι

42 603 43 610 ,
99 558 101 562 ’
129 569 309 639 ἰιιιιιιιιιιιῃ
322 560 371 615 ubi
386 561 470 616 nobis
484 577 588 616 secura
602 568 671 614 sunt
684 561 797 630 ornuia3
818 560 882 631 ipse
896 569 1047 632 cernatur,
1060 561 1106 618 ubi
1118 580 1194 638 uo·

139 641 184 698 bis
200 651 280 700 certa
293 651 364 699 sunt
377 644 489 699 omnia·
483 643 566 718 ,ipse
580 641 730 736 diligatur,
743 641 794 698 ubi
803 642 889 699 nobis
900 650 983 700 reeta
994 653 1063 743 sunt
1072 647 1198 732 emnia„

475 805 759 894 ὈΑΡ.ῐζ.

142 905 220 971 Qetod
228 908 259 959 de
270 915 281 958 t
282 904 405 988 beologio
415 919 474 956 curn
485 903 637 958 Platonicis
646 904 816 974 potissimum
831 905 1040 974 disceptandum
1048 906 1096 970 sit,
1114 889 1198 981 quo}

179 993 240 1027 rum
250 975 370 1050 opinioni
380 975 495 1030 eternium
503 970 720 1052 pbilosophorum
727 978 912 1044 postponenda
927 977 983 1029 rim
998 978 1127 1048 dogrneto.

204 1063 239 1120 Si
252 1083 323 1141 erge
337 1064 420 1121 Plato
433 1062 492 1121 Dei
503 1063 613 1121 huius'
604 1063 792 1137 imitatorem,
813 1068 1007 1142 cognitorem,
1022 1075 1157 1122 amatorem

97 1219 98 1224 Ἰ
119 1157 121 1162 “
144 1147 220 1204 dixit
233 1166 298 1202 esse
311 1145 488 1232 sapientem,
499 1149 582 1204 euius
596 1147 821 1222 participatione
835 1151 874 1204 sit
886 1149 1004 1221 beatus,
1026 1147 1156 1224 qnidopu
1120 1151 1198 1268 p‘p

144 1240 189 1288 est
202 1239 342 1287 excutere
355 1221 507 1285 caeterosl
529 1229 610 1287 Nulli
624 1230 719 1302 nobis,
735 1251 823 1307 quara
835 1232 896 1301 isti,
915 1234 1035 1306 propius
1049 1249 1155 1286 accesse-

103 1369 106 1375 ,
143 1321 223 1370 runt.
233 1311 370 1372 Cedat
345 1331 386 1368 eis
400 1313 498 1390 igitur
497 1331 566 1369 non
579 1314 675 1369 solum
681 1312 839 1410 theologia
851 1316 901 1369 illa
914 1313 1049 1370 fabulosa
1061 1314 1188 1369 deorum

144 1395 315 1452 criminibus
330 1395 479 1452 oblectans
493 1399 607 1452 animos
620 1397 788 1471 impiorum3
803 1415 856 1452 nee
871 1399 964 1452 solum
976 1399 1064 1453 etiam
1074 1397 1145 1472 illa'
1127 1415 1155 1450 ιι-

144 1481 229 1551 vilis,
242 1479 294 1535 ubi
307 1480 415 1553 impuri
428 1479 583 1534 daemones
598 1478 787 1544 terrestribus
801 1478 916 1556 gaudiis
931 1477 1045 1535 deditos
1058 1480 1155 1554 populos

145 1557 266 1619 deorum
279 1563 399 1618 nomine
413 1556 603 1632 seducentes,
616 1559 758 1617 humanos
773 1559 886 1618 errores
900 1570 1041 1636 tanquam
1054 1569 1114 1617 su'os
1126 1559 1155 1614 di·

89 1639 92 1642 ’
145 1647 229 1704 ιὶιιοι
242 1644 369 1702 honores
382 1642 489 1700 habere
502 1646 675 1713 voluerunt,
701 1643 738 1698 ad
756 1643 929 1718 spectandos
948 1664 1068 1702 suorum
1081 1643 1154 1699 crini·
1176 1658 1198 1750 ἐξ

144 1749 215 1786 num
233 1727 319 1798 ludos
339 1731 468 1798 cultores
488 1745 557 1783 suos
577 1737 716 1800 tanquam
729 1726 765 1782 ad
781 1747 868 1791 suum
882 1729 991 1784 cultum
1007 1727 1124 1793 studiis
1117 1725 1182 1802 irc-²,

144 1811 343 1868 mundissimis
368 1812 543 1882 excitantes,
568 1818 597 1864 et
620 1809 676 1864 sibi
702 1808 932 1870 delectabiliores
950 1810 1035 1867 ludos
1056 1811 1111 1865 de
1104 1803 1198 1890 ipsis}⁵

145 1895 355 1968 spectatoribus
370 1891 557 1948 exhibentes:
585 1885 636 1948 ubi
649 1893 675 1946 si
690 1910 746 1967 qua
759 1894 841 1949 velut
852 1891 977 1948 honesta
991 1902 1125 1971 geruntur
1134 1893 1180 1944 ir
1175 1921 1198 1968 ,2-

119 1983 120 1986 ’
144 1979 275 2052 templis,
300 1976 457 2031 coniuncta
471 1973 526 2030 sibi
539 1973 721 2033 theatrorum
735 1975 935 2039 obscoenitate
948 1985 1115 2051 turpantur3
1136 1979 1154 2026 tt
1177 1991 1196 2033 t

77 2069 81 2082 ’
145 2076 334 2135 quaeeunque
347 2059 444 2130 turpia
457 2059 625 2133 geruntur
617 2077 648 2114 m
662 2055 794 2129 theatris,
809 2067 974 2132 comparata
988 2059 1045 2114 sibi
1058 2057 1154 2132 templo·

55 2186 63 2190 -
143 2160 210 2197 rum
223 2140 363 2195 foeditate
377 2137 543 2196 laudantur.
565 2139 606 2196 Et
615 2159 653 2200 ‚ea
666 2159 739 2215 quae
752 2139 845 2196 Vatro
859 2159 897 2194 cx
910 2140 955 2196 hii
970 2145 1080 2214 sacris,
1096 2137 1155 2216 qnasi

144 2223 181 2280 ad
200 2225 312 2278 eoelum
333 2231 362 2277 ct
377 2229 488 2277 terram
505 2239 661 2298 rerumque
680 2225 846 2279 mortalium
865 2226 978 2282 semina
994 2235 1026 2281 et
1039 2224 1155 2281 aetusiu-

144 2305 321 2381 terpretatus
343 2313 403 2376 est;
425 2305 494 2378 quia
514 2325 569 2362 nee
582 2307 646 2379 ipsa
662 2305 721 2361 illis
742 2306 847 2362 ritibus
867 2303 1084 2385 significantur,
1097 2319 1156 2380 'quet

144 2390 207 2463 ipse
221 2388 374 2444 insinnare
387 2393 525 2461 ιοιιιιιιις
544 2397 573 2444 et
589 2388 656 2444 ideo
669 2391 778 2446 veritas
793 2400 947 2446 conantem
960 2410 1022 2462 non
1036 2391 1158 2466 sequitur:

108 2479 110 2502 ·
145 2481 175 2526 et
187 2473 213 2527 si
225 2473 288 2544 ipse
303 2480 412 2542 essent,
427 2479 525 2528 tamen
539 2475 653 2527 animae
665 2473 803 2538 rationali
812 2489 846 2528 ea
858 2491 930 2547 quae
944 2453 1022 2530 infra
1034 2476 1110 2529 illam
1120 2487 1158 2526 ιιι-

143 2563 228 2610 turae
243 2553 346 2609 ordine
360 2554 520 2610 constituta
533 2564 618 2626 sunt,
644 2554 764 2627 prodeo
779 2573 833 2610 suo
853 2555 975 2611 colenda
989 2571 1052 2612 non
1066 2561 1160 2612 essent:

144 2655 198 2692 nec
206 2636 529 2710 sibipraeferredeburt
535 2646 673 2710 tanquam
680 2633 759 2707 dees,
767 2653 815 2692 eas
821 2655 880 2707 res,
888 2637 1007 2712 qmbus
998 2659 1090 2713 ipsam
1095 2653 1161 2712 prae

143 2720 213 2774 tulit
225 2735 312 2775 verus
326 2717 417 2776 Deus.
446 2717 485 2774 Et
499 2736 533 2774 ea
550 2736 624 2793 quae
637 2719 731 2774 Numa
746 2718 906 2792 Pompilius
920 2739 953 2775 re
965 2731 1037 2777 vcra
1050 2723 1086 2778 ad
1098 2734 1162 2776 sacre

145 2801 288 2857 eiusmodi
300 2797 480 2876 pertinentia
494 2809 593 2857 seeum
607 2800 774 2876 sepeliendo
788 2804 902 2858 curavit
912 2803 1062 2876 abscondi,
1076 2814 1165 2860 ctera-

20 2929 21 2934 *
63 2899 66 2906 ·
141 2881 191 2941 vtro
211 2893 293 2941 eruta
313 2893 432 2940 senatus
452 2886 540 2940 iussit
556 2884 684 2941 incendi.
708 2884 742 2941 ln
762 2904 796 2940 eo
810 2903 920 2962 genere
935 2895 1005 2941 suut
1018 2886 1165 2951 etiamillr,

42 2961 48 2964 ’
143 2977 179 3024 ut
189 2967 298 3044 aliquid
313 2967 349 3023 de
363 2967 459 3024 Numa
471 2965 571 3024 mitius
586 2966 775 3042 suspieenmr,
790 2969 1046 3042 quae·Alcxander
1059 2966 1165 3027 Macedo

141 3052 245 3108 scribit
258 3051 294 3107 ad
307 3047 440 3121 matrem,
453 3051 510 3106 sibi
521 3065 654 3128 amagno
665 3053 797 3107 antistite
810 3061 962 3108 sacrorum
969 3048 1166 3130 Acgyptiorum

58 3177 62 3180 .
142 3134 267 3209 quodam
279 3133 378 3190 Leone
391 3134 549 3208 patefacta:
563 3134 613 3189 ubi
626 3147 686 3190 non
700 3133 788 3190 Piens
803 3143 832 3188 et
844 3135 963 3191 Faunus
979 3145 1010 3190 e't
1022 3137 1134 3192 Aeneas
1146 3143 1167 3187 et

141 3215 300 3286 Romulus,
326 3219 375 3273 vel
392 3218 480 3272 etiam
494 3214 641 3273 'Hercules
664 3227 693 3274 et
706 3218 896 3292 Aesculapius
917 3227 947 3273 ct
964 3217 1053 3275 Liber
1066 3219 1168 3276 Semele

1177 1331 1198 1641 ΓΓὙΝΕΨΓΓ

142 3310 238 3371 natus,
253 3309 283 3354 et
296 3295 482 3373 Tyndaridae
496 3299 619 3371 fratres,
637 3304 705 3356 etsi
719 3319 789 3376 quos
804 3301 876 3356 alios
891 3319 929 3356 cx
942 3303 1114 3360 mortalibus
1126 3313 1168 3376 pto

143 3381 197 3437 diis
211 3381 329 3452 habent,
343 3381 415 3437 scd
407 3383 463 3456 ipsi
476 3385 565 3438 etiam
577 3385 719 3439 maiorum
731 3386 863 3461 gentium
876 3383 928 3454 dii,
943 3401 1016 3458 ques
1031 3385 1152 3442 Cicero'
1145 3401 1169 3438 m

105 3491 106 3498 ι
142 3463 320 3521 Tusculanis
334 3467 430 3520 tacitis
444 3463 610 3522 nominibus
621 3467 916 3544 videturattingere,
943 3467 1069 3540 Iupiter,
1096 3468 1170 3523 luno

123 3593 126 3606 ,,
142 3539 300 3618 Saturnus,
316 3546 477 3647 Vulcanus,
490 3547 591 3619 Vesta,
606 3559 635 3605 et
648 3551 698 3606 alii
712 3550 840 3625 plurimi,
859 3567 931 3624 quos
944 3548 1040 3606 Varro
1056 3560 1171 3608 conatur

143 3629 179 3684 ad
193 3629 292 3686 mundi
304 3641 401 3705 partes
416 3634 478 3687 sive
499 3633 641 3688 elementa
655 3633 843 3700 transferre,
857 3631 991 3688 homines
1004 3633 1098 3689 fuisse
1110 3651 1171 3707 pro·

106 3775 110 3782 ι
125 3711 261 3768 duntur.
276 3712 397 3769 Timent
412 3716 491 3770 enim
503 3723 533 3770 et
544 3715 593 3770 ille
608 3718 690 3788 quasi
703 3715 833 3786 revelata
845 3716 995 3790 mysteria,
1009 3726 1113 3789 petens
1128 3715 1172 3770 ad-

143 3804 243 3849 monet
262 3795 473 3868 Alexandrum,
499 3808 532 3852 ut
550 3815 615 3852 cum
634 3815 668 3850 ea
686 3799 772 3852 matri
791 3800 956 3871 conscripta
969 3799 1173 3866 insinuaverit,

139 3874 264 3932 barennis
288 3877 388 3934 iubeat
413 3881 602 3936 concremari.
637 3879 703 3937 Non
723 3882 815 3936 selum
835 3899 906 3958 crgo
924 3881 1091 3956 ista,.quac
1105 3882 1174 3938 duas
