2340 4320
229 212 292 271 DE
315 209 529 270 ctl'ITATE
550 209 627 268 nst
648 212 731 270 LlB.
754 212 821 306 ΗΛ
1008 216 1066 273 173

10 361 12 384 ³
57 367 168 440 ¹scripsit,
193 383 281 440 qnam
293 365 388 438 multa
401 365 452 420 vix
463 383 626 440 quenquam
638 365 738 442 legere
755 366 883 438 potuisse
902 365 1065 424 credamus:

1 456 2 460 ’
60 452 114 518 iate,
135 451 263 522 inquam,
276 449 326 504 vir
338 457 438 502 tantus
451 448 586 522 ingenio,
607 459 761 523 tantusque
776 447 923 517 doctrina,
932 451 957 502 si
971 467 1067 504 rerum

1 541 24 560 ⁴
60 533 124 588 uelut
133 532 310 600 divinarum,
332 527 479 605 dequibus
492 531 609 600 scribit,
630 540 813 608 oppugnator
826 542 905 586 esset
918 541 1003 605 atque
1016 530 1066 587 de·

62 625 171 683 iunctm,
184 627 293 688 easque
306 631 368 668 non
381 612 418 669 ad
429 599 613 690 r'eligionem,
625 614 676 670 sed
689 615 726 670 ad
739 615 975 687 superstitionem
987 612 1066 670 dice-
1108 647 1110 650 ·

5 761 6 766 ἵ
61 708 96 752 ret
105 699 246 772 pertinere,
261 697 467 752 nesciantrnm
481 708 541 752 tam
553 699 644 753 multa
656 700 737 753 ineis
744 696 875 766 ridenda,
881 707 1068 754 contemnen-

1 819 6 828 «
63 781 97 850 da,
107 775 269 835 detestanda
281 780 487 835 conscriberet
532 777 605 835 Cum
617 797 689 836 vero
703 780 771 835 deos
786 780 903 836 eoadem
916 782 1068 836 itaeolue·

63 865 107 930 rit,
118 863 300 936 colendosque
315 864 473 934 censuerit,
483 871 517 918 nt
530 865 561 918 in
574 881 609 918 eo
619 865 680 938 ipso
691 871 777 938 opere
790 865 941 920 literarum
950 882 1068 919 suarum

1 962 3 970 ’
68 945 127 1000 dicat
136 964 161 1000 ee
168 949 273 1002 timere
287 964 327 1000 ne
335 954 474 1017 pereant,
495 963 556 1000 non
570 947 688 1001 incursu
702 946 810 1016 hostili,
823 946 875 1002 sed
892 949 999 1002 civium
1015 966 1067 1002 ne-

70 1029 190 1105 gligentia,
204 1029 242 1084 de
257 1047 316 1104 qna
326 1029 393 1084 illos
406 1029 488 1084 velut
500 1029 587 1084 rniua
599 1029 717 1084 liberari
736 1048 755 1084 a
765 1048 797 1084 se
811 1029 899 1098 dicit,
922 1040 952 1085 ct
964 1032 995 1084 in
1004 1049 1068 1086 mc-

70 1114 135 1166 noria
144 1113 282 1169 bonorum
294 1109 524 1186 perhuinsmodi
535 1111 624 1168 libros
636 1112 756 1168 recondi
769 1121 855 1186 atquc
870 1115 983 1168 servari
1006 1115 1069 1168 uti-

67 1193 120 1249 liore
130 1213 200 1264 eura,
214 1213 306 1269 qnam
318 1185 453 1250 Metellus
465 1193 501 1249 tle
514 1193 651 1250 incendio
663 1213 746 1251 sacra
759 1194 899 1265 Vestalis,
913 1197 1068 1252 atheneus

66 1275 90 1331 lc
100 1275 209 1334 Troiano
223 1276 343 1333 excidio
356 1286 474 1351 penates
487 1276 627 1332 liberasse
645 1277 843 1352 praedicatur3
869 1288 899 1350 et
915 1288 1014 1335 tamen
1034 1297 1070 1334 ea

63 1359 159 1434 legenda
169 1362 294 1417 neoclis
302 1359 414 1432 prodit,
433 1377 507 1432 quae
520 1379 538 1415 a
549 1362 730 1434 sapientibus
742 1371 771 1415 et
783 1361 987 1435 insipientibus
1007 1381 1069 1417 me-

7 1469 11 1481 ·
64 1445 104 1497 rita
115 1441 289 1511 abiicienda,
317 1450 348 1497 et
359 1444 477 1498 veritati
491 1444 644 1520 religionis
662 1445 863 1498 inimicissima
885 1443 1068 1501 iudicentur:

1 1553 3 1582 1
64 1525 113 1598 quid
124 1527 289 1581 existimare
304 1523 449 1592 debemus,
462 1527 521 1581 nisi
532 1523 679 1582 hominem
693 1517 864 1581 acerrimuhi
879 1544 912 1580 ac
925 1529 1070 1601 peritissi-

8 1605 13 1626 ³
62 1626 128 1679 num,
140 1627 197 1664 non
209 1619 313 1664 tamen
325 1617 426 1663 sancto
443 1606 555 1682 Spiritu
568 1609 703 1678 liberum,
717 1609 986 1684 oppressumyfuissc
999 1629 1069 1666 suae

63 1693 166 1748 civitatis
180 1691 396 1748 cousuetudine
407 1709 441 1745 oc
453 1692 584 1768 legibns3
611 1700 750 1747 ettamen
764 1709 797 1744 ea
817 1692 922 1764 quibus
935 1695 1069 1750 ιιιιιιοΙιι-Ι

62 1784 97 1830 tn
107 1775 150 1832 sub
163 1777 263 1850 specie
276 1773 519 1832 commendandae
531 1776 686 1854 religionis
700 1783 797 1830 tacere
811 1770 956 1829 holuissei

411 1941 553 2000 car.
595 1939 672 2028 ιιι.

10 2079 16 2102 ,
65 2035 120 2098 Qeae
131 2037 293 2107 aitpartitio
312 2034 442 2090 Varronis
454 2038 583 2089 librarum
595 2053 717 2100 saonam,
737 2053 802 2105 quaa
815 2037 848 2088 de
864 2035 1070 2104 antiquitatibus

0 2131 2 2134 v
223 2105 877 2174 rerumhomaaaramdivinarumqaccompioaait.
1076 2097 1089 2126 s

0 2167 2 2224 μ
108 2194 302 2274 Quadraginta
313 2195 504 2250 nnumlibrcs
517 2196 634 2269 scripsit
652 2196 874 2269 antiquitatum:
897 2192 951 2248 'hos
969 2194 1002 2248 in
1021 2212 1069 2248 res
1111 2189 1114 2194 ’

2 2301 14 2339 a
64 2272 173 2335 laninas
186 2279 365 2352 divinosque
378 2277 497 2346 divisit,
508 2279 594 2333 rebus
606 2277 739 2334 humanis
753 2279 862 2354 viginti
875 2280 1013 2353 quinque,
1025 2277 1070 2332 di-

5 2375 13 2408 l
69 2360 127 2414 riuis
137 2363 280 2418 sexdecim
293 2359 410 2418 tribuit:
424 2364 512 2418 istam
525 2371 638 2416 secutus
651 2363 731 2418 inea
742 2363 900 2437 partitione
914 2359 1069 2431 rationem,
1151 2419 1152 2424 ἵ

10 2477 11 2480 =
69 2450 181 2502 strenam
193 2445 391 2502 humanarum
404 2438 494 2501 libros
508 2462 595 2500 senos
610 2447 872 2520 quatuorpcrtibus
886 2443 978 2500 daret.
1020 2443 1070 2499 ln-

10 2543 12 2550 *
69 2525 139 2582 tendit
147 2532 223 2586 enim
238 2530 290 2602 qui
303 2538 404 2603 agant,
417 2527 467 2584 ubi
480 2538 579 2604 agant,
594 2528 709 2602 qnando
723 2538 824 2606 agant,
837 2529 905 2603 quid
917 2537 1016 2604 agant.
1033 2524 1069 2583 ln

6 2639 11 2662 -,
65 2623 102 2662 ιιι
112 2611 199 2688 itaque
210 2613 318 2686 primis
333 2611 368 2665 de
380 2611 545 2693 hominibus
559 2613 691 2685 scripsit,
709 2613 740 2666 in
759 2611 897 2667 secundis
909 2617 962 2667 se‘x
975 2611 1010 2666 de
1024 2611 1069 2667 lo-

63 2693 105 2764 cis,
123 2713 172 2750 sex
183 2697 291 2752 tertios
305 2693 340 2750 dc
352 2695 545 2770 temporibus,
576 2713 629 2749 sex
642 2704 759 2770 quartos
773 2694 944 2770 cosdemque
957 2705 1069 2769 postre-
1148 2763 1149 2766 Ἴ

7 2790 10 2813 ³
63 2777 147 2833 ootdc
158 2778 246 2836 rebus
260 2776 392 2833 absolvit.
435 2779 547 2845 Quatcr
559 2789 657 2833 autem
670 2780 750 2847 seni,
777 2780 886 2854 viginti
896 2787 927 2832 et
944 2783 1070 2852 quatuor

0 2824 10 2897 Ῐ
62 2855 123 2915 iant.
162 2860 224 2918 Sed
237 2879 329 2920 unum
342 2862 530 2938 singularem,
537 2861 586 2936 qui
599 2864 791 2918 communiter
797 2863 874 2935 prius
889 2861 925 2916 dc
937 2862 1072 2917 omnibns

0 2904 6 2987 Ι
60 2938 215 3015 loqueretur,
231 2945 263 2999 in
277 2945 372 3018 capite
380 2945 487 3018 posuit.
531 2941 565 2999 ln
579 2943 685 3000 divinis
699 2943 856 3000 identidem
868 2945 954 3000 rebus
969 2944 1070 3000 eadem
1147 2955 1150 2962 ’

0 3060 2 3071 ,
58 3020 136 3082 abillo
150 3027 307 3084 divisionis
319 3026 412 3083 forma
423 3028 540 3084 ictuata
554 3037 607 3098 est,
621 3037 759 3102 quantum
775 3029 881 3084 attinet
894 3027 930 3082 ad
943 3045 978 3082 ea
994 3039 1070 3100 quae

0 3080 10 3157 h
57 3103 98 3162 diis
109 3109 271 3166 exhibenda
284 3119 362 3165 sunt.
404 3109 588 3166 Exhibentur
600 3112 678 3166 euim
690 3111 727 3166 ab
742 3109 906 3167 hominibus
918 3113 950 3165 in
962 3111 1071 3164 locisct

0 3164 5 3239 l
55 3194 315 3266 tenporibnssacra.
355 3191 436 3249 llaec
449 3203 574 3268 quatuor
586 3211 660 3266 qnae
672 3192 743 3264 dixi,
753 3195 835 3251 libris
846 3194 1015 3265 complexus
1028 3202 1072 3246 est

0 3246 4 3309 l
55 3279 144 3333 ternis:
163 3295 234 3331 nam
247 3284 309 3330 tres
320 3277 430 3349 priores
444 3274 479 3331 de
491 3275 654 3333 hominibus
668 3280 798 3351 scripsit,
811 3285 964 3352 sequentes
977 3273 1012 3328 dc
1025 3276 1089 3330 lo·'
1123 3277 1124 3282 ’

8 3356 10 3431 f
54 3357 207 3428 cistertios
223 3355 259 3412 dc
273 3360 460 3430 temporibus,
474 3364 593 3435 quartos
608 3360 643 3415 de
657 3363 763 3433 sacris3
791 3362 879 3416 ctiam
892 3358 1002 3431 hicqui
1016 3375 1070 3412 cx—

6 3436 9 3441 ’
53 3433 165 3511 libeant,
178 3440 232 3496 ubi
246 3437 414 3513 exhibeant,
426 3442 540 3516 quando
555 3441 721 3516 exhibeant,
732 3444 802 3519 quid
816 3439 987 3509 exhibeant,
1002 3439 1069 3496 sub-

50 3522 173 3581 tilissima
188 3524 379 3580 distinctione
393 3525 607 3582 commendans.
650 3525 713 3582 Sed
724 3521 1069 3601 quia'oportebatdiccre,

49 3615 72 3660 ct
81 3610 206 3664 maxime
220 3605 253 3662 id
268 3607 502 3679 exspectabatur,
523 3609 628 3684 quibua
641 3608 813 3679 exhibeant,
827 3606 862 3660 de
875 3607 945 3680 ipsis
957 3624 1069 3682 quoquc

48 3685 91 3744 iiia
103 3700 165 3746 tres
181 3688 357 3760 conscripsit
371 3697 525 3762 extremos,
539 3703 572 3748 nt
583 3694 737 3767 quinquies
751 3691 828 3745 terni
842 3687 1070 3763 quindecinilie-
1155 3753 1158 3764 Ι

47 3783 108 3842 [ent.
153 3771 235 3828 Sunt
249 3777 347 3824 antem
361 3788 474 3841 omnes,
487 3784 521 3830 ut
533 3774 659 3832 dixnuus
669 3814 678 3844 ,
688 3774 847 3828 sexdecim:
874 3772 943 3846 quia
956 3783 985 3828 et
998 3775 1071 3842 istos

46 3867 99 3911 mur
112 3852 242 3912 exordio
259 3869 348 3910 unuin
363 3855 553 3929 singularem,
577 3859 626 3934 qui
639 3859 720 3930 prius
736 3857 772 3914 de
792 3856 926 3914 omuibus
937 3855 1074 3934 loquere-
