2266 4312
95 231 109 242 -
176 171 252 296 'aa
272 197 492 282 crvrrnru
518 203 702 265 aarum.
721 203 821 270 xur.
862 213 878 287 ί
953 218 1064 282 ΙΙΙ,

0 352 154 438 augelia;
166 361 251 437 ligna
262 357 425 431 fructifera,
436 369 569 432 sanctos3
584 358 697 442 fructus
708 370 805 438 autem
816 365 929 434 eorum,
944 364 1013 439 ope·

12 459 135 514 eorum,
162 446 284 520 lignuur
294 445 382 514 vitae,
397 453 530 498 sanetum
544 449 721 515 sanctorum,
736 446 837 519 utique
851 445 1014 520 Christum

9 547 81 584 num
95 527 329 596 scientiae-boni
347 536 377 598 et
394 529 479 597 mali,
506 529 658 600 propriumv
671 530 833 584 voluntatis
851 530 1014 593 arbitrium.
1030 575 1031 580 ,
1071 517 1092 557 ’-

3 632 27 666 e
41 630 75 665 se
90 613 160 684 ipsa
176 611 285 684 quippe
298 609 384 672 bomo
399 608 499 666 divina
512 613 661 666 uoluntate
681 620 830 668 contemta
842 615 900 668 nisi
913 603 1014 687 perni-

3 713 44 748 κο
57 695 104 750 uti
119 702 236 767 potest:
257 701 344 766 atque
357 694 399 748 ita
412 693 509 762 discit,
524 693 595 767 quid
605 696 736 762 intersit,
750 703 849 751 utrum
862 696 1015 752 inhaereat

8 778 118 832 mnruni
131 777 270 832 omnibus
282 775 369 846 bono,
382 794 419 830 an
431 771 548 850 preprio
560 777 730 833 delectetur.
745 775 786 832 Se
796 781 902 853 quippe
912 797 1013 835 amans

10 870 96 916 natur
110 860 182 930 sibi,
203 858 319 914 atinde
332 860 495 929 timoribus,
515 861 751 934 moeroribusque
765 864 929 938 completus
942 879 1013 918 can-

7 937 56 1000 'in
70 942 203 1010 Psalmo,
224 943 251 996 si
264 952 363 997 tamen
376 945 455 1008 mala·
466 961 520 1010 sua
533 945 635 1013 sentit,
662 943 710 1000 Au
722 946 1014 1020 mc'qrounrtmbotu
1076 977 1077 980 ¹

4 1021 132 1082 tunimo
144 1043 229 1080 mec:
242 1033 451 1100 correctusque
464 1027 522 1083 iam
536 1025 624 1096 dicat,
637 1025 855 1084 Fortitudinem
868 1049 960 1086 mcum
973 1029 1016 1086 od

1 1109 193 1166 rcusrodiam.
220 1105 319 1178 Haec,
345 1117 374 1162 et
391 1111 416 1162 si
430 1121 486 1182 qua
504 1109 562 1166 alia
576 1109 754 1164 commodius
769 1109 827 1166 dici
839 1122 965 1185 possunt
977 1112 1013 1167 de
1065 1181 1066 1184 Ἴ

26 1190 166 1268 lligendo
182 1193 356 1262 spiritaliter
365 1191 519 1264 paradiso,
543 1195 660 1246 nemine
677 1190 849 1266 prohibente
863 1195 1012 1254 dieantur:
1020 1205 1023 1215 “
1047 1253 1067 1268 χ,

21 1302 25 1323 t
58 1285 159 1334 tamen
180 1283 210 1328 et
226 1274 309 1328 illius
328 1272 468 1329 historiae
487 1277 597 1413 &ritas
613 1275 782 1331 fidelissima
799 1292 898 1334 rerum
909 1289 1011 1357 Ι-ΒΙΙΙΙ
1036 1308 1038 1312 ·
1116 1303 1117 1308 ’

7 1380 29 1407 ι
48 1359 225 1416 uenatione
237 1356 438 1412 commendata
448 1377 497 1412 ere
518 1367 584 1442 atur

304 1473 466 1550 οΑΡ,
509 1473 649 1531 XXll.

34 1571 189 1639 corporibus
210 1581 364 1625 sauctorum
381 1580 445 1638 poet
464 1572 697 1633 resurrectionem,
723 1588 791 1638 quac
815 1569 854 1625 cie
874 1574 1013 1642 spiritalem

198 1651 287 1704 errent,
302 1651 332 1692 ut
343 1657 394 1692 reon
403 1640 432 1692 iu
443 1640 569 1707 spiritum
581 1659 644 1692 coro
655 1649 788 1691 vertatur.

38 1729 169 1804 Corpora
184 1750 256 1808 orgo
277 1731 421 1786 iustorum
436 1749 512 1810 quac
531 1732 561 1785 in
579 1732 794 1786 resurrectione
811 1731 911 1785 sutura
931 1742 1021 1802 sunt,¹
1057 1721 1063 1730 “

22 1832 66 1866 ue
80 1816 142 1868 ullo
162 1815 245 1898 ligno
260 1812 456 1888 indigebunt,
474 1832 530 1886 quo
550 1813 601 1868 liat
613 1824 645 1868 ut
658 1815 738 1868 nullo
751 1813 852 1870 morbo
866 1817 913 1869 vel
926 1832 1011 1868 sene-

0 1921 2 1934 *
25 1907 52 1950 te
70 1899 238 1952 inveterata
255 1895 433 1966 moriantur,
454 1915 548 1974 neque
567 1897 635 1951 ullis
654 1898 720 1952 allis
742 1897 938 1970 corporalibus
957 1891 1011 1951 ali-v

24 1981 88 2049 ntis,
102 1980 208 2052 quibus
221 1977 371 2032 esuriendi
385 1996 418 2033 ac
432 1971 550 2033 sitiendi
564 1981 775 2053 qualiscunque
786 1981 921 2034 molestia
931 1973 1012 2038 dcvi-⁴
1028 2047 1030 2052 X

25 2081 61 2117 r:
86 2063 229 2135 quoniam
244 2070 323 2115 certo¹
338 2070 367 2114 ct
381 2063 459 2115 amni
477 2061 562 2116 modo
582 2063 745 2120 inviolabili
758 2081 878 2120 munere
893 2065 1012 2117 immor-

0 2150 4 2183 ¹
21 2145 93 2200 'tatis
109 2139 288 2212 induentur,
307 2153 338 2196 ut
353 2163 411 2199 uon
426 2145 482 2198 nisi
495 2147 598 2213 velint,
613 2147 816 2220 pqssibilitate,
836 2165 896 2201 non
908 2143 1013 2200 'neces-

24 2237 60 2282 tc
70 2236 241 2282 vescantur.
266 2225 349 2290 Quod
361 2227 467 2302 Angeli
482 2229 764 2300 quoquc'rlsibiliter
773 2227 807 2284 'et
816 2223 1013 2284 'tractabiliter

10 2321 160 2382 parentes,
174 2328 235 2364 nan
250 2311 319 2383 quia
333 2308 514 2386 indigebant,
529 2310 580 2364 sed
591 2312 658 2385 quia
671 2313 810 2367 valebant
824 2322 853 2366 et
866 2321 1013 2384 poterant,

27 2389 206 2447 bominibus
210 2401 409 2466 congruerent
428 2394 472 2447 sui
495 2394 653 2452 ministerii
677 2395 799 2468 quadam
818 2391 1012 2464 humanitate,

5 2473 117 2540 runt.
150 2474 254 2548 Neque
277 2475 355 2528 caim
373 2476 404 2529 in
423 2473 624 2548 phantasmate
637 2475 767 2553 Angelos
782 2477 876 2532 edisse
890 2467 1011 2533 creden
1039 2507 1066 2546 μ
1107 2551 1108 2558 ¹

28 2584 38 2605 ιι
61 2569 120 2626 est,
145 2556 264 2630 quando
284 2575 333 2611 eos
352 2555 484 2613 hominos
505 2555 629 2632 bospitio
651 2568 856 2632 susceperuut:
867 2561 1012 2636 quamvis

30 2659 73 2694 um
88 2640 198 2716 Angcli
217 2649 320 2714 essent
340 2642 562 2716 ignorantibus,
582 2643 728 2696 consimili
745 2641 829 2696 nobis
847 2639 1012 2715 indigentia

26 2726 57 2775 el
69 2724 249 2778 viderentur.
279 2721 363 2777 Vnde
383 2733 427 2778 est
447 2724 521 2798 quod
540 2726 582 2778 ait
595 2724 725 2800 Angelus
744 2725 775 2778 in
796 2721 870 2778 libro
885 2719 1011 2778 Tobiae:
1067 2723 1084 2804 Ἰ

1 2801 127 2861 ἰᾰιῠατὶυ
144 2825 188 2861 rue
201 2805 392 2874 ucunducurc,
409 2807 461 2862 scd
472 2809 537 2863 uisu
550 2819 650 2864 vestro
663 2807 825 2878 videbati83
844 2803 873 2858 id
889 2812 943 2872 est,
958 2803 1010 2858 nc'-

1 2916 27 2931 w
47 2887 111 2943 itate
124 2886 281 2943 reficiendi
294 2891 435 2961 eorporis,
451 2891 526 2943 sicut
539 2908 591 2944 vos
605 2889 714 2959 facitis,
726 2907 772 2942 me
787 2848 884 2942 cibum
896 2905 1012 2941 sumere
1032 2881 1034 2884 ’

3 2977 48 3022 ἸΙ
20 2969 126 3026 tabatis.
173 2969 276 3026 Sed'
252 2989 278 3024 si
296 2970 371 3025 forte
392 2970 427 3026 de
444 2971 566 3050 Angelis
585 2973 663 3027 aliud
682 2959 848 3026 credibilius
868 2969 1011 3042 disputari

3 3059 84 3108 test
108 3053 189 3110 certe
212 3052 285 3108 fides
300 3051 467 3110 Christiana
488 3055 553 3109 de'
546 3074 608 3128 ipso
629 3053 782 3109 Salvatore
804 3072 864 3108 nan
888 3051 1011 3120 dubitat,

7 3133 56 3188 ¹od
68 3140 152 3192 ctiam
166 3145 232 3212 post
245 3139 508 3208 resurrectionem,
529 3139 586 3192 iam
600 3137 735 3210 quidcm'
727 3155 758 3190 rn
773 3134 897 3209 spiritali
911 3154 1010 3201 cartre,

26 3228 136 3276 tamen
156 3239 244 3290 vera,
269 3220 365 3275 eibum
378 3239 412 3274 ac
426 3229 526 3292 potum
540 3239 604 3274 cum
623 3218 773 3291 discipulis
788 3221 899 3272 sumsit.
943 3217 1011 3274 Non
1082 3261 1086 3268 .

9 3299 59 3355 ⁸iro
69 3313 211 3376 potestas,
233 3301 284 3356 sed
298 3312 412 3378 egestas
427 3302 531 3358 edendi
545 3321 577 3366 ae
591 3301 708 3356 bibendi
722 3303 826 3358 talibus
841 3293 1011 3374 corporibus
1100 3366 1103 3371 Ι

0 3395 2 3408 ¹
27 3381 132 3440 feretur.
157 3385 242 3462 Vnde
257 3394 287 3439 et
300 3386 442 3466 spiritalia
453 3394 552 3452 erunt,
568 3403 627 3438 nan
643 3386 709 3464 quia
724 3402 846 3458 corpora
858 3402 921 3438 esse
935 3383 1011 3437 desi·
1014 3425 1020 3444 ,.
1045 3397 1051 3404 ‘

25 3477 69 3537 nt,
81 3469 131 3524 scd
145 3471 215 3544 quia
228 3458 333 3542 spiritu
347 3461 514 3522 vivificante
528 3467 696 3526 subsistent.

329 3553 451 3639 ΟΑΡ.
489 3579 696 3637 ΧΧΙΙΙ.

0 3670 15 3695 ²
29 3704 47 3715 w
61 3651 261 3749 intelligendum
272 3680 308 3732 rit
319 3680 350 3728 de
361 3693 469 3745 corpore
479 3677 591 3730 quintoli
602 3685 628 3726 et
639 3677 670 3726 de
680 3687 791 3742 corpore
801 3678 940 3744 spiritali·
929 3716 938 3740 ‚
963 3688 1011 3731 out
1034 3675 1041 3710 f

72 3751 116 3816 qui
126 3751 280 3802 moriuntur
290 3748 319 3800 iu
329 3746 425 3810 Adam,
446 3747 563 3820 quivero
576 3744 770 3813 viaijicaaror
759 3765 788 3798 m
803 3745 932 3802 Christo..
1004 3791 1006 3798 .

45 3835 109 3892 b'aru
120 3839 195 3894 sieut
207 3856 331 3912 corpora
343 3838 410 3907 ista,
425 3853 508 3909 quac
504 3811 618 3890 habeut
628 3835 756 3890 animum
762 3837 928 3910 uiuentem,
938 3857 1016 3894 non·
