2400 4312
160 225 221 282 noc
324 179 327 185 ’
389 217 978 320 n1v1nvart11nvcvsu1m

531 377 657 446 cnn'.
700 381 838 466 xvtt

165 473 243 552 Quod
253 483 335 556 etiam
345 480 402 552 ipse
419 474 505 536 Verre
516 484 653 552 opiniones
663 500 726 536 ettae
737 484 767 536 de
778 483 829 534 diis
841 473 1032 550 pnonunticrit
1043 485 1178 555 ensbiguoe.

225 592 266 648 Et
279 593 356 646 sicut
367 588 455 660 haec,
482 607 558 664 quae
570 591 697 662 exempli
711 591 807 666 gratia
820 591 1061 660 commemoravi,
1076 593 1116 648 ita
1129 609 1181 646 cac·

163 687 228 732 tera
242 675 479 746 nonexplicant,
507 671 556 728 sed
570 673 666 745 potius
692 674 864 746 implicant3·
884 673 964 728 sicut
977 674 1104 747 impetus
1118 692 1182 730 erre·

163 754 280 816 bundac
294 757 442 828 opinionis
455 755 618 829 impulerit,
643 755 681 810 ite
694 753 753 812 huc
766 765 853 829 atquc
868 756 957 825 illuc,
979 753 1050 811 hinc
1065 766 1146 830 atque
1156 759 1183 811 il·

162 843 240 911 linc,
253 839 391 894 insiliunt
404 847 434 894 et
445 839 596 893 resiliunt:
624 846 658 893 ut
668 839 734 911 ,ipse
748 836 842 893 Varro
857 829 892 892 de
906 835 1042 894 amnibus
1057 838 1185 908 dubitare,

102 909 106 916 ¹
160 942 253 998 ¹quam
265 921 374 995 aliquid
388 921 532 976 affirmare
546 920 692 975 maluerit.
735 919 811 976 Nam
823 921 914 986 trium
927 923 1185 996 extremorumpri·

163 1025 243 1063 mum
258 1023 323 1058 cum
336 1001 372 1078 {lc
386 1004 441 1058 diis
455 1004 543 1058 certis
557 1001 733 1058 absolvisset
745 1003 867 1072 librum,
881 1004 913 1059 in
927 1005 1022 1059 altero
1036 1004 1073 1059 de
1087 1004 1139 1059 diis
1150 1006 1186 1058 in·

166 1089 256 1144 certis
271 1085 368 1144 diocte
381 1087 551 1162 ingressus,
565 1085 621 1142 ait:
648 1084 745 1156 „Cum
758 1087 789 1140 in
802 1081 858 1140 hoc
871 1086 969 1152 libello
983 1084 1087 1142 dubias
1101 1083 1134 1142 dc
1144 1085 1187 1141 diis

165 1171 344 1243 „opiniones
359 1171 501 1240 posuero,
513 1211 514 1216 ,
525 1162 699 1240 reprehendi
712 1187 771 1224 non
785 1165 885 1226 debeo.
930 1169 987 1234 Qui
1002 1171 1083 1225 enim
1093 1170 1189 1244 putabit

147 1311 154 1318 ,¹
167 1252 314 1326 „iudicari
328 1259 464 1323 oportere
478 1260 508 1304 et
521 1267 623 1322 posse,
650 1269 715 1306 cum
740 1249 881 1322 audierit,
906 1249 997 1307 faciet
1023 1253 1097 1324 ipse.
1137 1251 1188 1328 Ego

167 1337 278 1406 „citius
292 1332 415 1406 perduci
428 1350 565 1404 possum,
591 1335 669 1388 utin
683 1329 776 1406 primo
790 1327 865 1388 libro
879 1349 953 1407 quac
967 1332 1031 1388 dixi
1044 1335 1077 1389 in
1092 1334 1188 1390 dubita·

168 1420 303 1488 „tionem
328 1431 483 1485 revocem,
505 1433 592 1488 quam
609 1417 641 1469 in
660 1413 715 1470 hoc
730 1433 804 1488 quae
817 1409 997 1487 perscribam
1011 1419 1111 1472 amnia
1122 1415 1188 1471 utel

96 1497 109 1508 “
168 1502 294 1575 aliquam
302 1492 604 1574 dirigamsunmram.“
624 1496 668 1552 lta
681 1515 740 1552 non
751 1499 843 1552 solum
857 1499 946 1553 istum
957 1498 993 1553 de
1002 1489 1060 1553 diis
1072 1500 1188 1565 incertia,

114 1639 117 1644 ,
169 1583 220 1638 sed
235 1583 322 1637 etiam
332 1582 418 1638 ¹illum
431 1580 466 1635 de
479 1581 567 1634 certis
581 1579 651 1649 fecit
664 1581 819 1635 incertum.
832 1635 834 1639 .
862 1578 897 1635 ln
922 1582 1012 1635 tertio
1035 1598 1124 1653 porro
1144 1582 1188 1636 isto

169 1665 206 1721 (le
220 1660 274 1721 diis
289 1665 421 1733 selectis,
447 1671 548 1736 postea
562 1677 648 1737 quam
660 1665 845 1735 praelocutus
860 1659 997 1736 estquod
1016 1682 1054 1718 ex
1080 1663 1189 1720 natumli

168 1748 317 1824 theologia
343 1737 591 1820 praeloquendum
616 1745 759 1818 putavit,
776 1739 966 1820 inglessurus
992 1745 1085 1804 huius
1110 1747 1188 1804 civilis

168 1831 334 1907 theologiae
347 1830 494 1884 vanitates
501 1836 539 1888 „et
552 1829 683 1882 insanias
698 1827 868 1898 mendaces,
893 1821 944 1883 ubi
957 1845 1024 1884 cum
1038 1848 1100 1887 non
1112 1831 1188 1884 solum

170 1933 229 1970 non
255 1912 377 1967 ducebat
398 1929 497 1964 rerum
517 1911 642 1979 veritas,
670 1903 822 1965 sedetiam
835 1911 976 1968 maiorum
991 1913 1139 1984 premebat
1149 1928 1188 1965 au·

171 1997 299 2052 ctoritas.
345 1991 413 2062 „De
426 1992 493 2062 diis,
519 1993 632 2066 inquit,
658 1994 759 2067 populi
783 1991 1078 2067 Romanipublicis,
1104 1995 1189 2070 quibus

172 2077 279 2150 „aedes
305 2070 528 2144 dedicaverunt,
555 2091 662 2150 eosque
688 2076 817 2149 pluribus
844 2075 936 2152 siguis
950 2087 1072 2134 ornatos
1086 2087 1189 2134 notave·

160 2168 279 2232 „runt,
305 2160 337 2212 in
350 2156 405 2212 hoc
419 2158 492 2212 libro
516 2151 658 2228 scribam,
685 2159 736 2213 sed
749 2167 782 2214 ut
793 2154 994 2230 Xenophanes
1008 2159 1190 2236 Colophonius

86 2271 87 2274 ¹
171 2241 312 2314 „acribit3
338 2239 408 2314 quid
426 2248 541 2313 putem,
556 2255 616 2294 non
630 2239 700 2314 quid
714 2241 897 2311 contendam,
910 2259 1027 2314 ponam.
1072 2242 1190 2299 Hominis

171 2326 273 2397 „enim
288 2322 419 2379 cethaee
446 2324 575 2397 opinari,
601 2321 659 2378 Dei
674 2324 782 2378 scire.“
826 2321 936 2379 Rerum
947 2325 1041 2401 igitur
1056 2317 1117 2382 non
1129 2342 1191 2380 com·

170 2405 398 2484 prehensurum,
424 2423 479 2461 nec
492 2405 658 2462 firmissime
672 2399 864 2475 creditarum,
891 2406 942 2461 scd
956 2409 1148 2480 opinatarum,
1171 2411 1194 2458 et

172 2489 391 2545 dubitantarum
404 2507 569 2544 sermonem
582 2487 710 2562 trepidus
723 2487 894 2561 pollicetur,
922 2489 1054 2546 dicturus
1078 2509 1112 2548 ea
1133 2505 1192 2565 quae

171 2573 207 2628 ab
221 2565 386 2627 hominibus
401 2571 537 2627 instituta
551 2579 628 2625 sunt.
671 2569 773 2644 Neque
787 2572 882 2641 enim,
910 2573 985 2627 sicut
1011 2575 1123 2630 sciebat
1142 2588 1193 2627 esse

170 2652 329 2724 mundum,
356 2671 420 2709 esse
434 2656 545 2709 coelum
559 2661 725 2727 etterram,
754 2655 866 2708 coelum
880 2647 1024 2709 sideribus
1052 2656 1192 2734 fulgidum,

171 2747 283 2792 terram
309 2736 468 2791 seminibus
496 2736 639 2806 fertilem,
665 2744 753 2809 atque
778 2734 944 2792 huiusmodi
971 2748 1104 2810 caetera,
1133 2740 1193 2794 sicut

171 2817 248 2876 hanc
263 2828 354 2874 totam
367 2821 474 2874 molem
484 2827 573 2892 atque
586 2827 723 2874 naturam
735 2819 765 2874 vi
778 2817 901 2892 quadam
914 2815 1057 2876 invisibili
1072 2841 1107 2878 ac
1124 2837 1193 2895 prae-

173 2903 287 2975 potenti
301 2902 365 2976 regi
379 2909 465 2974 atquc
479 2900 678 2956 administrari
689 2909 773 2956 certa
786 2902 877 2978 animi
887 2901 1045 2958 stabilitate
1059 2904 1194 2966 credeban

171 2986 215 3040 ita
236 2992 350 3058 poterat
363 2982 507 3038 affirmare
521 2980 655 3054 delano,
683 2979 761 3057 quod
774 2983 897 3038 mundus
911 2987 974 3058 ipse
988 2997 1084 3059 esset,
1110 2995 1158 3043 aut
1169 2983 1194 3038 n

172 3065 301 3122 Saturno
317 3067 466 3136 invenire,
495 3066 637 3140 quomodo
664 3074 693 3120 et
718 3063 795 3124 lovis
820 3077 904 3140 pater
930 3075 1053 3127 esseest
1070 3065 1194 3148 regnanti

173 3149 307 3206 subditus
322 3148 416 3204 lactus
430 3156 523 3219 esset,
551 3157 581 3204 et
594 3157 710 3226 caetera
722 3149 801 3204 talia.

529 3306 653 3368 cnr.
695 3305 855 3392 xvttt.
933 3289 1032 3386 ,²

245 3409 320 3474 Quae
330 3395 485 3461 credibilior
495 3423 578 3487 cause
588 3408 637 3471 eit,
657 3425 709 3476 pua
721 3425 797 3463 error
803 3404 979 3480 paganitatis
988 3409 1141 3467 inoleverit.

235 3510 400 3591 nequibas
415 3499 833 3598 cieutbtttorretunurrsno,
861 3535 926 3573 cum
949 3518 1194 3592 perhibentnrhe

173 3600 268 3655 mines
282 3599 386 3670 fuisse,
409 3607 439 3654 et
452 3599 611 3673 unicuique
626 3609 727 3653 eorum
740 3599 775 3654 ab
789 3598 837 3654 his.
850 3602 900 3673 qui
915 3619 964 3656 eos
978 3602 1127 3661 adulando
1140 3603 1194 3658 dect

173 3697 238 3736 esse
251 3684 425 3753 volucrunt,
454 3700 491 3736 ex
506 3683 567 3737 cius
588 3683 724 3758 ingenio,
750 3682 893 3754 moribus,
919 3685 1050 3758 actibus,
1079 3687 1194 3744 casibuu

175 3780 259 3818 sacra
273 3773 302 3818 et
315 3765 449 3820 solennia
462 3765 639 3832 constitute,
666 3767 753 3835 atque
766 3759 838 3818 hacc
851 3767 990 3838 paulatim
1016 3785 1071 3844 per
1098 3772 1194 3826 anima

132 3849 133 3854 ’
174 3843 328 3901 hominum
341 3845 528 3904 daemonibus
543 3845 652 3900 similes
667 3853 697 3898 et
722 3843 898 3905 ludicrarum
911 3867 1009 3910 rarum
1023 3851 1125 3911 avidas
1139 3855 1194 3918 irre,
