2362 4312
171 219 214 275 32
397 209 495 272 DIVI
521 213 707 272 AVRELll
731 201 986 292 Avavsulur
1041 212 1042 215 ’

173 366 244 426 iilia
259 381 329 426 sunt
343 370 457 426 iudicio
479 369 558 437 cius,
577 363 616 423 'et
636 365 859 443 investigabiles
879 369 1037 442 eiuscius.
1082 367 1136 425 Ver

172 464 270 508 tamen
293 454 475 530 interrogate
497 449 623 524 fideliter
645 453 757 506 animas
780 459 906 521 vestras,
924 471 970 507 nc
992 452 1070 508 forte
1092 453 1128 509 de

173 537 354 612 integritatis
379 544 408 590 et
432 536 634 590 continentiae
656 537 711 604 rel
726 532 885 605 pudicitiae
907 535 984 590 bono
1005 549 1057 592 vos
1071 535 1136 592 insss

174 621 341 688 extulistis,
368 627 397 673 et
409 616 544 674 'humanis
557 616 692 672 laudibus
707 615 867 672 delectatae
881 619 913 673 in
926 616 981 674 hoc
996 620 1088 680 ctiam.
1098 622 1136 686 ali

173 701 227 758 bus
242 701 401 758 invidistis.
445 699 513 757 Non
527 717 635 756 accuso
651 699 729 774 quod
743 693 869 771 nescio,
889 719 943 758 nec
958 701 1045 757 audio
1060 689 1136 778 quod

172 781 1001 861 bisintcrrogatacordavestrarespondent.Tamcnsiita
1010 804 1136 861 asseres]

68 910 73 924 .
173 867 286 938 derint,
313 869 406 922 nolite
425 869 526 923 mirari
546 865 668 928 hocvos
687 868 837 937 amisisse,
864 867 942 924 unde
961 866 1131 926 hominibus

174 971 243 1006 ccrc
257 952 417 1028 gestiistis3
444 951 516 1006 illud
528 950 613 1007 vobis
632 951 828 1020 remansisse,
855 950 933 1024 quod
947 951 1063 1008 ostendi
1077 951 1136 1008 hon

172 1035 226 1090 bus
252 1052 313 1090 non
338 1043 445 1107 potest.
486 1033 519 1090 Si
541 1034 734 1107 ,peccantibus
761 1047 822 1089 non
847 1037 1059 1109 consensistis,
1085 1034 1136 1093 div

163 1119 298 1194 gratiae,
313 1137 363 1174 ne
385 1121 586 1195 amitteretur,
616 1117 749 1173 divinum
767 1119 893 1173 accessit
914 1119 1073 1191 auxilium3
1101 1118 1136 1176 hu

173 1219 229 1264 nae
252 1203 383 1278 gloriae,
411 1221 448 1258 ne
469 1210 633 1271 amaretur,
658 1199 817 1256 humanum
841 1203 986 1257 successit
1005 1202 1136 1276 opprobr

172 1282 207 1340 ln
232 1294 358 1360 utroque
384 1285 584 1341 consolameni
602 1285 819 1356 pusillanimes3
846 1285 929 1340 illinc
950 1285 1108 1359 probatae,
1135 1285 1136 1339 ]

173 1369 354 1445 castigata03
390 1371 472 1424 illinc
502 1365 699 1436 iustificatos,
731 1364 809 1422 hinc
833 1368 1014 1424 emendatae.
1072 1371 1137 1436 Qua

78 1500 81 1504 ,
171 1467 243 1514 roro
258 1451 347 1507 corda
365 1453 549 1529 interrogata
567 1449 762 1523 respondent,
789 1454 940 1525 nunquam
953 1470 984 1508 se
1001 1451 1036 1509 de
1049 1453 1129 1508 bono

131 1555 133 1560 ·
172 1536 307 1612 ginitatis
319 1538 367 1592 vel
379 1535 532 1593 viduitatis
544 1535 592 1590 vel
606 1529 771 1610 coniugalis
785 1533 944 1607 pudicitiae
958 1537 1136 1609 superbisse,

172 1615 329 1674 humilibus
343 1617 558 1676 consentiendo
578 1615 612 1672 de
632 1617 709 1674 dono
724 1616 789 1673 Der
800 1635 867 1673 cum
880 1627 1007 1674 tremore
1026 1622 1136 1675 exsulta

172 1719 228 1758 nec
240 1703 382 1759 invidisse
402 1705 539 1777 cuiquam
556 1702 634 1776 paris
653 1703 861 1756 excellentiam
880 1702 1044 1758 sanctitatis
1065 1711 1095 1758 et
1115 1723 1136 1758 ca

172 1788 254 1856 tatis,
273 1787 325 1842 sed
343 1786 470 1843 humana
483 1785 569 1841 laude
582 1787 763 1857 postposita,
790 1802 865 1858 quae
883 1793 965 1840 tanto
985 1787 1080 1842 maior
1093 1786 1136 1842 del

171 1871 263 1940 solet,
290 1879 402 1945 quanto
423 1879 469 1925 est
486 1871 596 1924 bonum
612 1868 713 1948 rarius
724 1865 803 1940 quod
817 1869 912 1944 exigit
925 1867 1057 1940 laudem,
1086 1879 1136 1944 opt

131 1973 133 1976 ·
171 1955 270 2025 potius
298 1963 331 2008 ut
357 1972 458 2008 earum
473 1952 596 2024 amplior
622 1963 763 2006 numerus
779 1959 872 2021 esset,
900 1969 987 2026 quarn
1013 1962 1046 2008 ut
1070 1954 1135 2026 ipsa

171 2038 320 2108 paucitate
334 2037 456 2109 amplius
476 2035 655 2088 eminerent:
681 2045 737 2089 nec
751 2033 843 2105 istae,
870 2051 945 2108 quac
964 2038 1039 2090 tales
1062 2045 1135 2092 sunt

172 2137 273 2175 earum
287 2136 403 2194 quoque
417 2118 529 2192 aliquas
542 2116 695 2172 barbarica
707 2116 797 2172 libido
812 2120 1002 2190 compressit,
1029 2122 1136 2193 permis

171 2200 227 2258 hoc
247 2221 312 2257 csse
332 2210 507 2272 causentur3
533 2217 589 2256 nec
610 2198 676 2256 ideo
701 2199 823 2256 credant
846 2199 943 2256 Deum
960 2204 1016 2257 ista
1037 2205 1136 2281 neglig

171 2287 241 2358 quia
254 2287 398 2358 permittit
411 2283 489 2359 quod
502 2301 588 2339 nemo
607 2285 726 2357 impune
746 2285 911 2346 committit.
953 2285 1106 2352 Quaedam
1125 2307 1136 2341 e

150 2389 152 2392 ·
170 2368 253 2424 velut
265 2368 394 2443 pondera
408 2369 549 2423 malarum
563 2367 770 2441 cupiditatum,
792 2376 821 2422 et
834 2379 887 2440 per
900 2370 1049 2444 occultum
1061 2388 1136 2443 prae

69 2495 72 2504 ,
171 2451 304 2508 divinum
317 2451 459 2509 iudicium
478 2454 666 2522 relaxantur,
694 2459 724 2506 et
741 2451 898 2506 manifesto
920 2453 1023 2507 ultimo
1042 2469 1136 2509 resen

170 2546 228 2590 tur.
273 2537 420 2592 Fortassis
434 2546 533 2592 autem
546 2537 637 2606 istae,
660 2551 734 2610 quae
747 2535 822 2590 bene
835 2534 892 2589 sibi
905 2545 976 2591 sunt
989 2539 1128 2592 consciae

172 2637 204 2673 se
218 2637 254 2674 cx
270 2623 328 2676 isto
342 2621 487 2675 eastitatis
500 2620 579 2675 bono
594 2637 646 2674 cor
659 2616 793 2674 inflatum
807 2619 967 2691 extulisse,
989 2628 1130 2676 ettamen

77 2720 81 2730 ¹
139 2735 140 2738 =
171 2700 308 2759 hostilem
334 2705 366 2759 in
392 2699 481 2759 carne
506 2719 663 2776 perpessae
688 2709 771 2772 sunt,
796 2699 943 2759 habebant
958 2703 1070 2777 aliquid
1083 2706 1136 2758 late

171 2785 363 2857 infirmitatiS,
387 2805 463 2861 quac
476 2795 577 2860 posset
591 2787 623 2840 in
637 2785 790 2859 superbiae
805 2783 925 2856 fastum,
953 2788 979 2840 si
991 2784 1067 2842 hane
1083 2785 1136 2843 bur

171 2879 262 2924 tatem
275 2872 306 2926 in
326 2873 492 2926 vastatione
506 2871 556 2924 illa
575 2871 754 2937 evasissent,
783 2867 894 2924 extolli.
938 2867 1024 2926 Sicut
1043 2887 1116 2948 ergo

165 2952 237 3009 'dam
250 2963 344 3009 morte
358 2956 435 3027 rapti
449 2951 533 3022 sunt,
560 2972 597 3008 ne
609 2953 721 3010 malitia
735 2959 862 3007 mutaret
880 2953 1064 3008 intellectum
1083 2969 1135 3008 eor

165 3039 214 3094 ¹ita
228 3036 365 3113 quiddam
377 3038 412 3094 ab
424 3038 490 3114 istis
502 3038 533 3092 vi
546 3046 662 3110 raptum
675 3044 731 3106 est,
751 3054 788 3091 ne
802 3037 981 3108 prosperitas
996 3044 1126 3092 mutaret

173 3121 297 3178 destialn
316 3139 425 3186 earum.
475 3118 614 3194 Vtrisque
634 3121 744 3197 igitur,
771 3136 845 3193 quae
866 3118 902 3174 de
920 3137 1009 3176 carne
1027 3137 1098 3202 sua,
1124 3138 1136 3194 q

172 3197 288 3280 turpem
301 3206 411 3261 nullius
426 3213 526 3259 essent
544 3219 682 3277 perpessa
702 3205 885 3273 contactum,
910 3202 959 3259 vel
977 3204 1035 3258 iam
1049 3221 1136 3276 super

170 3290 257 3360 bant,
281 3291 330 3345 vel
342 3288 509 3362 superbire,
535 3289 562 3341 si
575 3301 631 3342 neo
650 3286 780 3342 hostium
798 3287 943 3342 violentia
957 3287 1136 3342 contrectata

171 3384 232 3444 set,
257 3373 384 3430 forsitan
395 3423 402 3440 χ
412 3378 567 3444 poterant,
589 3388 650 3425 non
664 3370 819 3425 ablata‘cst
833 3371 964 3440 castitas,
987 3368 1039 3424 scd
1051 3367 1136 3424 humi

171 3471 329 3528 persuasa:
355 3457 472 3511 illarum
484 3454 595 3508 tumori
613 3471 787 3510 succursum
805 3461 850 3507 est
868 3453 1054 3521 immanenti,
1076 3453 1136 3507 ista

172 3534 328 3596 decursum
342 3547 389 3595 est
400 3537 575 3594 imminenti.
617 3581 618 3585 ,
796 3531 871 3611 (sap
886 3529 1020 3591 GAPVT
1030 3533 1136 3594 XXVl

100 3637 101 3640 ’
196 3633 199 3638 ‘
236 3624 411 3696 Quanquam
433 3631 464 3689 ct
481 3617 554 3683 illud
578 3637 641 3674 non
660 3620 700 3674 sit
720 3617 896 3689 tacendum,
923 3616 1001 3692 quod
1027 3619 1134 3690 quibus

135 3753 143 3758 .
171 3723 246 3779 quae
259 3706 317 3760 ista
329 3721 486 3779 perpessae
500 3711 581 3774 sunt,
606 3703 706 3775 potuit
718 3700 813 3758 videri
829 3702 1030 3756 continentiae
1044 3701 1136 3755 bonur

171 3789 256 3844 bonis
276 3785 477 3860 corporalibus
499 3784 711 3860 deputandum:
738 3793 770 3840 ct
787 3794 861 3840 tunc
873 3789 1015 3852 'manere,
1046 3784 1072 3837 si
1091 3785 1136 3837 nus

170 3870 291 3928 libidine
306 3886 412 3942 corpus
427 3879 652 3941 attrectaretur3
676 3886 736 3926 non
750 3878 848 3924 autem
863 3885 928 3921 esse
946 3866 1074 3941 positum
1088 3867 1129 3926 in.
