2362 4312
278 214 335 274 oa
358 213 574 290 οινιιιιιι
597 216 676 274 aar
706 216 786 272 nin
809 217 849 274 11.
953 211 957 231 “
1037 223 1073 282 a!

74 370 186 428 senari
195 367 252 424 diis
266 368 379 423 amicis.
424 368 508 435 Quod
522 369 548 423 si
561 369 602 424 ita
616 346 882 439 esc¹conccdunt‚
911 369 1079 446 compendio

69 453 123 510 mil
133 473 180 510 eos
192 452 352 527 prodesse,
371 461 403 506 et
417 453 473 507 coli
486 450 647 525 superfluo,
663 452 849 509 confitentur.
869 449 968 514 'Nam
981 457 1006 510 si
1018 458 1078 513 vir·

67 538 156 594 tatibus
179 537 272 592 animi
302 545 332 590 ct
357 535 496 609 probitati
522 537 615 605 vitae,
642 537 722 591 cuius
734 537 863 609 praemia
876 547 1079 610 postmortem

64 620 185 695 speranda
210 628 299 688 sunt,
325 618 420 695 magis
444 619 591 673 contraria
607 628 639 672 ut
660 621 782 693 populus
810 619 939 675 disceret
962 622 1078 676 instite-

15 717 33 766 s‘
63 715 129 760 rant:
151 706 175 759 si
189 701 265 759 nibil
280 702 373 757 etiam
384 703 416 756 in
430 700 474 757 his
488 702 706 758 transcuntibus
721 711 751 757 et
763 705 968 777 temporalibus
984 704 1079 774 bonis,

30 801 32 808 ·
61 784 513 861 soleisquosoderuntnoccnt,
541 777 587 840 vel
601 785 643 839 eis
657 803 728 859 quos
742 784 869 862 diligunt
882 795 1020 861 prosunt,
1047 799 1080 842 ut

15 893 36 932 ‚s
60 871 116 946 quid
128 873 269 938 colantur,
285 878 321 924 ut
336 868 406 942 quid
416 877 497 924 tanto
510 866 606 924 studio
616 867 732 923 colendi
743 865 951 943 requiruntur?
965 869 1077 926 Curia-

15 965 32 1014 ἰι
61 954 167 1010 lenosis
179 953 374 1027 tristibusque
387 951 580 1026 temporibus,
600 961 737 1026 tanquam
754 949 857 1008 offensi
870 953 1077 1021 abscesserint,

15 1067 30 1098 ι.
61 1047 249 1105 murmuratur,
279 1045 312 1091 et
337 1044 457 1125 propter
471 1053 521 1090 eos
536 1033 701 1091 Christiana
715 1037 819 1113 religio
834 1037 975 1092 conviciis
999 1037 1077 1091 indi-

15 1148 29 1182 ς’
58 1122 185 1196 guissimis
198 1114 357 1176 laeditur?
381 1117 414 1174 Si
427 1127 524 1174 autem
536 1115 644 1190 habent
656 1120 688 1174 in
698 1117 743 1174 bis
757 1120 859 1188 rebus,
883 1121 929 1175 vel
942 1119 1078 1176 beneficii

15 1231 30 1264 ‚=
56 1205 89 1258 rel
99 1203 233 1260 maleficii
246 1211 445 1277 potestatem,
459 1220 512 1256 eur
525 1203 556 1256 in
570 1203 617 1268 eis
626 1201 783 1266 adfuerunt
795 1204 921 1277 pessimo
934 1204 998 1258 viro
1012 1203 1075 1259 Ma-

15 1313 28 1350 a
54 1288 99 1356 rio,
117 1297 145 1342 ct
157 1289 274 1362 optimo
290 1284 407 1362 Regulo
421 1281 598 1342 defuerunt?
621 1285 668 1342 An
683 1277 720 1340 cx
733 1285 787 1342 hoe
801 1288 858 1362 ipsi
870 1287 1076 1364 intelliguntur

15 1400 25 1432 -,.
52 1372 220 1426 iniustissimi
230 1379 269 1425 et
279 1364 422 1443 pessimii
441 1368 523 1434 Quod
536 1371 561 1423 si
573 1379 727 1444 propterea
739 1361 832 1447 mbgis
847 1369 968 1425 timendi
983 1379 1012 1424 ct
1026 1389 1075 1426 co·
1128 1389 1130 1396 ’

15 1485 26 1522 ιἓ
53 1454 113 1509 leudi
123 1464 287 1532 putantur:
312 1471 408 1527 neque
420 1449 475 1507 hoe
487 1461 636 1525 putentur.
653 1452 755 1528 Neque
765 1455 843 1508 c‘nim
855 1455 951 1512 minus
966 1473 1015 1509 cos
1028 1455 1074 1509 in-

15 1551 22 1599 ἰ
54 1539 146 1592 renitor
158 1537 303 1614 Regulus
319 1537 460 1604 coluisse,
475 1552 559 1609 quam
571 1535 691 1604 Marius.
723 1536 785 1593 Nec
800 1537 864 1593 ideo
877 1538 938 1592 vita
950 1539 1076 1610 pessima

15 1650 22 1682 ι
55 1621 164 1698 eligenda
192 1620 354 1688 videatur,
380 1620 448 1694 quia
460 1621 552 1696 magis
566 1619 660 1675 Mario
674 1637 760 1694 quam
774 1618 887 1696 Regulo
901 1619 941 1674 dii
966 1620 1075 1675 favisse

15 1731 24 1772 ;¹
54 1707 253 1760 existimantur.
265 1739 268 1746 ·
280 1701 416 1760 Metellus
429 1703 506 1760 enim
515 1701 714 1760 Romanorum
723 1701 951 1770 laudatissimus,
964 1703 1014 1776 qui
1023 1701 1075 1772 ba-

15 1815 24 1871 p
51 1786 238 1864 buitqainque
254 1786 335 1843 filios
362 1787 545 1856 consulares,
573 1788 663 1842 ctiam
680 1803 778 1842 rerum
791 1785 991 1858 temporalium
1005 1785 1076 1839 felix

15 1876 21 1936 Ἰξ
48 1871 102 1943 ioit;
118 1881 148 1926 et
161 1871 302 1928 Catilina
314 1871 474 1943 pessimus,
488 1888 645 1944 oppressus
659 1871 758 1943 inopia
772 1879 803 1924 ct
816 1871 848 1924 in
862 1869 937 1923 bello
946 1869 998 1922 sui
1012 1887 1075 1922 sce-

47 1956 101 2011 leris
112 1963 289 2030 prostratus
304 1953 424 2009 infelix:
449 1963 479 2010 ct
491 1955 645 2011 verissima
657 1963 744 2038 atquc
759 1953 922 2020 certissima
935 1939 1076 2006 felicitate

45 2038 302 2113 praepollentboni
315 2035 412 2092 Deum
438 2040 582 2108 colentes,
609 2056 695 2112 aquo
709 2038 771 2093 solo
788 2035 1034 2110 conferripotest

94 2123 146 2178 llla
159 2124 261 2200 igitur
276 2121 441 2194 respublica
453 2122 535 2176 malis
549 2122 676 2178 moribus
694 2139 759 2177 eum
783 2121 909 2195 periret,
935 2116 1008 2196 nibil
1035 2117 1075 2173 dii

15 2215 16 2222 ’
44 2225 202 2282 eommpro
217 2199 387 2281 dirigendis
401 2206 448 2260 vel
461 2223 513 2279 pro
529 2197 710 2282 corrigendis
732 2201 1010 2282 egeruntmoribus,
1038 2220 1075 2256 ne
1153 2237 1155 2240 -

42 2292 157 2364 periret:
181 2291 245 2344 imo
262 2287 457 2361 depravandis
471 2299 501 2344 et
515 2287 733 2363 corrumpendis
748 2287 921 2344 addiderunt
934 2285 1073 2355 moribus,

44 2384 75 2427 ut
87 2375 201 2447 periret.
247 2353 317 2427 Ned
330 2389 361 2426 se
374 2370 465 2426 bonos
479 2371 607 2449 fingant,
634 2371 710 2446 quod
735 2361 818 2427 vclut'
839 2368 943 2442 offensi
968 2371 1075 2426 civium

46 2457 192 2530 iniquitate
206 2455 413 2510 discesserint.
439 2454 562 2511 Prorsus
576 2456 617 2510 ibi
630 2459 728 2526 erant3
751 2455 928 2530 produntur,
952 2454 1073 2508 convin-

45 2552 159 2596 euntur:
177 2560 236 2596 nec
252 2539 411 2595 subvenire
423 2539 644 2612 praecipiendo,
659 2557 713 2593 nec
726 2540 819 2594 latere
832 2539 957 2595 'tacendo
970 2546 1074 2612 patue-

39 2635 113 2681 runt.
148 2623 269 2682 Omitto
283 2621 360 2698 quod
372 2620 482 2678 Marius
496 2641 513 2678 a
525 2622 731 2678 miserantibus
745 2622 997 2678 Minturnensibus
1011 2619 1074 2678 Ma-

36 2711 112 2764 ricae
125 2707 200 2764 deae
216 2709 251 2763 in
265 2707 332 2762 luco
347 2706 409 2761 eius
425 2705 642 2762 commendatus
657 2715 717 2774 est,
744 2714 777 2759 ut
791 2707 819 2760 ci
832 2707 929 2762 omnia
954 2723 1073 2780 prospe·

33 2801 129 2866 raret3
157 2802 245 2848 etex
260 2789 589 2864 summadcspcrationc
612 2807 749 2856 reversus
776 2790 946 2859 incolumis,
971 2791 1004 2844 in
1017 2785 1073 2842 Vr·

36 2877 99 2932 bem
122 2877 213 2933 duxit
242 2873 391 2930 crudelem
417 2873 544 2929 crudelis
571 2875 745 2928 exercitum:
772 2865 823 2928 ubi
840 2891 927 2947 quam
940 2880 1073 2940 cruenta,

37 2979 120 3035 ([ιιιιιιι
132 2959 286 3027 incivilis,
312 2955 469 3033 hostilique
483 2958 637 3012 immanior
651 2953 714 3011 cius
740 2957 865 3012 victoria
889 2957 996 3028 fucrit,
1023 2973 1073 3010 cos

38 3047 84 3119 qui
97 3047 291 3118 scripserunt
302 3043 404 3118 legant
418 3043 466 3117 qui
480 3043 593 3098 volunt.
637 3038 697 3096 Sed
708 3038 778 3108 hoc,
804 3050 836 3095 ut
850 3040 928 3112 dixi,
955 3040 1073 3096 omitto:

40 3145 89 3184 aee
114 3117 252 3186 blariea'c
284 3125 386 3198 neseio
418 3126 465 3179 cui
496 3125 592 3180 tribuo
618 3122 693 3180 Mari
714 3117 917 3200 ¹sanguineam
946 3123 1072 3179 felicita·
1101 3155 1106 3166 ι

42 3220 106 3282 tero,
137 3212 196 3268 sed
225 3211 362 3265 occultae
378 3209 484 3282 potius
511 3208 710 3282 providentiae
737 3206 795 3263 Dci
816 3206 852 3263 ad
874 3210 997 3263 istorum
1022 3222 1075 3259 ora

42 3295 215 3365 claudenda,
254 3310 364 3367 eosque
394 3291 428 3347 ab
455 3311 555 3348 errore
590 3290 754 3348 liberandos
788 3293 837 3366 qui
874 3310 933 3346 non
969 3286 1073 3343 studiis

39 3390 142 3456 agant,
172 3377 229 3434 sed
241 3374 314 3433 haec
340 3374 500 3450 prudenter
513 3375 678 3432 advertunt.
722 3374 781 3440 Qui
794 3376 849 3430 etsi
863 3372 971 3448 aliquid
984 3373 1016 3426 in
1028 3369 1074 3427 his
1132 3443 1133 3448 Ἰ

38 3463 119 3520 rebus
134 3463 299 3519 daemones
327 3467 465 3532 possunt,
490 3467 604 3516 tantum
629 3468 768 3533 possunt,
794 3466 934 3534 quantum
961 3464 1075 3510 secreto
1135 3453 1140 3456 ”

38 3547 248 3623 omipotentis
260 3543 387 3600 arbitrio
400 3544 624 3614 permittuntur3
643 3561 680 3598 ne
693 3543 794 3618 magni
807 3539 965 3614 pendamus
981 3547 1074 3592 terrc-

40 3648 99 3687 nam
117 3630 316 3696 felicitatem,
345 3643 434 3698 quae,
460 3627 538 3698 sicut
551 3625 659 3694 Mario,
683 3626 767 3680 malis
794 3624 881 3678 etiam
905 3622 1074 3697 plerumque

42 3715 225 3785 conceditur3
254 3729 314 3768 nee
331 3725 398 3762 cam
410 3705 512 3765 rursus
530 3712 614 3785 quasi
627 3710 732 3764 malam
745 3706 935 3773 arbitrentur,
962 3723 1027 3760 eum
1041 3723 1076 3759 ca

44 3801 135 3858 natos
151 3801 245 3856 etiam
257 3796 328 3870 pios
344 3797 377 3844 et
389 3790 478 3854 bonos
490 3796 577 3849 unius
589 3791 648 3849 Dei
658 3791 723 3847 veri
734 3789 876 3856 cultores,
891 3787 992 3842 invitis
1006 3788 1074 3842 dac-

46 3885 162 3942 maiam
176 3875 404 3960 praepolluisse
417 3874 580 3948 videamus3
607 3893 662 3954 nee
689 3869 813 3954 eosdem*-
829 3869 1074 3926 immundissimos
