2340 4320
189 179 200 190 “
240 203 296 261 nn
320 201 536 260 ιιιιιιιιι
557 177 636 262 nur
658 205 738 262 nrn.
762 205 814 263 ιι.
879 191 880 194 ‘
983 215 1043 274 roa

32 357 156 414 adiuvant
167 353 412 430 adregnandum,
438 355 575 427 quoniam
588 354 700 432 singuli
713 357 822 430 quique
836 357 895 413 cito
909 363 1056 418 mariun-'s

28 447 78 493 tur:
104 456 158 492 nec
171 437 347 492 beneficium
360 436 556 508 deputandum
570 447 625 507 est,
652 437 730 511 quod
741 441 851 516 exiguo
864 447 1016 512 tempore'
1008 464 1041 500 ιιι

24 537 186 593 unoquoque
196 518 326 589 homine,
341 537 374 574 ac
385 537 438 591 per
448 516 511 574 hoe
515 520 687 595 singillatim
696 521 800 606 utique
809 523 840 577 ιιι
852 524 1023 584 omuibus
994 542 1040 588 ra-
1100 521 1102 524 ’

24 621 52 657 ce
63 603 174 676 raperis
188 591 350 658 evanescit.
365 599 443 674 Quid
456 603 535 656 enim
546 602 671 656 interest
683 619 784 664 eorum
798 605 849 678 qui
863 605 915 659 sub
930 603 1040 661 Romu·

21 686 45 740 lo
60 683 124 739 deos
139 675 307 766 coluerunt,
323 693 353 738 et
365 683 434 738 olim
447 691 518 738 sunt
530 685 650 753 mortui,
670 683 753 759 quod
766 694 832 758 post
846 704 948 741 eorum
961 707 1039 742 mor·

20 777 71 822 tem
83 765 247 821 Romanum
264 763 389 834 tanturn
393 767 487 824 crevit
501 762 686 839 imperiumi-
701 785 767 823 eum
779 768 823 822 illi
837 768 913 840 apud
926 769 1048 826 inferos

20 867 112 904 causas
126 867 194 903 suas
207 857 314 924 agant·
330 857 429 902 utrum
442 847 545 918 bonas,
564 866 602 902 an
615 850 716 920 malas,
730 848 767 904 ad
779 868 841 906 rem
854 855 1040 923 praesentem
1068 851 1081 920 J

20 949 73 986 nou
85 933 218 1003 pertinet
257 929 325 985 lloe
343 938 441 985 autem
454 929 490 983 de
508 930 642 985 omnibus
661 932 886 1009 intelligendum
905 944 962 1005 est,
988 936 1040 1008 qui
1098 947 1100 952 ’

17 1015 167 1086 peripsum
180 1014 338 1086 imperium
353 1004 505 1108 (quamvis
526 1011 733 1078 decedentibus
755 1015 1039 1090 succedentibusque

17 1096 212 1150 mortalibus
203 1113 235 1150 ιιι
262 1096 353 1170 longa
372 1075 467 1166 spatia
487 1089 693 1190 protendatur)
719 1099 819 1170 paucis
839 1098 1038 1155 diebusvitae

18 1195 80 1232 suae
97 1178 206 1232 cursim
224 1178 390 1250 raptimque
403 1179 602 1247 transierunt,
628 1187 748 1234 actuum
765 1198 885 1236 suorum
907 1183 1037 1237 sarcinas

16 1259 179 1315 baiulantes.
221 1257 277 1314 Sin
290 1277 362 1314 vcro
383 1259 1039 1336 etiam-ipsabrevissimitemporisbeneficia
1118 1263 1125 1342 s

16 1340 125 1398 deorum
144 1341 294 1398 adiutorio
313 1339 470 1396 tribuenda
488 1350 574 1412 sunt,
602 1361 663 1400 non
678 1360 782 1415 parum
800 1345 893 1400 adiuti
912 1355 983 1401 sunt
994 1346 1039 1400 illi

16 1423 194 1500 gladiatores,
209 1424 262 1497 qui
273 1424 389 1479 servilis
401 1422 578 1484 conditionis
590 1425 708 1492 uincula
716 1435 870 1499 ruperunt,
884 1427 1037 1505 fugerunt,

17 1513 177 1577 eraserunt,
188 1506 356 1561 exereitum
367 1523 505 1582 magnum
515 1515 544 1564 et
554 1506 747 1563 fortissimum
760 1510 954 1586 collegerunt,
968 1511 1037 1566 obe·

17 1587 116 1644 dientes
129 1607 235 1665 regum
249 1602 369 1644 suorum
383 1589 514 1644 consiliis
528 1598 559 1644 ιι
570 1590 671 1659 iussis,
686 1591 808 1654 multum
819 1589 967 1648 Romanae
979 1595 1038 1647 ecl-

17 1672 127 1727 situdini
138 1670 307 1740 metuendi,
326 1679 357 1725 et
370 1670 482 1743 aliquot
493 1669 635 1727 Roaiams
648 1672 872 1743 imperatoribus
885 1674 1038 1746 insupera-
1071 1695 1077 1710 s

17 1753 77 1808 biles
85 1757 177 1810 multa
192 1760 353 1825 ceperunt:
367 1754 453 1825 potiti
465 1763 535 1808 unt
543 1755 676 1828 victoriis
686 1754 831 1826 plurimis,
845 1755 895 1814 usi,
904 1757 1038 1826 volupta-

17 1836 83 1891 tibus
93 1838 198 1910 qnibus
208 1837 385 1905 voluerunt3
400 1834 477 1908 quod
488 1837 639 1912 suggessit
648 1835 749 1906 libido,
759 1835 911 1891 iecerunt:
925 1845 1038 1907 postre-

9 1935 55 1972 -rao
68 1917 157 1974 donec
170 1921 383 1987 vincerentur,
410 1916 489 1990 quod
502 1918 670 1974 difficillime
684 1928 730 1973 eat
747 1919 874 1990 iactum,
901 1911 1039 1976 sublimes

18 2011 222 2077 regnantesque
231 2001 389 2082 'vixerunt
420 1999 479 2058 Sed
492 2000 529 2056 ad
542 2002 652 2058 maiora
666 2002 829 2064 veniamus.
1107 1999 1109 2012 '

409 2148 528 2208 cn'P.
574 2149 632 2206 vl.
719 2140 720 2146 ἵ

17 2241 202 2312 recapittase'
213 2245 285 2300 Nini
299 2247 385 2316 regis,
404 2245 606 2384 builmfllmm
608 2239 805 2310 dominaretur,
821 2247 928 2314 primns
942 2247 1037 2298 intulit

354 2367 357 2378 ,
427 2333 440 2366 e
462 2332 478 2366 a
515 2313 626 2367 aitimis.

66 2417 196 2476 lustinus
220 2419 274 2496 qui
300 2420 458 2491 Graecam,
484 2422 532 2476 vel
553 2408 652 2494 potius
673 2395 878 2498 peregrinam,
903 2409 1037 2497 Trogum

17 2499 169 2576 Pompeium
183 2514 319 2574 secutus,
334 2521 393 2560 non
408 2501 512 2565 Latine
526 2513 651 2575 tantum,
666 2506 744 2560 sicut
757 2507 817 2575 ille,
831 2521 935 2560 serum
949 2505 1036 2560 ctiam

15 2583 128 2641 Breviter
141 2579 267 2660 scripsit
278 2585 446 2655 historiam,
474 2603 548 2659 opus
562 2587 705 2648 librorum
719 2605 839 2643 suorum
858 2588 902 2640 sie
915 2587 1035 2658 incipit:
1059 2583 1064 2594 “

16 2665 170 2742 „Principio
186 2675 289 2724 rerum
306 2670 440 2746 gentium
452 2669 664 2743 nationumque
678 2671 833 2744 imperium
844 2686 935 2742 penes
948 2687 1036 2744 reges

16 2761 96 2821 „erat,
110 2769 187 2825 quos
202 2751 241 2806 ad
254 2752 408 2829 fastigium
418 2749 505 2806 huius
517 2751 691 2822 maiestatis,
706 2753 900 2808 uonambitio
914 2752 1036 2822 popula·
1073 2818 1075 2822 Δ

17 2835 78 2903 „ris,
104 2833 157 2888 sed
178 2831 318 2907 spectata
334 2836 413 2890 inter
431 2833 524 2892 bonos
543 2833 704 2892 moderatio
718 2833 905 2908 provehebat.
931 2832 1037 2906 Populi
1109 2829 1110 2834 '
1134 2835 1139 2838 ”

17 2917 107 2982 „sadis
133 2917 255 2992 legibus
282 2913 472 2976 tenebantur:
506 2915 627 2974 arbitria
651 2918 816 2990 principum
840 2916 1035 2994 pro-legibus

16 3009 111 3064 „crant
133 2999 233 3056 Fines
245 3000 363 3072 imperii
375 3000 454 3054 tueri
467 3000 561 3075 magia
575 3007 662 3072 quam
674 3000 807 3082 proferre
820 3017 882 3056 snos
897 3008 973 3054 erat:
988 2999 1035 3054 in·
1072 3021 1077 3026 ¹

15 3089 66 3146 „tra
76 3100 165 3138 auam
180 3081 290 3154 cuique
302 3082 427 3153 patriam
439 3098 533 3158 regna
545 3081 733 3140 finiebantur.
764 3079 889 3138 Primus
905 3082 1036 3137 omnium
1063 3143 1066 3151 Ι

12 3161 113 3231 ‚dinus
127 3181 187 3220 rex
189 3162 401 3261 Assyriorum
402 3174 533 3220 retorem
546 3173 576 3219 ct
589 3166 798 3262 quasiavitum
812 3165 949 3242 gentibus
970 3179 1034 3217 mo-

10 3263 78 3312 „rem
89 3265 173 3304 nova
187 3247 308 3320 imperii
322 3245 481 3319 eupiditate
494 3248 627 3302 mutavit.
650 3245 708 3304 Hic
720 3249 832 3322 primus
846 3247 948 3301 intulit
960 3244 1036 3300 bella

9 3328 164 3400 „finitimis,
194 3337 226 3383 et
238 3326 330 3384 rudes
344 3327 436 3385 adhue
449 3328 485 3384 ad
499 3328 696 3386 resistendum
709 3332 829 3404 populos
844 3328 880 3382 ad
893 3327 1035 3382 terminos

9 3429 108 3488 „nsque
123 3412 242 3487 Libyae
256 3409 429 3485 perdomuit.
455 3410 495 3468 Et
509 3412 596 3486 paulo
608 3421 688 3485 post:
714 3411 822 3481 Ninus,
843 3409 951 3505 inquit,
972 3426 1034 3466 nro-

7 3495 212 3572 „gnitudinena
225 3495 379 3568 quaesitae
392 3487 599 3552 dominationis
614 3495 755 3550 continua
773 3492 965 3592 possessione
983 3489 1035 3546 fir-

7 3581 113 3644 ‚mavia
148 3576 288 3634 Domitia
303 3576 396 3652 igitur
407 3577 564 3673 proximis,
591 3595 662 3632 cum
670 3577 840 3632 accessione
852 3573 961 3628 virium
973 3573 1035 3640 ior·
1035 3645 1039 3660 Υ

6 3661 71 3729 ,tior
84 3661 122 3718 ad
138 3661 219 3716 alios
240 3659 402 3728 transiret,
428 3668 457 3714 et
465 3660 607 3742 proxima
625 3675 759 3730 quaeque
778 3656 903 3711 victoria
922 3656 1035 3712 instru-

5 3755 146 3808 ,uentum
173 3739 339 3814 sequentis
360 3750 447 3812 esset,
472 3743 565 3802 totius
574 3723 718 3798 Orientis
738 3738 862 3812 populos
886 3738 1035 3816 subeg1t“
1132 3805 1133 3810 ἵ

5 3823 126 3888 Qualibet
139 3833 253 3881 autem
268 3819 327 3876 fide
340 3825 445 3895 terma,
459 3825 526 3880 vel'
518 3833 575 3879 rste
588 3823 637 3879 vel
650 3819 767 3897 Trogus
781 3819 945 3900 scripserit3
969 3840 1037 3876 nam
