2324 4312
166 207 228 268 on
250 175 472 268 ervisius:
495 210 575 270 oni
599 209 678 268 uin.
704 209 784 270 xx.
932 219 992 276 ³17
1060 223 1062 226 ·

61 364 102 420 in
115 382 148 420 co
161 360 240 439 quod
251 359 360 428 dictum
372 371 428 445 est,
440 358 526 419 Sicut
539 361 639 420 dicbus
643 362 798 438 pristinis,
812 375 841 422 ct
852 367 929 422 sicut
939 386 993 423 an-

59 447 198 514 n'ort'buo:
221 448 310 514 ¹istum
326 453 478 518 praetereo
497 446 715 518 quaestionem,
736 464 774 501 ne
792 458 881 525 coget
904 445 992 524 (quod
1098 461 1100 467 ⁴

59 545 111 586 um
122 521 181 606 est)
194 537 301 584 cuncto
313 527 472 599 discutere,
490 536 525 582 ut
536 527 645 603 aliquid
657 526 762 585 horum
774 533 883 586 veritos
895 533 1000 590 muni<
1015 521 1016 524 ¹

59 635 64 664 t
80 611 245 669 confirmet.
267 609 359 666 Video
372 612 477 685 quippe
488 611 611 666 alterum
621 629 753 683 sensum,
767 630 805 668 nc
818 612 880 669 dios
892 615 991 688 pristi-

66 711 165 752 nnuos
178 695 291 768 priores
309 693 471 752 carnalium
487 693 699 750 sacrificiorum
716 695 801 752 nobis
817 714 871 771 pro
884 714 991 772 magno

61 795 83 832 e
104 797 156 853 per
177 774 352 851 Propbetom
375 777 533 850 promissos
558 775 650 832 fuisse
673 776 832 834 credemus.
866 777 991 836 Hostiae

59 879 86 915 ie
99 863 168 917 iliae
179 860 290 917 veteris
302 858 390 936 Legis
403 859 435 914 in
448 858 611 932 quibusque
622 861 776 932 pecoribus
789 863 990 920 inimuculotoc

59 961 78 996 e
92 946 151 1002 ullo
172 960 291 1018 prorsus
311 943 384 999 vitio
403 937 578 998 iubebantur
596 941 713 1014 offerri,
738 954 769 1000 et
785 945 992 1022 significabunt

59 1044 92 1082 es
110 1036 240 1098 sanctos,
259 1026 353 1100 qualis
371 1026 450 1080 nolus
464 1025 603 1081 inventus
621 1035 667 1082 est
685 1025 835 1099 Christus,
854 1029 918 1084 sine
931 1029 990 1084 ulio

60 1127 80 1165 o
92 1119 223 1185 peccoto.
244 1106 371 1164 Proinde
384 1108 453 1183 quia
464 1116 531 1182 port
543 1106 692 1179 iudicium,
705 1129 770 1166 eum
781 1111 893 1167 fuerint
903 1112 991 1168 etium

59 1193 186 1263 rundoti,
199 1192 250 1267 qui
263 1190 406 1248 eiusmodi
417 1189 606 1260 mundatione
620 1201 690 1248 sunt
703 1192 797 1270 digni,
810 1195 843 1250 in
855 1195 989 1252 omnibus

59 1293 71 1330 s
83 1278 197 1334 nullum
208 1275 379 1332 invenietur
390 1276 509 1331 omnino
521 1283 689 1350 peecatum,
713 1285 801 1350 atquo
812 1277 855 1333 ito
867 1296 898 1334 se
911 1280 990 1352 ipsos

59 1369 84 1416 nt
95 1360 128 1417 in
139 1359 271 1430 iustitio,
294 1366 328 1414 nt
341 1359 413 1414 telos
425 1355 542 1430 hostiae
551 1353 631 1414 omni
642 1356 727 1415 modo
740 1360 944 1417 immaculutae
957 1379 990 1417 uc
1060 1397 1063 1400 -
1090 1381 1096 1384 ·

59 1443 97 1501 llo
108 1442 182 1500 vitio
195 1443 258 1500 sint
269 1439 396 1512 futurae,
412 1449 500 1496 crunt
510 1440 642 1514 profecto
655 1441 732 1498 sicut
742 1443 876 1516 pristinis
891 1442 990 1500 dicbus

59 1535 88 1582 ut
111 1527 198 1582 annis
220 1523 378 1600 prioribus,
405 1521 520 1600 quando
541 1525 574 1578 in
595 1523 698 1580 umbro
713 1522 799 1580 buius
813 1527 857 1580 rei
875 1525 990 1582 futurae

59 1611 167 1666 bsimne
180 1605 376 1665 offerebantur
387 1605 512 1663 bostiue.
546 1604 628 1680 Haec
642 1607 699 1664 crit
711 1625 836 1683 numque
848 1607 991 1664 munditia
1055 1631 1061 1644 ·

59 1712 75 1750 n
88 1692 246 1750 immortali
258 1709 346 1748 cerne
358 1709 393 1746 oc
405 1698 503 1746 mente
516 1698 699 1761 tunctorum,
724 1709 798 1766 quoe
809 1690 991 1769 figurabatur

59 1795 120 1833 rum
132 1775 304 1849 corporibus
316 1772 485 1831 hostiarum.

59 1859 139 1916 einde
150 1867 271 1933 proptor
290 1873 340 1914 eos
360 1858 410 1932 qui
428 1874 490 1914 non
506 1855 710 1928 mundatione,
736 1855 788 1913 scd
804 1855 1010 1914 damnatione.

59 1945 139 2021 igni:
167 1941 210 1999 Et
222 1942 370 2010 accedam,
388 1941 501 2016 inquit,
515 1941 557 1998 nd
567 1957 617 1996 oou
630 1941 660 1997 in
674 1940 825 2011 iudicium,
838 1950 868 1997 ct
881 1959 932 2000 cro
946 1951 990 1998 te·
1070 1961 1075 1967 ·

59 2027 115 2090 tlon
126 2043 217 2103 super
229 2021 377 2097 maleficos
386 2034 415 2081 ct
428 2041 518 2100 nuper
531 2013 694 2094 adulteros,
707 2031 737 2079 ct
746 2033 872 2095 caetero,
885 2021 989 2099 quibus

59 2109 170 2166 bilibus
184 2107 362 2182 enumeratis
376 2107 556 2178 criminibus,
569 2105 689 2179 addidit,
706 2104 849 2175 Quoniam
863 2127 915 2184 ego
927 2105 989 2164 Do-

69 2194 154 2251 Deut
165 2201 280 2262 vester,
304 2201 335 2248 ct
347 2210 403 2248 non
416 2200 531 2252 mutor:
558 2199 696 2266 tunquam
709 2188 829 2262 diceret,
852 2189 923 2248 Cum
935 2207 988 2247 vos

59 2279 116 2334 orit
129 2285 160 2332 et
172 2277 205 2333 in
218 2273 346 2332 deterius
365 2275 450 2348 culpe
462 2282 576 2344 vestro,
602 2275 675 2331 etin
689 2275 791 2330 melius
804 2275 900 2351 gretia
913 2292 989 2343 mco,

59 2379 93 2419 >n
106 2368 212 2417 mutor.
245 2357 364 2414 Testem
377 2374 449 2413 voro
464 2375 496 2411 se
509 2354 582 2412 dicit
593 2356 736 2428 futurum,
757 2358 824 2431 quin
836 2358 868 2414 in
882 2357 989 2413 iudicio
1064 2339 1085 2358 ῤ’

59 2463 88 2502 tn
102 2443 216 2520 indiget
228 2441 366 2498 testibus:
390 2456 513 2513 eumque
532 2439 678 2509 velocem,
700 2442 763 2496 sive
781 2441 849 2514 quio
867 2450 1001 2515 repento

59 2545 99 2584 us
112 2536 174 2598 est,
197 2527 310 2601 eritque
326 2522 464 2598 iudicium
477 2523 541 2595 ipso
555 2522 704 2600 inopinato
717 2523 779 2578 eius
798 2521 924 2580 odronto
940 2542 989 2580 cc-

59 2629 119 2682 um,
132 2608 209 2686 quod
221 2607 418 2666 tardissimum
429 2604 595 2673 ridebatur;
610 2606 672 2662 sire
686 2606 754 2680 quie
767 2605 846 2677 ipsus
864 2608 988 2665 convin-

59 2714 85 2752 ιο
98 2696 159 2751 ullo
171 2693 315 2750 sermonis
327 2689 496 2765 prolixitate
508 2685 714 2744 conscientias.
747 2683 784 2744 In
798 2689 989 2762 cogitationi-

59 2779 118 2849 t'm,
134 2777 212 2834 sieut
225 2776 432 2849 scriptumest,
455 2772 541 2848 impii
553 2772 753 2847 interrogatio
767 2770 835 2827 crit.
857 2769 897 2826 Et
909 2769 988 2846 Apo·
1041 2827 1043 2830 .

59 2904 62 2928 .
80 2853 326 2936 Cogitationibut,
338 2857 445 2931 inquit,
458 2854 676 2925 accurantibus,
684 2853 733 2911 uel
743 2853 834 2911 otiam
844 2869 989 2910 cucuron·

59 2946 90 3001 t'n
111 2945 160 3002 dic
177 2961 236 3020 qua
255 2940 401 2998 iudicabit
417 2936 501 2996 Dcm
519 2936 635 2994 occulto
648 2935 807 3006 bominum,
832 2936 988 2994 seeundum

1045 1025 1053 1052 l
1101 1043 1102 1046 ,

59 3027 152 3092 :elium
165 3045 256 3084 meum
263 3041 323 3101 per
336 3018 433 3080 Ictum
449 3019 607 3076 Christum.
633 3018 733 3076 Etiam
744 3020 786 3075 sic
801 3038 870 3096 ergo
884 3017 988 3092 Domi·
1048 3087 1050 3091 Ι

59 3119 141 3167 turus
157 3109 242 3170 testis
261 3104 469 3183 intelligendus
483 3111 529 3158 est
540 3105 643 3174 velox,
668 3103 755 3179 quum
768 3103 833 3158 rinc
846 3118 926 3157 moro
939 3120 988 3158 re-

59 3211 115 3250 nuu
133 3202 178 3249 est
194 3193 226 3248 in
243 3191 429 3260 memorium,
452 3185 530 3243 unde
554 3187 711 3244 convincat
732 3186 892 3261 puniatque
915 3201 986 3242 eon·

59 3294 111 3334 w
196 3335 198 3341 ‘
301 3355 369 3414 cn
392 3353 424 3422 r.
465 3349 644 3413 xxvm

59 3451 182 3508 oratione
191 3450 319 3505 bonorum
328 3459 356 3504 ct
365 3443 509 3515 mulorum,
524 3466 576 3518 pcr
591 3461 670 3516 quam
684 3442 821 3500 nouissimi
833 3442 929 3496 iudicii
939 3445 992 3498 dit·

334 3520 428 3573 'cretio
438 3521 601 3573 declaratur.
698 3558 703 3565 .

59 3611 93 3668 ud
107 3612 206 3682 etiam,
220 3609 296 3686 qnod
311 3610 390 3666 uliud
404 3615 496 3689 egens
509 3610 657 3678 inooto'ro
671 3605 783 3662 decimo
796 3601 870 3657 libro
882 3619 919 3656 cx
931 3604 989 3660 isto
1008 3633 1014 3646 ν

59 3705 103 3752 eto
122 3695 220 3768 posui,
251 3692 287 3748 ad
310 3692 448 3750 iudicium
469 3692 660 3749 novissimum
686 3688 829 3763 pertinet,
858 3684 909 3740 nbi
933 3689 996 3756 nit:

67 3777 150 3848 mibi,
167 3778 243 3834 'dicit
257 3773 400 3840 Dominus
413 3777 603 3854 omnipotens,
617 3774 647 3828 t'n
662 3774 709 3830 die
723 3789 780 3847 qua
795 3767 945 3843 cgofaot'o
960 3774 991 3828 in

59 3864 198 3918 *itionem
225 3868 254 3916 ct
267 3859 375 3933 eligam
389 3876 437 3916 eoo
450 3859 527 3915 siout
544 3856 629 3932 eligit
641 3854 722 3913 bomo
728 3853 829 3926 filium
844 3866 927 3908 tuum
941 3874 991 3932 put
