2362 4312
243 178 308 238 ou
342 157 569 248 sivsvuuu
604 177 686 254 nus
724 179 804 238 uua
832 181 871 239 11.
918 143 924 156 ’
999 183 1077 252 ‘ao

9 350 25 397 ις
74 322 169 412 Sempe
196 333 353 401 discentes,
381 341 411 390 et
434 331 641 406 ouyoerssotts
658 333 815 430 seientiam
840 351 985 415 aunquqm
1004 355 1077 414 per.

9 436 26 474 u
71 421 202 476 assumes.
490 467 495 474 Α

450 497 519 554 CA
545 496 577 554 P.
620 496 669 556 11.

197 635 200 640 ,
223 577 334 640 Dedit,
354 593 424 646 quae
435 577 670 645 primo'oolums'sse
686 573 894 646 expeditorum.

9 680 22 718 i
120 669 271 742 Superiore
289 668 391 742 itaque
405 667 498 739 libro,
525 686 592 724 oum
606 668 641 724 de
654 666 781 731 Civitate
794 666 853 726 Dei
871 669 971 726 dieere
990 671 1075 726 insti-

68 755 184 824 tuissem,
205 751 281 808 unde
294 749 351 807 hoe
368 752 540 808 universum
554 769 644 825 opus,
671 753 721 808 illo
736 751 912 825 adiuvante,
926 755 959 809 in
971 771 1075 810 manus
1104 747 1108 756 ’

69 847 178 892 sumtum
194 846 250 906 est,
276 835 412 890 occurrit
431 833 503 891 mihi
519 833 757 908 respondendum
780 853 845 896 esse
864 838 1001 912 primitus
1021 838 1075 908 eis,

9 927 12 942 '
26 971 31 986 ,
70 919 188 994 quihaee
198 921 266 978 bella
280 919 390 993 quibus
404 917 531 976 mundus
545 917 608 978 iste·
616 920 791 990 conteritur,
816 922 1001 995 maximeque
1013 919 1075 977 Ro·
1118 927 1119 936 ’

25 987 31 1044 3
73 1020 161 1058 manae
173 1003 241 1060 urbis
254 1010 410 1062 recentem
428 1020 447 1058 a
463 1001 601 1060 Barbaria
618 1004 817 1062 vastationem
829 1001 1013 1060 Christianae
1026 1022 1075 1059 re-

72 1087 159 1163 ligioni
171 1087 313 1157 tribuunt,
340 1103 401 1163 qua
419 1084 612 1160 prohibentur
631 1085 766 1144 nefandis
786 1087 943 1158 saorifieiis
962 1089 1075 1145 servire

67 1169 248 1226 daemonibus:
276 1188 346 1226 eum
356 1170 459 1243 potius
471 1167 533 1228 hoe
542 1168 681 1229 deberent
694 1171 824 1228 tribuero
838 1169 971 1242 Christo,
986 1169 1076 1248 »quod

66 1261 169 1326 propter
181 1253 241 1309 eius
256 1271 366 1310 nomeu
381 1261 487 1322 eontra
497 1249 672 1310 institutum
682 1255 852 1330 maremque
862 1256 1017 1326 bellorum,
1032 1257 1075 1312 eis

63 1354 109 1410 que
122 1337 330 1414 confugerent,
357 1337 499 1414 religiosa
519 1346 549 1391 et
563 1337 741 1412 amplissima
759 1339 826 1395 loea
842 1338 965 1394 Barbari
984 1340 1076 1396 libera
1164 1381 1168 1386 .

63 1421 261 1492 praebuerunt3
275 1429 367 1494 atque
380 1421 413 1476 in
425 1422 525 1477 multis
539 1420 711 1481 famulatum
725 1419 854 1487 debitum
867 1415 996 1493 Christo,
1013 1441 1075 1480 non

60 1505 141 1559 solum
156 1523 274 1574 verum,
301 1503 354 1558 sed
372 1505 462 1560 etiam
477 1506 583 1561 timore
602 1503 762 1566 oonfiotuns
780 1507 823 1560 sie
839 1504 1073 1579 honoraverunt,

59 1597 85 1641 ut
96 1587 170 1660 quod
188 1590 217 1643 in
235 1605 289 1642 eos
304 1587 453 1654 belliiure
466 1586 531 1644 fieri
548 1588 712 1660 licuisset,
727 1589 864 1648 illicitum
877 1590 934 1645 sibi
948 1607 1013 1656 esse
1026 1592 1073 1660 iu-
1105 1613 1112 1628 κ
1149 1609 1153 1620 ·

58 1669 184 1726 dicarent.
197 1669 268 1738 inde
279 1668 388 1727 ineidit
401 1671 546 1745 quaestio,
562 1690 615 1727 eur
628 1668 700 1726 haee
716 1669 817 1729 divina
830 1672 973 1732 beneficia
985 1674 1075 1730 etiam

57 1753 86 1807 sd
101 1756 199 1828 immas
218 1757 416 1833 ingratosque
434 1755 644 1827 pervenerint,
673 1761 703 1812 et
723 1771 776 1810 eur
793 1755 844 1810 illa
866 1753 971 1810 itidem,
990 1754 1074 1826 dura,
1112 1747 1119 1764 ⁴

57 1856 118 1910 quae
130 1837 277 1893 hostiliter
291 1838 469 1909 factasunt,
491 1839 555 1912 pios
568 1857 636 1894 oum
654 1837 752 1910 impiis
771 1838 883 1912 pariter
895 1835 1072 1894 afflixerinti

57 1922 137 1986 Quam
149 1923 354 1997 quaestionem
366 1920 523 1995 permulta
535 1919 681 1990 diffusam,
694 1922 740 1996 tin
754 1921 889 1977 omuibus
906 1921 986 1980 onim
1000 1939 1073 1995 quo-

52 2003 159 2062 tidianis
182 2007 231 2061 vei
253 2003 313 2060 Dei
335 2005 508 2064 munoribus
532 2006 580 2062 vel
601 2002 753 2062 hominum
780 2003 923 2076 cladibus,
948 2021 1074 2079 quorum

57 2097 165 2162 utraque
187 2089 262 2144 bene
283 2093 321 2144 ae
342 2089 418 2144 male
444 2089 612 2145 viventibus
638 2090 784 2162 permixte
811 2097 899 2163 atque
912 2087 1074 2144 indiscrete

58 2189 131 2244 saepe
144 2171 292 2242 accidunt,
306 2227 307 2230 ,
320 2172 539 2231 solent‘multos
553 2175 699 2243 usuvere‚)
719 2182 752 2229 ut
765 2190 818 2245 pro
833 2173 963 2245 suseepti
976 2173 1073 2247 operis
1146 2189 1148 2194 ·

59 2257 216 2312 nenessitato
230 2254 437 2326 dissolverem,
464 2257 649 2329 aliquantum
661 2257 833 2318 immoratus
847 2273 929 2327 sum,
947 2256 1073 2312 maxime

17 2377 18 2380 η
60 2335 90 2390 sd
101 2337 288 2396 consolandus
302 2347 421 2395 sanetas
437 2337 563 2394 feminas
579 2346 610 2393 et
622 2339 670 2411 pie
684 2346 792 2410 castas,
805 2339 838 2394 in
851 2340 957 2411 quibus
969 2338 1005 2396 ab
1017 2336 1071 2397 ho-

15 2453 24 2496 7
64 2427 102 2473 ste
114 2421 213 2494 aliquid
223 2430 428 2510 perpetratum
442 2430 498 2494 est,
515 2420 593 2497 quod
606 2422 708 2477 intulit
719 2420 918 2482 verecundiae
930 2421 1071 2495 dolorem,

66 2503 113 2556 etsi
129 2519 181 2560 non
196 2506 323 2580 abstulit
337 2503 498 2578 pudicitiae
527 2505 710 2578 firmitatem
735 2523 773 2562 ne
791 2505 944 2578 poeniteat
963 2523 1013 2560 eas
1026 2507 1072 2562 vi-

63 2595 109 2658 tae,
132 2605 196 2662 quas
209 2607 272 2646 non
296 2597 343 2648 est
363 2587 442 2644 unde
464 2587 559 2661 possit
581 2589 733 2660 poenitere
752 2589 912 2663 nequitiae.
957 2587 1072 2646 Deinde

59 2687 136 2742 pausa
147 2670 207 2728 dixi
219 2674 252 2728 irs
266 2690 331 2743 eos,
340 2673 403 2746 ·qui
416 2669 601 2746 Christianos
615 2669 746 2728 adversis
765 2673 824 2727 illis
837 2672 925 2728 rebus
938 2668 1071 2745 affectos,

21 2761 23 2764 ·
58 2761 82 2807 et
94 2757 244 2829 praecipue
259 2755 405 2830 pudorem
421 2753 624 2812 humilitatum
646 2755 837 2826 feminarum,
862 2755 996 2830 quamvis
1022 2775 1071 2812 ea·

58 2845 153 2894 starum
165 2847 254 2914 atque
274 2835 464 2910 sanctarum‚'
489 2839 683 2912 protervitate
695 2827 1068 2916 impudentissima‘exagi-
1091 2835 1092 2838 ’

18 2967 23 2998 s
58 2926 117 3000 taut,
141 2941 207 2978 enm
226 2923 290 3000 sint
314 2921 491 2996 nequissimi
516 2929 546 2978 et
559 2922 830 3000 irreverentissimi,
855 2923 946 3000 longe
970 2923 1006 2979 ab
1026 2923 1069 2979 eis
1128 2961 1137 2973 „

19 3023 23 3090 p
58 3002 268 3074 ipsisRonsanis,
276 3003 451 3082 degeneres,
466 3023 589 3079 quorum
596 3007 747 3084 praeclara
759 3007 857 3062 multa
869 3005 1029 3064 laudantur
1041 3016 1086 3072 et,
1148 3029 1149 3034 ¹

17 3087 22 3152 ξ
58 3086 205 3146 litterarum
216 3090 363 3150 memoria
390 3089 586 3162 celebrantur,
611 3090 699 3148 immo
725 3090 844 3146 illorum
854 3091 967 3167 gloriae
980 3087 1068 3146 vehe-
1122 3091 1132 3158 j

59 3180 152 3228 uenter
171 3173 301 3245 adversi.
345 3171 471 3234 Romans
487 3173 593 3248 quippe
612 3181 878 3246 partam‘veterum
896 3183 1073 3246 auctamque

57 3251 202 3328 laboribus,
222 3256 391 3313 foediorem
408 3265 535 3314 stantem
554 3256 689 3315 fenerant
713 3259 801 3330 qua'm
811 3265 962 3314 ruentem:
976 3272 1082 3333 quan-¹

56 3332 191 3410 doquidem
205 3341 238 3396 in
252 3341 345 3396 ruina
358 3341 423 3396 eius
438 3339 549 3413 lapides
563 3347 594 3396 et
604 3341 748 3417 ligna,·in
762 3341 887 3397 istorum
899 3343 998 3406 autem
1009 3338 1071 3394 vita
1081 3336 1093 3413 ſs
1110 3359 1115 3372 ‘

57 3423 147 3492 onnia,
167 3441 227 3480 non
239 3440 409 3494 murorum,
428 3423 480 3478 sed
492 3441 608 3480 morum
619 3421 801 3488 munimenta
813 3431 901 3497 atque
914 3437 1069 3476 ornamen-

56 3509 77 3554 tu
93 3505 283 3577 oeciderunt,
312 3523 386 3572 eum,
399 3504 612 3570 funestioribus
633 3525 735 3565 eorum
754 3505 844 3562 eorda
861 3501 1070 3577 cupiditatibus

21 3629 23 3644 .
56 3599 127 3656 quus
138 3581 258 3667 ignibus
272 3597 356 3645 teoto
369 3589 448 3646 illius
462 3590 543 3660 urbis
556 3589 721 3652 arderent,
748 3588 862 3655 Quibus
880 3585 984 3656 dietis,
1009 3587 1070 3659 pri-

57 3682 118 3725 usnr
131 3674 293 3729 terminavi
304 3671 423 3728 librum.
458 3672 605 3747 Deinceps
620 3675 721 3746 itaque
734 3671 833 3727 dieere
847 3669 975 3739 institui,
995 3667 1070 3742 quae

59 3752 114 3808 ¹²12
128 3756 230 3812 civitas
256 3757 314 3811 illa
340 3771 477 3828 perpessa
503 3757 543 3811 sit
567 3757 602 3812 ab
629 3755 835 3830 originem,
863 3751 926 3806 sive
944 3750 1085 3825 apudse·

60 3827 142 3910 ipsun,
154 3841 217 3896 sive
233 3840 269 3895 in
283 3837 447 3910 provinoiis
461 3839 516 3903 sibi
534 3837 593 3896 iam
605 3836 759 3894 subdistis:
787 3849 861 3906 quae
872 3835 974 3888 omnia
987 3830 1071 3888 Chri·
