2324 4312
185 143 325 269 sot·
415 163 997 262 alvlnv'sannavavsrlnl
1094 160 1098 170 ι

186 362 228 418 rit
240 356 403 419 Christum.
430 364 462 412 et
474 352 541 412 idco
553 371 606 429 per
619 371 684 410 eum
699 327 799 410 salvum
812 371 879 410 essa
892 371 951 410 nan
962 350 1117 429 patriarcali

185 462 254 504 rura
274 439 561 515 mendaciloquorum
581 437 756 504 daemonum
775 438 901 513 laqueos
918 439 1006 495 vitare
1019 437 1057 493 rel
1074 435 1117 490 sala

188 527 253 586 Nos
267 534 364 584 autam
377 541 472 598 neque
484 523 649 596 Apollinem
660 521 880 595 vituperantem
892 520 1037 591 Christum,
1047 535 1117 592 neque

189 620 277 668 caten
300 624 455 682 passumus
481 604 641 680 approbare
665 603 845 662 laudantem.
890 603 943 672 llle
966 606 1056 680 quippe
1070 612 1117 674 ιιιι

188 696 324 769 iniquum
338 689 487 747 Christum
498 690 564 746 vult
576 688 672 759 credi,
687 705 774 764 quem
780 707 805 744 a
817 689 962 746 iudicibus
974 697 1046 744 recta
1056 685 1117 742 senis

171 797 172 800 ¹
189 777 246 836 bns
259 776 332 832 dicit
345 791 408 830 assa
422 773 570 846 occisum
594 772 651 828 ista
664 769 813 828 hominem
825 774 1002 844 piissimum,
1013 767 1117 826 aedhani

190 869 314 919 tantum
337 843 403 913 Vna
414 864 460 912 ast
473 863 573 911 tamen
587 864 617 912 et
630 856 708 914 illius
722 863 753 910 ct
765 851 854 912 huius
868 857 1005 928 intentio,
1016 864 1045 910 ιιι
1056 853 1117 910 noha

191 944 286 1001 mines
300 957 363 996 essa
377 936 575 1009 Christianos3
602 941 653 1014 qui
668 939 737 994 nisi
755 936 920 996 Christiani
942 947 1041 1009 erunt,
1062 937 1117 992 aba

191 1045 256 1088 erar
247 1025 412 1100 potestate
425 1039 487 1078 noa
499 1030 648 1095 poterunt
690 1019 748 1077 [ιιι
760 1039 832 1077 varo
843 1021 1046 1112 philosophus,
1064 1020 1117 1092 ralp

192 1127 244 1184 qur
235 1105 365 1162 'talibus
378 1104 522 1162 adversus
536 1102 719 1161 Christianos
733 1106 819 1179 quasi
838 1097 967 1162 oraculis
986 1103 1103 1173 aredunt,

97 1183 98 1186 ¹
192 1191 318 1259 faciant,
344 1189 371 1244 ai
389 1193 529 1263 pussant,
554 1197 592 1245 ut
603 1189 682 1245 inter
701 1187 733 1243 de
751 1187 813 1242 de'
804 1207 871 1263 spso
884 1188 999 1246 Christo
1013 1187 1107 1244 Hecate

192 1273 294 1348 Apollo
309 1270 504 1342 concordent,
530 1289 657 1345 eumque
674 1280 725 1327 aut
743 1272 827 1354 uraha
847 1271 1056 1342 condemnant,
1077 1278 1115 1326 aut

194 1353 372 1412 collaudant.
417 1355 538 1422 Quod
515 1373 541 1410 ιι
554 1354 652 1415 iacere
664 1355 844 1428 patuissent,
859 1355 953 1412 nihilo
966 1358 1059 1412 minus
1070 1370 1111 1410 ιιι

140 1475 146 1480 -
164 1457 175 1496 ι
188 1445 377 1514 tuperatores
396 1447 426 1496 et
443 1437 612 1494 laudatores
629 1437 739 1494 Christi
756 1437 875 1496 fallaces
895 1439 1048 1497 daemonas
1059 1439 1117 1495 vim

193 1521 270 1582 Cum
282 1539 354 1579 vero
373 1540 476 1579 eorum
492 1521 562 1582 deus
583 1531 613 1578 at
630 1521 684 1578 dea
701 1523 779 1578 inter
799 1541 831 1578 se
845 1522 891 1578 de
889 1519 1029 1594 Christo,
1054 1524 1117 1578 illcr

193 1604 302 1676 rando,
328 1607 388 1662 ista
412 1604 557 1662 laudanda
585 1604 781 1682 dissentiant3
808 1606 941 1680 profecta
969 1605 1117 1682 blasphema

149 1749 150 1752 ,
194 1689 381 1748 Christianos
393 1707 454 1746 nan
467 1686 753 1760 crodunthominas,
768 1691 957 1764 sirecteipsi
970 1693 1099 1746 sentiant.

190 1809 191 1816 ι
256 1771 336 1830 Sane
351 1771 498 1830 Christum
511 1771 650 1844 laudans,
673 1729 932 1849 vell'orphyrius,
959 1773 1118 1831 relHecate

194 1857 291 1928 dicat,
305 1875 373 1914 eum
386 1857 482 1930 ipsum
495 1855 610 1912 dedisse
623 1855 752 1912 fatalitas
765 1854 954 1930 Christianis,
966 1867 1000 1915 ιιι
1012 1858 1117 1932 implica

196 1958 309 2012 amara,
323 1951 425 1997 causas
437 1947 536 1999 tamen
549 1938 688 2012 eiusdem,
702 1941 777 1996 sicat
789 1949 885 2014 putat,
896 1941 999 2018 pandit
1010 1941 1116 1998 erraris.

195 2033 265 2082 ante
278 2041 365 2099 quam
379 2040 418 2079 ex
429 2023 527 2080 serbis
541 2023 603 2080 eius
617 2039 779 2096 exponam,
804 2025 886 2096 prius
907 2042 1035 2099 quaero,
1061 2023 1084 2078 si
1097 2021 1117 2078 fa

196 2107 277 2164 dedit
290 2105 424 2164 Christus
437 2104 612 2166 Christianis
626 2109 734 2164 erraris
747 2109 995 2182 implicationem,
1007 2115 1117 2164 ιιιιιιιιιι

196 2209 234 2248 an
248 2192 351 2248 nolens
364 2188 499 2246 dederit..
510 2187 545 2246 Si
556 2190 672 2261 volans,
685 2189 829 2265 quomodo
840 2189 961 2248 iustusl
983 2191 1018 2249 Si
1031 2193 1117 2248 nolam

169 2280 170 2286 ’
194 2273 280 2330 modo
293 2269 416 2329 beatusl
446 2271 506 2329 Sed
518 2275 576 2330 iam
589 2291 691 2331 causas
696 2275 796 2372 'ipsius
811 2273 964 2332 audiamus
979 2276 1091 2334 erraris.
1111 2312 1117 2342 ,

97 2372 99 2376 ⁴
196 2356 331 2431 „inquit,
358 2355 480 2431 spiritus
499 2358 611 2414 terreni
631 2357 745 2419 mirina
736 2358 821 2414 loco
835 2355 984 2434 [terrena]
1005 2357 1116 2434 quadam

197 2458 286 2512 „rum
298 2439 474 2496 daemonum
489 2441 628 2514 potestati
640 2441 774 2500 subiecti.
806 2441 850 2498 Α1ι
863 2440 916 2498 his
913 2444 1117 2532 sapientes
1078 2438 1116 2496 lle

195 2541 303 2596 „rum‚
327 2541 453 2598 quarum
463 2540 540 2579 unus
557 2524 613 2580 iste
626 2526 714 2580 etiam
726 2523 808 2581 lesus
821 2523 898 2598 fuit,
924 2528 1003 2584 sicat
1014 2501 1117 2582 audisti

195 2607 364 2680 „Apollinis
379 2599 543 2682 [oracula],
570 2623 644 2681 quae
667 2609 801 2682 superius
825 2608 906 2668 dieta
928 2619 1012 2682 aunt3
1035 2609 1067 2665 ah
1086 2605 1117 2662 1ιιι

198 2689 350 2754 „Hebraei
363 2688 552 2746 daemonibus
564 2690 700 2764 pessimis
710 2701 741 2747 et
752 2693 918 2748 minoribus
929 2693 1077 2769 spiritibus
1087 2708 1117 2747 re

146 2835 149 2842 ¹
195 2775 388 2851 „religiosam
403 2782 433 2828 at
446 2773 518 2848 ipsis
531 2789 639 2844 vacare
651 2772 857 2848 prohibebant:
878 2778 1019 2834 venerari
1029 2785 1114 2831 autem

195 2859 361 2930 „caelestes
375 2855 462 2927 daos,
488 2857 613 2929 amplius
625 2867 723 2914 antam
735 2860 873 2915 venerari
888 2857 986 2916 Deum
998 2858 1112 2916 Patrona

195 2950 331 3013 „autem,
347 2941 460 3015 inquit,
479 2949 509 2996 at
520 2939 563 2995 dii
573 2943 775 3018 praecipiunt,
798 2951 828 2998 et
841 2944 873 2998 in
888 2943 1083 3019 superioribus
1094 2956 1117 2994 os

106 3077 110 3084 ,
194 3043 299 3097 „mus,
326 3023 567 3098 quamadmodum
582 3024 712 3081 animum
727 3025 878 3096 advertere
892 3026 931 3100 ad
944 3026 1040 3084 Deum
1050 3039 1117 3082 mans

109 3133 110 3136 ¹
193 3109 300 3179 „illum
313 3109 409 3164 colere
422 3107 529 3181 ubique
542 3107 695 3183 imperant.
730 3106 839 3165 Varum
851 3108 968 3168 indocti
986 3108 1117 3183 otimpiae

99 3208 102 3214 ¹
193 3209 286 3265 „rac,
315 3190 421 3265 quihus
438 3209 509 3248 vera
526 3190 620 3248 iatum
639 3210 701 3248 non
719 3195 868 3250 concessit
886 3213 909 3250 a
923 3194 980 3252 diis
999 3190 1117 3251 danaahl

193 3293 311 3348 „neque
335 3271 443 3330 habere
465 3271 544 3330 lovis
565 3275 738 3332 immortalis
761 3278 931 3351 notionem,
950 3297 1018 3336 nan
1037 3273 1117 3334 audies

193 3357 286 3429 „dces
298 3366 328 3414 et
341 3340 508 3414 divinos
469 3375 566 3430 arros,
582 3357 651 3434 daos
665 3359 782 3434 quidem
797 3379 899 3418 omnes
912 3365 1117 3420 recusaverunt

192 3438 322 3512 „hibitas
336 3448 436 3496 autem
449 3438 604 3498 daemonas
618 3430 649 3499 et
660 3441 714 3499 hos
729 3461 790 3500 non
802 3441 918 3526 odisse,
936 3446 997 3509 sed
1009 3439 1118 3503 revereri

161 3591 167 3594 -
192 3517 311 3594 „solum
330 3525 423 3579 nullis
447 3524 553 3580 odiis
543 3528 675 3600 insequi,
701 3526 754 3584 sed
774 3529 865 3586 etiam
883 3533 1017 3590 revereri
1033 3527 1117 3601 delegt

192 3604 311 3674 „Deum
324 3615 423 3662 antem
434 3609 604 3665 simulantes
619 3609 731 3682 colere,
752 3629 787 3667 aa
799 3614 864 3669 sola
876 3633 931 3688 per·
944 3632 1021 3691 quaa
1030 3611 1117 3670 Deus!

192 3697 279 3757 „tur,
306 3709 367 3746 non
385 3700 488 3768 agunt
527 3691 602 3749 Nam
615 3693 697 3760 Dens
717 3694 848 3770 quidem,
873 3707 977 3773 utpote
990 3685 1117 3755 omnium]

191 3773 322 3838 „nullius
336 3773 465 3850 indiget:
492 3775 544 3831 sed
557 3763 641 3833 nohis
656 3787 701 3834 est
713 3778 805 3852 hene,
819 3799 887 3837 cum
901 3801 970 3839 eum
981 3800 1032 3857 per
1043 3772 1117 3835 institi

192 3854 379 3921 „aasdtatcm
392 3859 522 3933 aliasque
532 3860 658 3919 virtutos
671 3861 860 3936 adoramus,
851 3883 948 3940 spsam
961 3868 1047 3923 vitam
1058 3874 1117 3939 pret*
