2340 4320
240 205 293 264 aa
316 205 541 274 civianum
571 207 649 264 nur
676 208 754 264 ura.
777 207 812 266 v:
980 199 1064 268 ret

28 353 44 422 ,ἶ
76 352 278 440 tigribusloquar)
305 361 350 414 sic
369 360 443 414 alter
459 369 524 432 post
543 359 679 431 alterum,
706 368 738 415 ut
751 361 899 433 posterior
912 362 1039 436 plantam

28 427 53 508 5
68 443 255 512 prioristeneret.
283 441 383 498 Tanta
402 443 438 524 in·
453 461 555 511 coruum
571 445 631 498 vita
648 443 771 499 fuerunt
788 444 975 522 moribusque
994 445 1038 498 dt-

28 516 53 552 ⁴
67 515 134 594 reme,
151 535 222 582 tanta
234 528 264 581 in
277 527 395 583 actibus
409 525 600 599 disparilitas,
627 535 709 583 tenta
725 529 758 584 in
775 535 929 602 pareutum
941 543 1039 581 amore

64 603 228 679 dissimilitudo,
242 619 275 671 ut
287 611 378 664 ctiam
392 610 524 664 inimicos
539 627 588 664 eos
600 611 720 665 interae
731 611 844 666 faceret
854 610 916 682 ipsa
927 608 1038 664 distan-

28 683 48 716 s
61 688 92 742 tia.
110 690 232 766 Numquid
243 690 300 750 hoe
315 692 433 762 dieitur,
448 693 516 766 quia
529 711 588 748 uno
602 694 766 749 ambulante
780 693 853 762 alius
868 691 995 762 sedebat,
1011 705 1039 758 Οἳ
1118 717 1135 728 ”

28 763 93 828 *atto
102 773 240 830 dormiente
254 778 331 830 alius
346 772 496 851 uigilabat,
510 777 567 852 alio
580 778 718 850 loquente
732 779 805 832 alius
819 775 951 844 tacebat3
966 793 1039 848 quae
1056 773 1058 778 ’

28 845 455 930 *pertinentsdillasminutias,
482 877 556 932 quae
575 877 636 928 nun
655 869 780 933 possunt
797 861 889 916 alueis
906 864 1049 930 compr·e-'
1101 931 1105 940 ¹

28 955 30 959 ·
54 929 123 1010 burli,
134 943 175 1014 qui
186 943 432 998 constitutionem
445 937 582 1012 siderum,
597 960 654 1016 qua
668 945 792 1017 quisque
805 935 947 1012 nascitus,
962 943 1036 997 seri·
1068 981 1073 996 ,

28 1023 32 1044 ³
51 1015 108 1092 lunt,
121 1023 184 1078 unde
195 1023 397 1094 mathematici
411 1021 619 1080 consulantur?
634 1024 714 1081 Vnus
729 1025 813 1084 duxit
825 1026 1038 1082 urrereenariam

44 1108 187 1179 territoreas,
201 1110 280 1163 alius
296 1109 506 1164 non‘servivit:
521 1127 597 1164 unus
607 1128 629 1166 a
641 1117 733 1163 matre
747 1109 941 1186 diligebaturq
961 1109 1037 1164 alius

37 1199 78 1244 uun
90 1189 276 1267 diligebatur:
302 1209 379 1246 unus
393 1189 543 1260 honorem,
557 1193 606 1264 qui
619 1209 744 1268 magnus
759 1192 834 1266 apud
847 1210 898 1247 eos
912 1190 1036 1248 habeba-

28 1273 71 1342 idr,
82 1276 187 1344 amisit,
202 1277 280 1330 alter
293 1267 428 1348 indeptus
444 1283 497 1331 est.
524 1273 600 1342 Quid
613 1273 648 1328 de
662 1276 811 1345 uxoribus,
826 1275 896 1350 quid
909 1275 945 1330 de
958 1275 1037 1344 filiis,
1070 1271 1072 1280 ’

28 1357 75 1424 quid
88 1357 237 1428 derebus,
266 1367 375 1432 quanta
388 1353 558 1413 diversitas?
597 1356 630 1414 Si
645 1377 716 1435 ergo
734 1358 805 1414 hacc
819 1359 855 1414 ad
868 1361 933 1416 illas
946 1360 1036 1434 perti*

28 1451 78 1494 ent
88 1443 230 1496 minutias
247 1450 421 1514 temporum,
440 1459 513 1514 quae
526 1441 605 1513 inter
618 1461 650 1496 se
663 1440 771 1498 habeut
783 1443 904 1518 gemini,
922 1452 952 1497 et
965 1460 1037 1497 cou-

28 1525 219 1579 tellation'tbus
235 1543 297 1579 non
306 1523 527 1596 adscribuntur3
541 1525 1037 1599 quarealiorumcoostellationibus

28 1610 140 1680 aspectis
154 1609 217 1662 ista
230 1602 392 1662 dicunturl
419 1604 566 1662 Sioutem
580 1607 646 1662 idco
666 1607 820 1677 dicuntur,
847 1608 988 1680 quianon
1002 1606 1038 1662 ad
1085 1611 1089 1624 ‘

28 1692 115 1746 rinuta
127 1689 451 1768 incomprehensibile,
479 1691 531 1758 sed
544 1690 579 1745 ad
592 1700 756 1763 temporum
769 1692 861 1763 spatia
878 1692 1038 1763 pertinent,
1078 1735 1079 1738 η

28 1792 76 1828 noo
88 1769 417 1848 observari'‘notarique
430 1782 566 1844 possunt3
586 1773 656 1847 quid
668 1771 716 1828 hic
730 1773 870 1850 agitrota
883 1774 934 1828 illa
946 1772 1039 1849 figuli,

28 1859 57 1912 isi
78 1868 113 1912 ut
131 1856 276 1912 homines
295 1858 410 1912 luteum
430 1853 481 1910 cor
493 1854 633 1912 babentes
645 1859 679 1912 in
691 1875 797 1934 gyrum
810 1858 975 1924 mittantur,
1003 1875 1039 1910 nc
1141 1915 1142 1918 ,

28 1939 282 1998 atbematicorum'
293 1941 516 2014 vaniloquentia
529 1936 763 1998 conv-incantari

425 2091 624 2154 CAP..V.

28 2187 124 2253 Quibus
133 2187 222 2240 modis
231 2184 428 2268 conmutantur
437 2188 622 2248 anathematici
630 2205 727 2243 canam
741 2187 880 2254 seientiam
887 2188 1023 2259 profiteri.

50 2341 54 2344 ,
66 2278 145 2344 Quid
157 2275 333 2350 iidem'ipsb
347 2295 472 2352 quorum
482 2279 624 2350 nmmum,
634 2279 710 2354 quod
723 2277 824 2334 eodem
834 2289 962 2355 tompore
971 2269 1039 2358 gra-

29 2363 76 2415 ior
89 2361 251 2437 'leniorque
279 2361 437 2434 apparebat
459 2363 622 2433 amborum,
649 2361 863 2420 medicinaliter
881 2365 1040 2438 inspiciens

28 2442 214 2517 lippocrates,
244 2445 379 2521 geminos
394 2435 559 2520 suspicatus
573 2454 643 2516 ests
654 2463 754 2502 nonne
769 2447 840 2502 satis
852 2437 925 2503 istos
940 2447 1039 2503 redar-

28 2537 116 2597 snunt,
130 2529 178 2602 qui
190 2523 301 2584 volunt
313 2525 455 2592 sideribus
468 2528 548 2598 dare,
562 2529 639 2603 qnod
652 2527 687 2584 de
700 2547 854 2604 corporum
866 2532 953 2586 simili
966 2523 1039 2586 tens·
1084 2537 1100 2551 ·“

28 2613 156 2666 eratione
169 2606 332 2667 ueniebat?
344 2609 402 2666 Cur
415 2614 493 2667 enim
506 2611 641 2667 similiter
654 2611 811 2686 eodemque
825 2615 966 2688 tempore,
980 2632 1040 2670 non
1135 2631 1142 2644 ¹·

28 2697 79 2749 lter
90 2698 183 2768 prior,
199 2696 278 2748 alter
290 2696 435 2766 posterior
448 2696 650 2772 aegrotabant,
664 2697 743 2751 sicut
756 2697 817 2750 nati
830 2697 958 2768 fuerant,
973 2702 1041 2772 quia

28 2780 104 2852 tique
117 2779 209 2833 simul
223 2778 310 2832 nasci
323 2778 405 2834 ambo
417 2797 476 2834 non
489 2775 643 2852 poterant?
656 2779 715 2834 Aut
728 2781 754 2832 si
766 2777 839 2836 nibil
847 2785 986 2836 momenti
993 2793 1040 2838 at·
1138 2819 1141 2833 ,

28 2863 81 2930 ulit,
94 2872 129 2917 ut
142 2861 275 2917 dirersis
290 2862 680 2938 temporibusaegrotarent‚
699 2861 778 2936 quod
791 2862 914 2919 diuersis
928 2874 1039 2938 tempo-

28 2945 83 3000 ibus
97 2947 163 3000 nati
177 2952 266 3018 sunt3
281 2961 370 3017 quare
380 2953 493 3018 tempus
505 2939 536 3000 in
549 2944 696 3000 nascendo
710 2945 856 3014 diversum
869 2948 905 3002 ad
918 2950 1040 3005 aliorum

28 3046 100 3083 rrum
112 3028 309 3084 diversitates
323 3029 420 3082 valere
435 3025 635 3084 contendunt?
672 3027 731 3084 Cur
743 3039 903 3102 potuerunt
916 3031 1041 3088 diversis

28 3112 183 3186 emporibus
198 3110 396 3186 peregrinari,
417 3111 540 3168 diversis
553 3112 730 3186 temporibus
744 3112 850 3171 duwe
863 3131 983 3184 uxores,
997 3115 1041 3170 di-

28 3197 96 3250 rrais
109 3193 299 3268 temporibus
314 3193 389 3248 lilios
399 3191 566 3272 procreare,
581 3206 611 3250 et
620 3197 712 3250 multa
724 3199 791 3267 alia,
806 3208 960 3271 propterea
973 3200 1043 3272 quia

28 3280 130 3334 irensis
144 3277 330 3350 temporibus
344 3280 407 3332 nati
424 3287 509 3347 sunt,
525 3287 565 3333 ot
582 3297 642 3334 non
661 3287 820 3350 potuerunt
840 3281 940 3335 eadem
956 3297 1044 3338 causa

28 3363 129 3417 irersis
145 3362 240 3415 etiam
252 3361 430 3432 temporibus
441 3360 615 3437 aegrotaret
642 3360 675 3417 Si
696 3363 775 3418 enim
793 3362 890 3436 dispar
905 3365 1044 3421 nascendi

28 3463 85 3500 rora
100 3443 234 3499 mutarit
246 3440 450 3516 horoscopum,
465 3454 493 3499 et
504 3445 728 3518 disparilitatem
742 3446 843 3500 intulit
857 3447 980 3500 caeteris
995 3465 1042 3502 rc-

28 3543 77 3598 os;
103 3545 161 3583 cur
174 3525 250 3581 illud
265 3526 296 3579 in
310 3527 545 3602 aegritudinibus
555 3529 673 3598 mansit,
701 3517 777 3602 quod
790 3526 912 3594 habebat
925 3529 955 3582 in
970 3521 1043 3587 terrr-

28 3613 85 3665 oris
98 3610 284 3684 aequalitate
298 3606 472 3682 conceptus?
486 3611 544 3666 Aut
557 3612 582 3666 si
596 3611 656 3667 fatu
668 3609 843 3668 valetudinis
858 3612 887 3664 in
901 3624 1044 3688 conceptu

28 3703 94 3764 unt,
108 3694 240 3748 aliarum
254 3708 326 3746 vero
339 3707 437 3746 rerum
449 3695 560 3755 inportu
574 3712 637 3749 esse
650 3693 805 3761 dicuntur,
832 3711 892 3748 non
907 3692 1046 3754 deberent
1070 3723 1074 3729 ·

28 3779 149 3850 aspectis
164 3775 312 3830 natalium
326 3776 593 3852 constellationibus
607 3776 642 3830 de
655 3774 824 3848 valetudine
843 3775 951 3848 aliquid
966 3779 1045 3836 dice-

29 3877 58 3926 c,
82 3857 204 3935 quande
225 3857 269 3912 cis
285 3856 467 3930 inspicienda
481 3859 709 3936 conceptionalis
727 3854 797 3913 hora
813 3875 872 3914 non
892 3859 990 3919 datur.v
1012 3863 1046 3920 Si
