2362 4320
121 252 125 259 .
241 178 367 264 ιιι
467 159 1050 260 n1V1svnnnnsvorsr1nr

241 356 317 434 quotl
329 358 361 413 in
373 352 493 412 bomine
505 353 628 410 cacteris
642 351 747 428 quibus
760 349 845 408 homo
857 353 974 410 constat
985 361 1030 409 cst
1042 356 1102 411 meli

164 456 166 460 ⁴
237 441 303 516 ipse
316 440 402 497 Deus
412 441 490 495 solus
504 447 550 494 est
563 439 674 494 melior.
698 435 777 494 Cum
791 437 869 492 enim
882 435 970 493 homo
982 439 1102 494 rectissir

189 531 192 543 '
240 535 342 603 gatru,
367 525 415 579 vol
429 524 454 577 si
467 519 522 578 hoc
536 539 595 578 non
607 529 725 596 potest,
743 523 844 576 saltem
858 521 994 578 credatur
1007 521 1097 578 factus

240 627 309 665 nem
322 606 396 678 Dci;
420 606 552 680 profecto
568 623 601 660 eu
615 607 662 660 sui
679 613 762 679 parte
776 612 821 660 est
832 606 1024 680 propinquior
1036 624 1102 682 supe

240 707 297 767 qua
310 699 427 764 superat
441 690 596 745 inferiores
610 682 733 768 (partes)
748 705 830 759 snos,
850 705 923 763 quas
938 682 1101 746 etiamtum

240 791 408 830 communes
422 771 516 828 habet.
545 771 605 828 Sed
618 774 686 847 quia
698 774 760 846 ipso
772 783 867 842 mens,
880 774 929 828 cni
943 775 1020 829 ratio
1034 783 1063 830 et
1074 776 1102 830 in

239 857 415 914 naturaliter
428 858 518 925 inest,
530 857 611 932 titiis
626 855 798 930 quibusdam
810 856 974 912 tenebrosis
986 867 1017 912 et
1027 867 1102 931 veter

162 961 168 974 ‘
219 939 298 1015 lida
312 949 371 1011 est,
394 935 455 996 non
469 938 614 994 solumasl
630 938 840 995 inhaerendum
853 939 994 1011 fruendo,
1021 960 1102 997 verus

137 1029 140 1040 ¹
239 1015 444 1102 perferendum
456 1021 694 1078 incommutabile
707 1025 817 1094 lumen,
831 1021 924 1078 donec
938 1023 974 1080 dc
987 1025 1035 1080 dic
1048 1025 1078 1080 in
1092 1025 1102 1079 ι’

238 1115 307 1162 vota
320 1113 406 1180 atque
420 1115 522 1162 sonata
535 1105 587 1161 fist
600 1114 700 1163 tantae
714 1107 864 1162 felicitatis
879 1124 982 1180 capax,
997 1107 1053 1163 fide
1067 1127 1101 1183 pr

238 1198 286 1245 rat
298 1189 453 1246 imbuenda
465 1197 554 1264 atquc
566 1189 725 1268 purganda.
745 1187 780 1245 ln
794 1207 851 1264 qna
864 1198 899 1245 ut
911 1189 1048 1254 fidentius
1062 1211 1102 1246 am

238 1267 408 1345 veritatem,
434 1275 498 1346 ipsa
512 1275 623 1329 veritas
635 1271 716 1329 Deus
730 1271 788 1329 Dei
801 1273 893 1329 Filius
907 1271 1026 1330 honiinc
1039 1293 1102 1331 assu

237 1356 302 1414 Deo
318 1365 485 1427 consumto,
512 1355 633 1412 condcm
647 1357 800 1413 constituit
812 1365 898 1430 atque
911 1357 1047 1414 fundavit
1057 1358 1102 1414 fid«

236 1438 363 1495 hominis
378 1437 472 1496 Deum
484 1441 542 1494 iter
556 1442 635 1496 esset
647 1438 758 1495 homini
774 1457 826 1513 pcr
845 1437 992 1498 bominem
1005 1441 1101 1498 Dcunr

141 1537 148 1554 ²
238 1521 316 1592 enim
328 1523 470 1588 mediator
483 1521 541 1578 Dci
560 1532 589 1578 et
601 1521 751 1578 hominnm
763 1520 849 1578 bomo
863 1521 996 1580 Christus
1011 1523 1102 1582 lesus.

192 1638 197 1654 ι
237 1608 316 1663 enim
335 1607 487 1677 mediator,
507 1602 569 1681 'per
589 1606 666 1682 qnod
686 1604 788 1678 homo,
801 1623 860 1679 'por
872 1605 972 1678 hocct
984 1609 1043 1666 sia.
1084 1611 1102 1676 (i

234 1691 314 1748 inter
327 1697 392 1747 eum
406 1691 456 1767 qui
470 1689 564 1754 tendit
577 1699 607 1745 ct
619 1689 692 1746 illud
704 1703 761 1765 qno
775 1689 881 1762 tondit,
898 1692 947 1747 via
959 1690 1055 1748 media
1070 1711 1101 1747 es

168 1825 170 1834 ,
234 1773 440 1850 perveniendi:
454 1775 480 1830 si
493 1783 591 1830 autem
601 1772 685 1843 desit,
699 1782 749 1829 ant
759 1775 913 1851 ignoretur
925 1793 982 1849 qua
995 1773 1102 1832 cundur

233 1858 353 1933 prodest
366 1863 453 1914 nosse
467 1876 523 1933 quc
537 1857 666 1914 eundum
679 1853 735 1913 sitl
758 1856 828 1914 Sole
842 1867 889 1912 est
901 1850 1102 1915 antembdver

142 1973 143 1976 ι
235 1960 351 1998 errores
364 1943 413 1998 vio
425 1941 631 2013 munitissima,
656 1950 691 1998 ut
707 1940 785 1998 idem
801 1943 864 2017 ipsc
883 1943 922 1997 sit
937 1941 1018 2002 Deus
1039 1941 1101 1999 eth

232 2027 292 2082 itur
304 2025 398 2098 Dens,
411 2041 468 2101 quo
479 2027 539 2082 itur
551 2023 647 2082 homo.
963 2047 964 2054 ¹

594 2174 650 2234 wC
671 2177 697 2234 Α
717 2175 750 2233 Ρ.
792 2173 875 2232 ΙΙΙ.,

290 2269 510 2325 Decnctoritatc
519 2271 663 2324 canonicae
675 2270 845 2339 Scripturas,
856 2270 944 2326 divino
956 2273 1102 2342 Spiritum

291 2361 348 2417 Hic
361 2363 443 2435 prius
457 2380 511 2437 per
523 2359 699 2436 Prophetes,
727 2359 831 2416 deinde
844 2380 897 2435 per
909 2381 941 2418 se
955 2365 1067 2437 ipsum,
1094 2386 1102 2441 1

123 2483 126 2490 =
143 2435 145 2438 ¹
230 2446 396 2519 Apostolos,
410 2456 552 2520 quantum
565 2446 636 2500 satis
650 2463 716 2500 csse
725 2443 876 2516 iudicavit,
890 2434 1018 2518 locritus,
1033 2452 1102 2505 ctinr

230 2547 294 2585 ram
308 2528 447 2600 condidit,
462 2547 534 2604 quac
549 2529 692 2584 canonica
705 2529 886 2600 nominatur,
901 2532 1102 2588 eminentissin

230 2613 343 2683 sitatis,
371 2614 420 2668 cni
436 2611 530 2668 fidem'
540 2609 677 2667 habemus
691 2610 726 2670 dc
739 2609 785 2665 bis
798 2609 884 2678 robus
898 2631 969 2686 quos
983 2616 1102 2691 ignorat

230 2695 321 2769 pedit,
335 2697 391 2750 nec
403 2714 455 2768 per
469 2697 660 2770 nosmetipsos
673 2712 760 2750 nosse
773 2693 873 2751 idonei
886 2714 994 2752 sumus.
1014 2697 1097 2770 ,Nom

175 2769 176 2776 ’
213 2787 351 2854 ,possunt
364 2779 487 2834 testibus
506 2780 607 2848 nobis,
634 2796 708 2853 quae
726 2787 838 2833 remoto
855 2797 915 2834 non
933 2789 1003 2836 sunt
1021 2800 1039 2837 a
1056 2799 1102 2838 ser

230 2865 319 2932 stris,
342 2863 404 2918 sive
416 2863 603 2916 interioribus
617 2863 679 2917 sive
691 2863 779 2916 ctiam
792 2861 1005 2936 cxterioribns3
1032 2865 1102 2920 nndr

229 2948 324 3003 sentit
338 2947 552 3018 nuncupantur,
566 2943 642 3020 quod
653 2947 695 3000 ita
709 2963 742 3000 ea
756 2944 879 3004 dicimus
891 2946 957 3002 ‘esse
972 2967 1041 3021 proc
1055 2967 1102 3006 scs

229 3040 281 3087 cut
292 3048 362 3104 prae
377 3030 469 3084 oculis
484 3044 557 3103 quae
570 3037 688 3101 praesto
709 3037 781 3085 sunt
799 3031 905 3086 oeulis:
930 3031 1061 3104 profectu
1077 3053 1102 3088 es

228 3121 308 3170 moto
321 3116 390 3166 sunt
403 3129 420 3166 a
434 3109 567 3168 sensibus
582 3113 707 3184 nostris,
735 3114 873 3186 qnoniam
887 3122 987 3170 nostro
1000 3118 1102 3172 testim

228 3215 289 3253 non
301 3212 469 3271 possumus,
492 3193 527 3249 dc
540 3193 585 3250 his
600 3197 672 3252 alios
685 3205 775 3251 testcs
788 3197 978 3270 requirimus,
1002 3201 1102 3275 cisque

219 3298 247 3336 ¹a
258 3277 381 3354 qnorum
395 3279 528 3334 sensibus
541 3289 654 3334 remota
667 3275 733 3334 csse'
745 3279 792 3335 vel
805 3280 896 3335 fuisse
909 3299 970 3336 non
986 3283 1102 3340 crediml

228 3381 300 3440 ergo
320 3362 355 3418 de
368 3361 548 3435 visibilibus,
575 3373 649 3437 quac
660 3381 720 3418 non
734 3361 879 3434 vidimus,
896 3365 1100 3423 eis'crcdimus

227 3456 315 3518 runt,
330 3456 416 3522 etque
429 3447 471 3501 ita
485 3445 520 3501 tle
534 3447 657 3502 caeteris
672 3464 745 3520 quae
759 3445 795 3501 sul
809 3465 894 3503 suum
906 3466 1050 3524 quemque
1063 3469 1102 3507 sc]

227 3531 307 3603 poris
329 3523 491 3603 pertinent:
518 3532 559 3585 ita
577 3529 612 3584 sle
630 3528 675 3584 bis
698 3548 771 3605 quae
788 3531 885 3588 animo
905 3550 939 3587 ac
957 3543 1056 3589 monte
1080 3553 1102 3589 ss

228 3609 307 3686 (quia
321 3615 424 3687 etipse
437 3615 599 3668 rectissime
613 3611 720 3669 (licitur
733 3632 852 3686 sensus,
876 3615 953 3672 unde
967 3626 997 3672 et
1009 3627 1102 3674 sentcr

224 3695 325 3750 bulum
339 3694 479 3774 acecpit),
504 3696 560 3752 hoc
581 3705 640 3768 ert,
667 3697 702 3752 dc
719 3697 913 3754 invisibilibus
933 3719 1005 3775 qnae
1020 3717 1037 3756 a
1051 3720 1102 3768 nos

141 3833 144 3840 ,
205 3778 365 3833 -intcriore
379 3789 489 3835 remota
503 3789 587 3851 sunt,
608 3779 646 3837 iis
660 3799 713 3836 nos
727 3791 840 3856 oportet
854 3784 988 3855 credero,
1013 3787 1063 3859 qui
1077 3783 1102 3840 ht

119 3887 131 3910 ι
225 3859 399 3936 incorporeo
408 3863 516 3921 lunrinc
524 3863 847 3944 dispositaslitlicerunt,
859 3869 1061 3926 relmon'cntia
1069 3887 1102 3924 cc

541 4073 559 4101 'x
