2362 4312
103 233 182 320 ,20
229 227 237 232 ’
294 225 296 232 ’
358 227 454 294 Dllll
487 227 671 286 AVRELll
703 228 956 288 Avevsrlnl
984 249 1010 300 J

143 383 191 450 ille
207 399 307 438 carere
329 379 374 436 his
391 381 528 438 omnibus
543 383 662 452 maluit,
689 399 776 456 quom
801 381 870 438 deos
895 401 947 456 per
969 399 1044 456 qnos
1065 383 1173 440 iurarit

145 461 302 520 offendere.
347 463 407 520 Sed
422 463 491 538 quid
505 465 646 520 iaciamus
661 463 845 536 hominibus,
872 466 922 539 qui
935 467 1116 541 gloriantur,
1130 477 1173 522 tn·

144 549 201 604 lem
215 565 246 602 sc
259 544 405 604 habuisse
409 549 514 626 civem,
530 550 646 622 qualem
659 550 764 602 timent
776 546 896 603 habere
895 544 1064 604 civitatensi
1087 549 1173 614 Quod

143 632 244 696 sinon
257 631 376 699 timent,
404 621 461 684 talc
477 648 548 706 ergo
562 630 672 704 aliquid
699 632 784 704 quale
802 628 909 686 accidit
912 629 1055 706 Regulo,
1084 633 1173 686 etism

145 714 258 768 civitati
271 721 331 768 tom
345 670 514 790 diligenter,
541 715 701 786 quomille,
728 712 797 768 deos
825 715 934 770 colenti
958 711 1093 768 accidere
1120 732 1173 786 po-

132 797 238 862 ,tuisse
252 795 412 866 fateantur,
438 803 471 850 et
485 793 659 851 Christianis
675 796 854 868 temporibus
869 814 929 850 non
933 797 1173 872 calumnientur

141 875 261 933 Verum
269 877 337 952 quie
357 876 391 932 de
406 879 466 933 illis
486 876 661 934 Christianis
690 888 754 934 orto
768 881 901 952 quaestio
922 888 982 947 est,
1010 880 1063 952 qui
1084 880 1173 934 etiam

146 961 254 1033 captivi
268 959 349 1016 ducti
362 969 446 1032 sunt3
473 959 529 1016 hoe
548 963 721 1018 intueantur
735 971 765 1016 et
777 970 912 1030 taceant,
938 962 989 1035 qui
1008 962 1173 1017 saluberri-

123 1061 207 1106 ,mae
220 1044 375 1120 religioni
379 1042 447 1098 hinc
474 1035 661 1116 impudenter
686 1053 773 1119 utque
798 1003 1000 1116 imprudenter
1026 1033 1171 1100 illudunt:

144 1127 213 1200 qnia
228 1127 253 1180 si
267 1124 323 1180 diis
339 1145 441 1182 eorum
454 1127 561 1200 probro
576 1127 725 1197 nonfuit,
753 1125 831 1201 quod
844 1128 1058 1182 attentissimus
1073 1125 1173 1186 cultor

143 1209 271 1279 illorum,
285 1207 401 1264 dumcis
416 1209 610 1265 iurisiurandi
622 1208 708 1264 fidem
721 1218 863 1280 servaret,
877 1205 1088 1282 patriucornit,
1105 1229 1173 1266 cum

41 1357 48 1364 ἱ
88 1365 95 1376 .
143 1290 440 1363 oliomnonhaberet,
456 1293 647 1367 captivusque
661 1287 841 1365 npudhostes
856 1294 1032 1368 perlongum
1045 1295 1173 1348 mortem

96 1441 100 1451 ἱ
143 1369 286 1448 supplicio
313 1393 409 1431 novoe
436 1375 617 1446 crudelitatis
646 1377 761 1431 occisus
790 1385 850 1446 cst,
876 1375 1087 1432 multominus
1116 1395 1172 1430 no-

140 1474 208 1510 men
223 1457 438 1522 criminandum
452 1467 498 1512 est
510 1456 724 1529 Christianum,
750 1460 782 1514 in
798 1459 967 1531 captivitate
986 1466 1173 1514 sacratorum

141 1537 272 1609 suorum,
288 1541 339 1614 qui
352 1558 510 1613 supernam
521 1543 646 1615 patriam
658 1543 759 1598 veraci
772 1540 830 1596 lide
842 1531 1066 1616 exspectantes,
1083 1545 1173 1597 etiam

140 1622 172 1677 in
185 1622 248 1678 suis
262 1623 379 1680 sedibus
391 1625 565 1702 peregrinos
582 1643 614 1680 se
628 1643 693 1680 osse
707 1632 863 1680 noverunt.

516 1739 632 1798 CAP
684 1738 790 1797 XVl

140 1833 183 1887 An
193 1809 310 1903 stupris,
324 1853 398 1918 ᾳιιιιι
413 1837 495 1889 ettam
504 1844 661 1888 sanctornm
671 1837 749 1918 sorte
764 1835 901 1904 virginum
913 1842 953 1888 ert
961 1855 1044 1907 pessa
1060 1840 1173 1907 captivi-

192 1914 244 1968 tas,
264 1907 446 1958 contaminari
456 1904 580 1973 potuerit
589 1905 677 1956 virtus
687 1905 771 1957 ιιιίιιιί
781 1907 838 1958 tine
848 1907 995 1960 voluntati-c
1006 1925 1126 1961 assensu.

200 1993 341 2070 Magnum
357 2011 428 2049 sone
442 1995 553 2049 crimen
566 2009 599 2048 se
614 2003 729 2066 putant
740 1995 867 2050 obiicere
887 1994 1080 2070 Christianis,
1105 2019 1173 2056 cum

136 2095 246 2174 ,eorum
259 2084 474 2152 exaggerentes
490 2078 706 2148 captivitatem,
733 2076 845 2134 addunt
865 2081 952 2136 etiam
973 2091 1075 2154 stupra
1090 2101 1172 2138 eom·

140 2161 240 2229 missa,
269 2176 329 2213 non
344 2159 459 2214 solum
451 2177 482 2214 m
495 2161 592 2216 cliens
605 2162 793 2216 matrimonia
806 2162 1000 2237 virginesque
1013 2175 1172 2237 nupturus.

141 2241 193 2296 sed
207 2231 295 2296 etiam
307 2242 340 2296 in
354 2241 494 2316 quosdam
507 2244 754 2320 sanctimoniales.
782 2241 839 2300 Hic
853 2262 996 2302 veronen
1010 2247 1096 2320 fides,
1110 2266 1171 2303 non

139 2325 246 2396 pietas,
272 2342 334 2379 non
347 2325 423 2396 ipso
423 2325 519 2382 virtus
548 2344 622 2401 quac
648 2328 767 2381 castitas
782 2325 906 2396 dicitur,
935 2328 986 2383 sed
1000 2339 1105 2387 nostra
1118 2349 1172 2404 po-

116 2481 118 2486 ·
139 2407 200 2462 tius
215 2404 375 2480 disputatio
395 2409 474 2463 inter
495 2407 636 2481 pudorem
656 2417 749 2483 etque,
767 2410 912 2465 rationem
930 2411 1105 2487 quibusdam
1122 2431 1173 2470 eo-

103 2527 104 2532 .
139 2489 272 2545 arctatur
285 2492 443 2567 angustiis.
486 2491 548 2548 Nec
562 2500 677 2558 tantum
693 2509 828 2558 curamus
848 2490 895 2548 hic
919 2495 1023 2550 alienis
1045 2515 1173 2570 respon-

140 2573 255 2628 sionem
276 2571 411 2645 reddere,
438 2584 580 2649 quantum
606 2576 678 2649 ipsis
702 2577 812 2631 nostris
839 2579 1080 2634 consolationem.
1127 2579 1173 2636 Sit

139 2655 235 2730 igitur
247 2655 394 2728 inprimis
407 2659 536 2732 positum
549 2667 637 2732 atquc
662 2657 825 2728 firmatum,
851 2659 992 2715 virtutem
1015 2679 1072 2736 que
1091 2672 1172 2718 reete

60 2743 63 2752 “
140 2737 262 2810 vivitur,
277 2739 314 2794 ab
327 2741 418 2795 ιιιιίιιιί
431 2740 500 2795 sede
513 2738 649 2796 membris
665 2743 797 2814 eorporis
811 2743 965 2814 imperare,
979 2753 1173 2820 sanctumque

83 2829 84 2832 ’
141 2836 248 2891 eorpus
262 2839 319 2896 usu
333 2821 401 2878 fieri
415 2833 535 2879 sanctae
549 2825 726 2880 voluntatis:
749 2841 807 2897 quc
820 2826 997 2880 inconcusso
1017 2845 1052 2882 nc
1075 2827 1173 2883 stabili

140 2912 350 2976 permanente,
377 2906 516 2980 quicquid
528 2908 608 2962 nlius
621 2906 657 2961 de
673 2913 814 2980 corpore,
840 2908 889 2963 vel
901 2909 932 2963 in
953 2926 1079 2982 corpore
1093 2910 1173 2965 feee—

139 2987 190 3057 rit,
216 2985 295 3060 quod
308 2988 372 3043 sine
385 2998 506 3061 peceato
520 2991 640 3062 proprio
658 3007 719 3045 non
731 2991 829 3046 valcat
842 2991 964 3060 evitari,
977 3001 1097 3064 praeter
1112 2996 1173 3048 oul-

86 3095 87 3102 ι
139 3087 206 3141 pam
224 3086 288 3138 csse
303 3071 455 3144 patientis.
503 3071 563 3130 Sed
586 3073 736 3152 quianon
755 3074 850 3129 solum
872 3071 951 3148 quod
970 3073 1006 3128 ud
1025 3073 1173 3144 dolorem,

138 3153 340 3208 verumetiam
358 3154 436 3227 quod
453 3154 490 3211 od
514 3155 665 3211 libidinem
690 3157 849 3228 pertinet,'²
864 3158 896 3212 in
922 3174 1046 3229 corpore
1074 3160 1173 3213 alieno

122 3233 302 3309 perpetrari
328 3245 442 3316 potest3
472 3237 612 3313 quicquid
640 3239 699 3293 tale
725 3239 837 3295 loetum
855 3240 962 3307 fuerit,
990 3241 1047 3294 etsi
1072 3250 1173 3296 roten·

140 3328 199 3374 tum
217 3321 455 3377 constantissimo
479 3323 575 3377 anirno
597 3320 770 3394 pudicitiam
796 3340 856 3378 non
876 3323 1006 3392 excutit,
1023 3323 1173 3397 pudorem

33 3415 39 3420 ’
139 3410 238 3479 tamen
252 3403 373 3475 incutit3
400 3422 438 3459 ne
456 3397 594 3460 credatur
607 3405 719 3462 loetum
732 3424 799 3461 cum
811 3408 918 3462 mentis
933 3407 1021 3461 ctiam
1033 3408 1173 3462 volunte-

140 3492 187 3554 te,
212 3485 290 3558 quod
302 3485 367 3543 fieri
380 3478 544 3576 fortasse'
520 3505 586 3542 eme
602 3475 700 3544 earnis
715 3490 813 3563 aliqua
826 3491 978 3561 voluptate
992 3506 1053 3543 ιιοιι
1066 3491 1173 3561 potuit.

507 3599 530 3658 C
551 3602 576 3657 A
598 3600 631 3658 P.
672 3599 705 3659 X
718 3601 771 3658 Vl
783 3602 805 3659 Ι.

270 3681 314 3736 De
324 3693 409 3750 morte
418 3682 574 3734 voluntaria
585 3682 615 3734 od
626 3691 724 3744 metum
732 3683 899 3751 poenae‘sice
909 3682 1049 3734 dedecoris.

201 3770 244 3827 Ac
257 3771 376 3844 perhoe
390 3783 420 3830 et
433 3791 508 3846 quoe
523 3790 554 3826 sc
569 3771 753 3844 oeciderunt,
782 3793 819 3829 ne
834 3775 992 3848 quiequam
1005 3770 1173 3828 huiusmodi

140 3862 327 3928 poterentur,
353 3858 418 3930 quis
433 3854 578 3912 humanus
597 3854 719 3913 affectus
734 3859 777 3912 eis
791 3858 867 3912 nolit
879 3850 1019 3932 ignoscit
1045 3853 1086 3910 Et
1099 3871 1173 3930 quor
