<?xml version="1.0" encoding="UTF-8"?>
<!DOCTYPE html PUBLIC "-//W3C//DTD XHTML 1.0 Transitional//EN"
    "http://www.w3.org/TR/xhtml1/DTD/xhtml1-transitional.dtd">
<html xmlns="http://www.w3.org/1999/xhtml" xml:lang="en" lang="en">
 <head>
  <title>
</title>
<meta http-equiv="Content-Type" content="text/html;charset=utf-8" />
  <meta name='ocr-system' content='tesseract 3.04.00' />
  <meta name='ocr-capabilities' content='ocr_page ocr_carea ocr_par ocr_line ocrx_word'/>
</head>
<body>
  <div class='ocr_page' id='page_1' title='image "./saureliiaugusti00augugoog_0691.png"; bbox 0 0 2324 4312; ppageno 0'>
   <div class='ocr_carea' id='block_1_1' title="bbox 140 178 1144 310">
    <p class='ocr_par' dir='ltr' id='par_1_1' title="bbox 140 178 1144 310">
     <span class='ocr_line' id='line_1_1' title="bbox 140 178 1144 310; baseline 0 -24"><span class='ocrx_word' id='word_1_1' title='bbox 140 303 143 310; x_wconf 12' lang='grc' dir='ltr'><strong>ἢ</strong></span> <span class='ocrx_word' id='word_1_2' title='bbox 235 201 862 282; x_wconf 70' lang='lat' dir='ltr'>oscrvrrn&#39;rsomrrnxx-</span> <span class='ocrx_word' id='word_1_3' title='bbox 970 178 1144 289; x_wconf 65' lang='lat' dir='ltr'>osu·</span> 
     </span>
    </p>
   </div>
   <div class='ocr_carea' id='block_1_2' title="bbox 0 373 1101 1051">
    <p class='ocr_par' dir='ltr' id='par_1_2' title="bbox 0 373 1101 1051">
     <span class='ocr_line' id='line_1_2' title="bbox 6 373 1101 452; baseline 0.004 -21"><span class='ocrx_word' id='word_1_4' title='bbox 6 393 58 431; x_wconf 83' lang='lat' dir='ltr'>uc</span> <span class='ocrx_word' id='word_1_5' title='bbox 78 383 196 445; x_wconf 76' lang='lat' dir='ltr'>erunt,</span> <span class='ocrx_word' id='word_1_6' title='bbox 210 373 366 438; x_wconf 78' lang='lat' dir='ltr'>adiuvante</span> <span class='ocrx_word' id='word_1_7' title='bbox 375 373 433 432; x_wconf 88' lang='lat' dir='ltr'>Dei</span> <span class='ocrx_word' id='word_1_8' title='bbox 443 375 540 452; x_wconf 76' lang='lat' dir='ltr'>gratio</span> <span class='ocrx_word' id='word_1_9' title='bbox 551 393 605 451; x_wconf 85' lang='lat' dir='ltr'>per</span> <span class='ocrx_word' id='word_1_10' title='bbox 616 375 878 442; x_wconf 72' lang='lat' dir='ltr'>considerationem</span> <span class='ocrx_word' id='word_1_11' title='bbox 891 375 1060 452; x_wconf 77' lang='lat' dir='ltr'>Scriptura·</span> <span class='ocrx_word' id='word_1_12' title='bbox 1100 409 1101 418; x_wconf 27' lang='grc' dir='ltr'><strong>κ</strong></span> 
     </span>
     <span class='ocr_line' id='line_1_3' title="bbox 0 459 1059 534; baseline 0.002 -20"><span class='ocrx_word' id='word_1_13' title='bbox 0 488 1 495; x_wconf 46' lang='lat'>1</span> <span class='ocrx_word' id='word_1_14' title='bbox 31 478 86 530; x_wconf 89' lang='lat' dir='ltr'>m,</span> <span class='ocrx_word' id='word_1_15' title='bbox 105 459 146 514; x_wconf 88' lang='lat' dir='ltr'>in</span> <span class='ocrx_word' id='word_1_16' title='bbox 162 459 267 533; x_wconf 89' lang='lat' dir='ltr'>quibus</span> <span class='ocrx_word' id='word_1_17' title='bbox 280 468 310 514; x_wconf 93' lang='lat' dir='ltr'>et</span> <span class='ocrx_word' id='word_1_18' title='bbox 322 461 380 514; x_wconf 81' lang='lat' dir='ltr'>olio</span> <span class='ocrx_word' id='word_1_19' title='bbox 393 468 423 514; x_wconf 88' lang='lat' dir='ltr'>et</span> <span class='ocrx_word' id='word_1_20' title='bbox 435 459 503 514; x_wconf 87' lang='lat' dir='ltr'>finis</span> <span class='ocrx_word' id='word_1_21' title='bbox 517 461 578 533; x_wconf 91' lang='lat' dir='ltr'>ipsc</span> <span class='ocrx_word' id='word_1_22' title='bbox 590 461 811 533; x_wconf 78' lang='lat' dir='ltr'>praenuntiatus</span> <span class='ocrx_word' id='word_1_23' title='bbox 826 473 884 529; x_wconf 86' lang='lat' dir='ltr'>cst,</span> <span class='ocrx_word' id='word_1_24' title='bbox 910 479 995 534; x_wconf 89' lang='lat' dir='ltr'>quom</span> <span class='ocrx_word' id='word_1_25' title='bbox 1008 481 1059 518; x_wconf 86' lang='lat' dir='ltr'>vc-</span> 
     </span>
     <span class='ocr_line' id='line_1_4' title="bbox 16 540 1060 617; baseline 0.002 -19"><span class='ocrx_word' id='word_1_26' title='bbox 16 544 26 558; x_wconf 85' lang='lat'>&#39;</span> <span class='ocrx_word' id='word_1_27' title='bbox 51 562 74 598; x_wconf 83' lang='lat' dir='ltr'>e</span> <span class='ocrx_word' id='word_1_28' title='bbox 92 543 168 597; x_wconf 80' lang='lat' dir='ltr'>inm</span> <span class='ocrx_word' id='word_1_29' title='bbox 180 540 337 614; x_wconf 57' lang='lat' dir='ltr'>sentiunt&#39;2&#39;</span> <span class='ocrx_word' id='word_1_30' title='bbox 348 543 385 600; x_wconf 82' lang='lat' dir='ltr'>ad</span> <span class='ocrx_word' id='word_1_31' title='bbox 398 541 573 606; x_wconf 85' lang='lat' dir='ltr'>credendum</span> <span class='ocrx_word' id='word_1_32' title='bbox 586 543 662 617; x_wconf 90' lang='lat' dir='ltr'>quod</span> <span class='ocrx_word' id='word_1_33' title='bbox 675 561 735 598; x_wconf 91' lang='lat' dir='ltr'>non</span> <span class='ocrx_word' id='word_1_34' title='bbox 747 543 919 614; x_wconf 83' lang='lat' dir='ltr'>credebant,</span> <span class='ocrx_word' id='word_1_35' title='bbox 941 543 1060 600; x_wconf 85' lang='lat' dir='ltr'>futuros</span> 
     </span>
     <span class='ocr_line' id='line_1_5' title="bbox 18 624 1060 704; baseline 0 -22"><span class='ocrx_word' id='word_1_36' title='bbox 18 625 77 682; x_wconf 82' lang='lat' dir='ltr'>&#39;se</span> <span class='ocrx_word' id='word_1_37' title='bbox 94 624 271 696; x_wconf 86' lang='lat' dir='ltr'>firmiores,</span> <span class='ocrx_word' id='word_1_38' title='bbox 297 636 327 682; x_wconf 90' lang='lat' dir='ltr'>ct</span> <span class='ocrx_word' id='word_1_39' title='bbox 347 625 385 681; x_wconf 85' lang='lat' dir='ltr'>od</span> <span class='ocrx_word' id='word_1_40' title='bbox 402 625 577 688; x_wconf 87' lang='lat' dir='ltr'>vincendum</span> <span class='ocrx_word' id='word_1_41' title='bbox 594 628 682 682; x_wconf 81' lang='lat' dir='ltr'>etium</span> <span class='ocrx_word' id='word_1_42' title='bbox 701 645 763 682; x_wconf 93' lang='lat' dir='ltr'>non</span> <span class='ocrx_word' id='word_1_43' title='bbox 775 628 900 704; x_wconf 79' lang='lat' dir='ltr'>ligatum</span> <span class='ocrx_word' id='word_1_44' title='bbox 912 625 1060 683; x_wconf 76' lang='lat' dir='ltr'>diabolum</span> 
     </span>
     <span class='ocr_line' id='line_1_6' title="bbox 1 708 1061 784; baseline -0.002 -17"><span class='ocrx_word' id='word_1_45' title='bbox 1 709 178 767; x_wconf 63' lang='lat' dir='ltr'>artiores.</span> <span class='ocrx_word' id='word_1_46' title='bbox 209 708 292 775; x_wconf 79' lang='lat' dir='ltr'>Quod</span> <span class='ocrx_word' id='word_1_47' title='bbox 312 710 337 764; x_wconf 92' lang='lat' dir='ltr'>si</span> <span class='ocrx_word' id='word_1_48' title='bbox 355 709 396 764; x_wconf 81' lang='lat' dir='ltr'>itu</span> <span class='ocrx_word' id='word_1_49' title='bbox 414 710 484 779; x_wconf 89' lang='lat' dir='ltr'>erit,</span> <span class='ocrx_word' id='word_1_50' title='bbox 505 719 659 784; x_wconf 82' lang='lat' dir='ltr'>propterea</span> <span class='ocrx_word' id='word_1_51' title='bbox 670 713 864 784; x_wconf 73' lang='lat' dir='ltr'>praecessisse</span> <span class='ocrx_word' id='word_1_52' title='bbox 878 708 1002 766; x_wconf 81' lang='lat' dir='ltr'>dicenda</span> <span class='ocrx_word' id='word_1_53' title='bbox 1015 718 1061 765; x_wconf 90' lang='lat' dir='ltr'>est</span> 
     </span>
     <span class='ocr_line' id='line_1_7' title="bbox 11 793 1060 870; baseline -0.002 -20"><span class='ocrx_word' id='word_1_54' title='bbox 11 796 74 850; x_wconf 89' lang='lat' dir='ltr'>ius</span> <span class='ocrx_word' id='word_1_55' title='bbox 92 794 251 870; x_wconf 75' lang='lat' dir='ltr'>alligatio,</span> <span class='ocrx_word' id='word_1_56' title='bbox 266 801 300 848; x_wconf 92' lang='lat' dir='ltr'>ut</span> <span class='ocrx_word' id='word_1_57' title='bbox 313 801 344 847; x_wconf 86' lang='lat' dir='ltr'>et</span> <span class='ocrx_word' id='word_1_58' title='bbox 354 793 440 870; x_wconf 80' lang='lat' dir='ltr'>ligati</span> <span class='ocrx_word' id='word_1_59' title='bbox 453 800 483 847; x_wconf 87' lang='lat' dir='ltr'>et</span> <span class='ocrx_word' id='word_1_60' title='bbox 495 793 584 848; x_wconf 88' lang='lat' dir='ltr'>soluti</span> <span class='ocrx_word' id='word_1_61' title='bbox 597 793 772 867; x_wconf 78' lang='lat' dir='ltr'>exspoliatio</span> <span class='ocrx_word' id='word_1_62' title='bbox 786 802 972 868; x_wconf 80' lang='lat' dir='ltr'>sequeretur:</span> <span class='ocrx_word' id='word_1_63' title='bbox 987 805 1060 868; x_wconf 87' lang='lat' dir='ltr'>quo-</span> 
     </span>
     <span class='ocr_line' id='line_1_8' title="bbox 0 873 1092 949; baseline 0.005 -20"><span class='ocrx_word' id='word_1_64' title='bbox 0 879 43 929; x_wconf 63' lang='lat' dir='ltr'>r‘.</span> <span class='ocrx_word' id='word_1_65' title='bbox 114 875 157 932; x_wconf 88' lang='lat' dir='ltr'>de</span> <span class='ocrx_word' id='word_1_66' title='bbox 171 874 269 931; x_wconf 84' lang='lat' dir='ltr'>hocre</span> <span class='ocrx_word' id='word_1_67' title='bbox 283 874 460 946; x_wconf 84' lang='lat' dir='ltr'>dictumest,</span> <span class='ocrx_word' id='word_1_68' title='bbox 490 873 564 944; x_wconf 81' lang='lat' dir='ltr'>Quis</span> <span class='ocrx_word' id='word_1_69' title='bbox 578 876 705 933; x_wconf 81' lang='lat' dir='ltr'>intrabit</span> <span class='ocrx_word' id='word_1_70' title='bbox 718 876 748 932; x_wconf 84' lang='lat' dir='ltr'>iu</span> <span class='ocrx_word' id='word_1_71' title='bbox 761 876 873 932; x_wconf 88' lang='lat' dir='ltr'>domum</span> <span class='ocrx_word' id='word_1_72' title='bbox 886 875 1003 949; x_wconf 75' lang='lat' dir='ltr'>fortis,</span> <span class='ocrx_word' id='word_1_73' title='bbox 1027 883 1061 933; x_wconf 86' lang='lat' dir='ltr'>ut</span> <span class='ocrx_word' id='word_1_74' title='bbox 1089 931 1092 934; x_wconf 87' lang='lat'>.</span> 
     </span>
     <span class='ocr_line' id='line_1_9' title="bbox 0 957 927 1051; baseline -0.001 -34"><span class='ocrx_word' id='word_1_75' title='bbox 0 977 91 1028; x_wconf 69' lang='lat' dir='ltr'>asa</span> <span class='ocrx_word' id='word_1_76' title='bbox 110 960 182 1018; x_wconf 76' lang='lat' dir='ltr'>eino</span> <span class='ocrx_word' id='word_1_77' title='bbox 194 960 316 1037; x_wconf 80' lang='lat' dir='ltr'>eripiat,</span> <span class='ocrx_word' id='word_1_78' title='bbox 331 960 488 1036; x_wconf 80' lang='lat' dir='ltr'>niuipriuo</span> <span class='ocrx_word' id='word_1_79' title='bbox 500 957 831 1034; x_wconf 75' lang='lat' dir='ltr'>alligaveritfortcmi.</span> <span class='ocrx_word' id='word_1_80' title='bbox 918 1014 927 1051; x_wconf 34' lang='lat' dir='ltr'>x</span> 
     </span>
    </p>
   </div>
   <div class='ocr_carea' id='block_1_3' title="bbox 431 1122 665 1184">
    <p class='ocr_par' dir='ltr' id='par_1_3' title="bbox 431 1122 665 1184">
     <span class='ocr_line' id='line_1_10' title="bbox 431 1122 665 1184; baseline -0.009 0"><span class='ocrx_word' id='word_1_81' title='bbox 431 1123 554 1184; x_wconf 79' lang='lat' dir='ltr'><strong>CAP.</strong></span> <span class='ocrx_word' id='word_1_82' title='bbox 595 1122 665 1182; x_wconf 88' lang='lat' dir='ltr'>lX.</span> 
     </span>
    </p>
   </div>
   <div class='ocr_carea' id='block_1_4' title="bbox 3 1202 1128 1360">
    <p class='ocr_par' dir='ltr' id='par_1_4' title="bbox 3 1202 1128 1360">
     <span class='ocr_line' id='line_1_11' title="bbox 3 1202 1128 1294; baseline 0.005 -23"><span class='ocrx_word' id='word_1_83' title='bbox 3 1225 97 1278; x_wconf 68' lang='lat' dir='ltr'>ruod</span> <span class='ocrx_word' id='word_1_84' title='bbox 111 1221 155 1277; x_wconf 80' lang='lat' dir='ltr'>cit</span> <span class='ocrx_word' id='word_1_85' title='bbox 170 1237 283 1294; x_wconf 83' lang='lat' dir='ltr'>regnum</span> <span class='ocrx_word' id='word_1_86' title='bbox 291 1229 446 1275; x_wconf 77' lang='lat' dir='ltr'>sanctornm</span> <span class='ocrx_word' id='word_1_87' title='bbox 454 1202 515 1274; x_wconf 74' lang='lat' dir='ltr'>cum</span> <span class='ocrx_word' id='word_1_88' title='bbox 525 1213 634 1273; x_wconf 64' lang='lat' dir='ltr'>currito</span> <span class='ocrx_word' id='word_1_89' title='bbox 645 1239 698 1291; x_wconf 88' lang='lat' dir='ltr'>per</span> <span class='ocrx_word' id='word_1_90' title='bbox 711 1223 782 1275; x_wconf 79' lang='lat' dir='ltr'>mille</span> <span class='ocrx_word' id='word_1_91' title='bbox 796 1239 894 1288; x_wconf 81' lang='lat' dir='ltr'>annor,</span> <span class='ocrx_word' id='word_1_92' title='bbox 915 1232 942 1277; x_wconf 85' lang='lat' dir='ltr'>et</span> <span class='ocrx_word' id='word_1_93' title='bbox 959 1223 990 1277; x_wconf 88' lang='lat' dir='ltr'>in</span> <span class='ocrx_word' id='word_1_94' title='bbox 1008 1237 1060 1293; x_wconf 85' lang='lat' dir='ltr'>quo</span> <span class='ocrx_word' id='word_1_95' title='bbox 1126 1253 1128 1258; x_wconf 95' lang='lat'><em>·</em></span> 
     </span>
     <span class='ocr_line' id='line_1_12' title="bbox 330 1291 756 1360; baseline 0.005 -18"><span class='ocrx_word' id='word_1_96' title='bbox 330 1291 500 1344; x_wconf 73' lang='lat' dir='ltr'>discernatur</span> <span class='ocrx_word' id='word_1_97' title='bbox 510 1308 622 1360; x_wconf 82' lang='lat' dir='ltr'>aragne</span> <span class='ocrx_word' id='word_1_98' title='bbox 637 1301 756 1345; x_wconf 79' lang='lat' dir='ltr'>aeterno.</span> 
     </span>
    </p>
   </div>
   <div class='ocr_carea' id='block_1_5' title="bbox 0 1378 1143 2793">
    <p class='ocr_par' dir='ltr' id='par_1_5' title="bbox 0 1378 1143 2793">
     <span class='ocr_line' id='line_1_13' title="bbox 75 1378 1060 1459; baseline -0.001 -19"><span class='ocrx_word' id='word_1_99' title='bbox 75 1381 294 1440; x_wconf 75' lang='lat' dir='ltr'>Interocrium</span> <span class='ocrx_word' id='word_1_100' title='bbox 310 1383 390 1438; x_wconf 84' lang='lat' dir='ltr'>mille</span> <span class='ocrx_word' id='word_1_101' title='bbox 409 1382 495 1438; x_wconf 75' lang='lat' dir='ltr'>annis</span> <span class='ocrx_word' id='word_1_102' title='bbox 514 1383 622 1459; x_wconf 82' lang='lat' dir='ltr'>ligatus</span> <span class='ocrx_word' id='word_1_103' title='bbox 636 1392 682 1438; x_wconf 90' lang='lat' dir='ltr'>est</span> <span class='ocrx_word' id='word_1_104' title='bbox 694 1383 841 1456; x_wconf 81' lang='lat' dir='ltr'>diabolus,</span> <span class='ocrx_word' id='word_1_105' title='bbox 867 1384 961 1457; x_wconf 78' lang='lat' dir='ltr'>sancti</span> <span class='ocrx_word' id='word_1_106' title='bbox 975 1378 1060 1458; x_wconf 85' lang='lat' dir='ltr'>[Dei]</span> 
     </span>
     <span class='ocr_line' id='line_1_14' title="bbox 15 1463 1088 1548; baseline -0.003 -23"><span class='ocrx_word' id='word_1_107' title='bbox 15 1475 156 1548; x_wconf 77' lang='lat' dir='ltr'>egnant</span> <span class='ocrx_word' id='word_1_108' title='bbox 171 1484 236 1522; x_wconf 89' lang='lat' dir='ltr'>cum</span> <span class='ocrx_word' id='word_1_109' title='bbox 248 1463 365 1523; x_wconf 86' lang='lat' dir='ltr'>Christo</span> <span class='ocrx_word' id='word_1_110' title='bbox 379 1466 467 1521; x_wconf 81' lang='lat' dir='ltr'>etium</span> <span class='ocrx_word' id='word_1_111' title='bbox 476 1466 554 1538; x_wconf 83' lang='lat' dir='ltr'>ipsis</span> <span class='ocrx_word' id='word_1_112' title='bbox 568 1467 646 1521; x_wconf 87' lang='lat' dir='ltr'>mille</span> <span class='ocrx_word' id='word_1_113' title='bbox 657 1468 743 1522; x_wconf 84' lang='lat' dir='ltr'>nnnis</span> <span class='ocrx_word' id='word_1_114' title='bbox 756 1465 864 1529; x_wconf 82' lang='lat' dir='ltr'>eisdem</span> <span class='ocrx_word' id='word_1_115' title='bbox 877 1468 941 1522; x_wconf 79' lang='lat' dir='ltr'>sinc</span> <span class='ocrx_word' id='word_1_116' title='bbox 962 1465 1061 1538; x_wconf 86' lang='lat' dir='ltr'>dubio,</span> <span class='ocrx_word' id='word_1_117' title='bbox 1086 1526 1088 1530; x_wconf 65' lang='grc'><strong>,</strong></span> 
     </span>
     <span class='ocr_line' id='line_1_15' title="bbox 0 1547 1060 1625; baseline -0.005 -16"><span class='ocrx_word' id='word_1_118' title='bbox 0 1549 174 1609; x_wconf 62' lang='lat' dir='ltr'>neodem</span> <span class='ocrx_word' id='word_1_119' title='bbox 185 1548 271 1605; x_wconf 93' lang='lat' dir='ltr'>modo</span> <span class='ocrx_word' id='word_1_120' title='bbox 284 1548 498 1625; x_wconf 85' lang='lat' dir='ltr'>intelligendis,</span> <span class='ocrx_word' id='word_1_121' title='bbox 521 1547 552 1604; x_wconf 91' lang='lat' dir='ltr'>id</span> <span class='ocrx_word' id='word_1_122' title='bbox 570 1559 630 1620; x_wconf 89' lang='lat' dir='ltr'>cst,</span> <span class='ocrx_word' id='word_1_123' title='bbox 652 1552 710 1605; x_wconf 80' lang='lat' dir='ltr'>isto</span> <span class='ocrx_word' id='word_1_124' title='bbox 730 1551 788 1604; x_wconf 80' lang='lat' dir='ltr'>iam</span> <span class='ocrx_word' id='word_1_125' title='bbox 804 1558 934 1624; x_wconf 86' lang='lat' dir='ltr'>tempore</span> <span class='ocrx_word' id='word_1_126' title='bbox 951 1549 1060 1620; x_wconf 91' lang='lat' dir='ltr'>prioris</span> 
     </span>
     <span class='ocr_line' id='line_1_16' title="bbox 18 1629 1059 1710; baseline -0.004 -18"><span class='ocrx_word' id='word_1_127' title='bbox 18 1637 80 1694; x_wconf 79' lang='lat' dir='ltr'>ius</span> <span class='ocrx_word' id='word_1_128' title='bbox 97 1631 257 1690; x_wconf 75' lang='lat' dir='ltr'>adventus.</span> <span class='ocrx_word' id='word_1_129' title='bbox 285 1629 414 1705; x_wconf 86' lang='lat' dir='ltr'>Excepto</span> <span class='ocrx_word' id='word_1_130' title='bbox 429 1633 535 1707; x_wconf 84' lang='lat' dir='ltr'>quippe</span> <span class='ocrx_word' id='word_1_131' title='bbox 548 1632 598 1687; x_wconf 88' lang='lat' dir='ltr'>illo</span> <span class='ocrx_word' id='word_1_132' title='bbox 611 1651 716 1710; x_wconf 79' lang='lat' dir='ltr'>regno,</span> <span class='ocrx_word' id='word_1_133' title='bbox 730 1632 765 1687; x_wconf 93' lang='lat' dir='ltr'>dc</span> <span class='ocrx_word' id='word_1_134' title='bbox 779 1650 835 1707; x_wconf 89' lang='lat' dir='ltr'>quo</span> <span class='ocrx_word' id='word_1_135' title='bbox 849 1634 881 1688; x_wconf 91' lang='lat' dir='ltr'>in</span> <span class='ocrx_word' id='word_1_136' title='bbox 893 1631 952 1687; x_wconf 90' lang='lat' dir='ltr'>finc</span> <span class='ocrx_word' id='word_1_137' title='bbox 966 1631 1059 1688; x_wconf 90' lang='lat' dir='ltr'>dictu-</span> 
     </span>
     <span class='ocr_line' id='line_1_17' title="bbox 27 1713 1060 1792; baseline -0.006 -16"><span class='ocrx_word' id='word_1_138' title='bbox 27 1744 33 1767; x_wconf 70' lang='grc' dir='ltr'><strong>ι</strong></span> <span class='ocrx_word' id='word_1_139' title='bbox 46 1738 64 1776; x_wconf 90' lang='lat' dir='ltr'>s</span> <span class='ocrx_word' id='word_1_140' title='bbox 80 1726 148 1786; x_wconf 82' lang='lat' dir='ltr'>est,</span> <span class='ocrx_word' id='word_1_141' title='bbox 163 1713 279 1772; x_wconf 80' lang='lat' dir='ltr'>&#39;Venite</span> <span class='ocrx_word' id='word_1_142' title='bbox 293 1715 440 1771; x_wconf 81' lang='lat' dir='ltr'>benedicti</span> <span class='ocrx_word' id='word_1_143' title='bbox 450 1713 555 1771; x_wconf 84' lang='lat' dir='ltr'>Putris</span> <span class='ocrx_word' id='word_1_144' title='bbox 567 1717 638 1785; x_wconf 83' lang='lat' dir='ltr'>mai,</span> <span class='ocrx_word' id='word_1_145' title='bbox 651 1717 804 1792; x_wconf 76' lang='lat' dir='ltr'>possidete</span> <span class='ocrx_word' id='word_1_146' title='bbox 815 1725 963 1792; x_wconf 84' lang='lat' dir='ltr'>paratum</span> <span class='ocrx_word' id='word_1_147' title='bbox 979 1714 1060 1771; x_wconf 77' lang='lat' dir='ltr'>vobis</span> 
     </span>
     <span class='ocr_line' id='line_1_18' title="bbox 18 1797 1060 1880; baseline -0.005 -21"><span class='ocrx_word' id='word_1_148' title='bbox 18 1819 162 1880; x_wconf 71' lang='lat' dir='ltr'>egnum,</span> <span class='ocrx_word' id='word_1_149' title='bbox 175 1799 233 1854; x_wconf 80' lang='lat' dir='ltr'>nisi</span> <span class='ocrx_word' id='word_1_150' title='bbox 245 1799 302 1854; x_wconf 84' lang='lat' dir='ltr'>olio</span> <span class='ocrx_word' id='word_1_151' title='bbox 314 1799 411 1872; x_wconf 78' lang='lat' dir='ltr'>aliquo</span> <span class='ocrx_word' id='word_1_152' title='bbox 424 1797 526 1868; x_wconf 82' lang='lat' dir='ltr'>modo,</span> <span class='ocrx_word' id='word_1_153' title='bbox 539 1799 628 1875; x_wconf 84' lang='lat' dir='ltr'>longe</span> <span class='ocrx_word' id='word_1_154' title='bbox 641 1798 755 1874; x_wconf 88' lang='lat' dir='ltr'>quidem</span> <span class='ocrx_word' id='word_1_155' title='bbox 767 1798 871 1873; x_wconf 79' lang='lat' dir='ltr'>impari</span> <span class='ocrx_word' id='word_1_156' title='bbox 878 1801 898 1868; x_wconf 82' lang='lat'>,&#39;</span> <span class='ocrx_word' id='word_1_157' title='bbox 910 1798 968 1852; x_wconf 81' lang='lat' dir='ltr'>iam</span> <span class='ocrx_word' id='word_1_158' title='bbox 981 1815 1060 1854; x_wconf 89' lang='lat' dir='ltr'>nunc</span> 
     </span>
     <span class='ocr_line' id='line_1_19' title="bbox 27 1879 1059 1964; baseline -0.006 -23"><span class='ocrx_word' id='word_1_159' title='bbox 27 1912 31 1915; x_wconf 97' lang='lat'>·</span> <span class='ocrx_word' id='word_1_160' title='bbox 44 1890 188 1964; x_wconf 76' lang='lat' dir='ltr'>gnorent</span> <span class='ocrx_word' id='word_1_161' title='bbox 200 1899 266 1938; x_wconf 89' lang='lat' dir='ltr'>cum</span> <span class='ocrx_word' id='word_1_162' title='bbox 278 1881 328 1936; x_wconf 88' lang='lat' dir='ltr'>illo</span> <span class='ocrx_word' id='word_1_163' title='bbox 341 1881 436 1938; x_wconf 81' lang='lat' dir='ltr'>suncti</span> <span class='ocrx_word' id='word_1_164' title='bbox 449 1882 526 1951; x_wconf 87' lang='lat' dir='ltr'>cius,</span> <span class='ocrx_word' id='word_1_165' title='bbox 552 1882 656 1956; x_wconf 88' lang='lat' dir='ltr'>quibus</span> <span class='ocrx_word' id='word_1_166' title='bbox 669 1883 724 1953; x_wconf 85' lang='lat' dir='ltr'>uit,</span> <span class='ocrx_word' id='word_1_167' title='bbox 749 1879 826 1937; x_wconf 78' lang='lat' dir='ltr'>Ecce</span> <span class='ocrx_word' id='word_1_168' title='bbox 844 1898 897 1956; x_wconf 79' lang='lat' dir='ltr'>ego</span> <span class='ocrx_word' id='word_1_169' title='bbox 914 1880 1059 1936; x_wconf 79' lang='lat' dir='ltr'>uobiscum</span> 
     </span>
     <span class='ocr_line' id='line_1_20' title="bbox 47 1957 1063 2041; baseline -0.004 -17"><span class='ocrx_word' id='word_1_170' title='bbox 47 1987 80 2024; x_wconf 88' lang='lat' dir='ltr'>m</span> <span class='ocrx_word' id='word_1_171' title='bbox 111 1981 205 2041; x_wconf 80' lang='lat' dir='ltr'>noque</span> <span class='ocrx_word' id='word_1_172' title='bbox 227 1957 258 2020; x_wconf 84' lang='lat' dir='ltr'>in</span> <span class='ocrx_word' id='word_1_173' title='bbox 280 1966 555 2022; x_wconf 76' lang='lat' dir='ltr'>consummationem</span> <span class='ocrx_word' id='word_1_174' title='bbox 579 1965 707 2039; x_wconf 78' lang='lat' dir='ltr'>succuli3</span> <span class='ocrx_word' id='word_1_175' title='bbox 730 1964 862 2038; x_wconf 86' lang='lat' dir='ltr'>profecto</span> <span class='ocrx_word' id='word_1_176' title='bbox 887 1981 947 2018; x_wconf 90' lang='lat' dir='ltr'>nou</span> <span class='ocrx_word' id='word_1_177' title='bbox 971 1960 1063 2020; x_wconf 78' lang='lat' dir='ltr'>etium¹</span> 
     </span>
     <span class='ocr_line' id='line_1_21' title="bbox 1 2037 1143 2125; baseline -0.004 -17"><span class='ocrx_word' id='word_1_178' title='bbox 1 2073 7 2094; x_wconf 81' lang='lat'><em>¹</em></span> <span class='ocrx_word' id='word_1_179' title='bbox 22 2067 101 2108; x_wconf 82' lang='lat' dir='ltr'>unc</span> <span class='ocrx_word' id='word_1_180' title='bbox 116 2047 264 2104; x_wconf 81' lang='lat' dir='ltr'>diceretur</span> <span class='ocrx_word' id='word_1_181' title='bbox 272 2045 407 2103; x_wconf 84' lang='lat' dir='ltr'>Ecclesia</span> <span class='ocrx_word' id='word_1_182' title='bbox 416 2065 542 2124; x_wconf 83' lang='lat' dir='ltr'>regnum</span> <span class='ocrx_word' id='word_1_183' title='bbox 553 2049 627 2118; x_wconf 85' lang='lat' dir='ltr'>cius,</span> <span class='ocrx_word' id='word_1_184' title='bbox 640 2066 801 2125; x_wconf 82' lang='lat' dir='ltr'>regnumve</span> <span class='ocrx_word' id='word_1_185' title='bbox 814 2047 970 2103; x_wconf 88' lang='lat' dir='ltr'>coelorum.</span> <span class='ocrx_word' id='word_1_186' title='bbox 984 2044 1058 2104; x_wconf 81' lang='lat' dir='ltr'>Num</span> <span class='ocrx_word' id='word_1_187' title='bbox 1136 2037 1143 2050; x_wconf 27' lang='lat' dir='ltr'>x</span> 
     </span>
     <span class='ocr_line' id='line_1_22' title="bbox 1 2129 1059 2210; baseline -0.003 -21"><span class='ocrx_word' id='word_1_188' title='bbox 1 2155 7 2172; x_wconf 91' lang='lat'><strong>·</strong></span> <span class='ocrx_word' id='word_1_189' title='bbox 23 2138 125 2210; x_wconf 85' lang='lat' dir='ltr'>tiquc</span> <span class='ocrx_word' id='word_1_190' title='bbox 138 2132 198 2188; x_wconf 88' lang='lat' dir='ltr'>isto</span> <span class='ocrx_word' id='word_1_191' title='bbox 211 2140 340 2206; x_wconf 88' lang='lat' dir='ltr'>tempore</span> <span class='ocrx_word' id='word_1_192' title='bbox 353 2129 386 2186; x_wconf 91' lang='lat' dir='ltr'>in</span> <span class='ocrx_word' id='word_1_193' title='bbox 397 2147 492 2208; x_wconf 84' lang='lat' dir='ltr'>regno</span> <span class='ocrx_word' id='word_1_194' title='bbox 506 2129 564 2187; x_wconf 87' lang='lat' dir='ltr'>Dei</span> <span class='ocrx_word' id='word_1_195' title='bbox 577 2130 708 2194; x_wconf 88' lang='lat' dir='ltr'>eruditur</span> <span class='ocrx_word' id='word_1_196' title='bbox 725 2131 819 2187; x_wconf 83' lang='lat' dir='ltr'>scribo</span> <span class='ocrx_word' id='word_1_197' title='bbox 831 2132 896 2201; x_wconf 85' lang='lat' dir='ltr'>ille,</span> <span class='ocrx_word' id='word_1_198' title='bbox 921 2130 972 2204; x_wconf 86' lang='lat' dir='ltr'>qui</span> <span class='ocrx_word' id='word_1_199' title='bbox 990 2147 1059 2204; x_wconf 92' lang='lat' dir='ltr'>pro·</span> 
     </span>
     <span class='ocr_line' id='line_1_23' title="bbox 9 2212 1058 2289; baseline -0.002 -17"><span class='ocrx_word' id='word_1_200' title='bbox 9 2227 75 2282; x_wconf 69' lang='lat' dir='ltr'>ert</span> <span class='ocrx_word' id='word_1_201' title='bbox 87 2216 130 2272; x_wconf 88' lang='lat' dir='ltr'>dc</span> <span class='ocrx_word' id='word_1_202' title='bbox 143 2212 279 2270; x_wconf 74' lang='lat' dir='ltr'>thesauro</span> <span class='ocrx_word' id='word_1_203' title='bbox 294 2231 349 2270; x_wconf 82' lang='lat' dir='ltr'>suo</span> <span class='ocrx_word' id='word_1_204' title='bbox 361 2231 439 2269; x_wconf 85' lang='lat' dir='ltr'>novo</span> <span class='ocrx_word' id='word_1_205' title='bbox 452 2223 483 2270; x_wconf 86' lang='lat' dir='ltr'>et</span> <span class='ocrx_word' id='word_1_206' title='bbox 494 2223 605 2285; x_wconf 82' lang='lat' dir='ltr'>vetera,</span> <span class='ocrx_word' id='word_1_207' title='bbox 625 2213 661 2270; x_wconf 90' lang='lat' dir='ltr'>de</span> <span class='ocrx_word' id='word_1_208' title='bbox 674 2232 730 2289; x_wconf 90' lang='lat' dir='ltr'>quo</span> <span class='ocrx_word' id='word_1_209' title='bbox 743 2232 832 2289; x_wconf 81' lang='lat' dir='ltr'>supro</span> <span class='ocrx_word' id='word_1_210' title='bbox 845 2214 934 2270; x_wconf 91' lang='lat' dir='ltr'>locuti</span> <span class='ocrx_word' id='word_1_211' title='bbox 947 2231 1058 2270; x_wconf 85' lang='lat' dir='ltr'>sumus.</span> 
     </span>
     <span class='ocr_line' id='line_1_24' title="bbox 34 2297 1058 2373; baseline -0.008 -13"><span class='ocrx_word' id='word_1_212' title='bbox 34 2314 52 2360; x_wconf 93' lang='lat' dir='ltr'>t</span> <span class='ocrx_word' id='word_1_213' title='bbox 64 2301 110 2358; x_wconf 85' lang='lat' dir='ltr'>dc</span> <span class='ocrx_word' id='word_1_214' title='bbox 120 2297 258 2355; x_wconf 77' lang='lat' dir='ltr'>Ecclesia</span> <span class='ocrx_word' id='word_1_215' title='bbox 271 2297 421 2353; x_wconf 82' lang='lat' dir='ltr'>collecturi</span> <span class='ocrx_word' id='word_1_216' title='bbox 432 2305 502 2352; x_wconf 88' lang='lat' dir='ltr'>sunt</span> <span class='ocrx_word' id='word_1_217' title='bbox 514 2297 628 2353; x_wconf 80' lang='lat' dir='ltr'>zizanio</span> <span class='ocrx_word' id='word_1_218' title='bbox 640 2316 782 2354; x_wconf 80' lang='lat' dir='ltr'>messores</span> <span class='ocrx_word' id='word_1_219' title='bbox 796 2298 851 2368; x_wconf 87' lang='lat' dir='ltr'>illi,</span> <span class='ocrx_word' id='word_1_220' title='bbox 865 2298 1058 2373; x_wconf 82' lang='lat' dir='ltr'>quoepermi-</span> 
     </span>
     <span class='ocr_line' id='line_1_25' title="bbox 13 2379 1058 2456; baseline -0.004 -15"><span class='ocrx_word' id='word_1_221' title='bbox 13 2383 51 2444; x_wconf 84' lang='lat' dir='ltr'>it</span> <span class='ocrx_word' id='word_1_222' title='bbox 65 2401 142 2441; x_wconf 89' lang='lat' dir='ltr'>cum</span> <span class='ocrx_word' id='word_1_223' title='bbox 155 2382 256 2437; x_wconf 84' lang='lat' dir='ltr'>tritico</span> <span class='ocrx_word' id='word_1_224' title='bbox 269 2381 354 2436; x_wconf 83' lang='lat' dir='ltr'>simul</span> <span class='ocrx_word' id='word_1_225' title='bbox 366 2397 500 2434; x_wconf 87' lang='lat' dir='ltr'>crescere</span> <span class='ocrx_word' id='word_1_226' title='bbox 512 2397 605 2454; x_wconf 85' lang='lat' dir='ltr'>usque</span> <span class='ocrx_word' id='word_1_227' title='bbox 618 2379 654 2436; x_wconf 84' lang='lat' dir='ltr'>od</span> <span class='ocrx_word' id='word_1_228' title='bbox 666 2399 805 2438; x_wconf 82' lang='lat' dir='ltr'>messem:</span> <span class='ocrx_word' id='word_1_229' title='bbox 819 2380 895 2456; x_wconf 89' lang='lat' dir='ltr'>quod</span> <span class='ocrx_word' id='word_1_230' title='bbox 908 2397 1058 2455; x_wconf 83' lang='lat' dir='ltr'>exponens</span> 
     </span>
     <span class='ocr_line' id='line_1_26' title="bbox 3 2461 1059 2538; baseline -0.006 -12"><span class='ocrx_word' id='word_1_231' title='bbox 3 2489 5 2492; x_wconf 72' lang='grc'>’</span> <span class='ocrx_word' id='word_1_232' title='bbox 22 2469 72 2526; x_wconf 79' lang='lat' dir='ltr'>it:</span> <span class='ocrx_word' id='word_1_233' title='bbox 102 2464 216 2523; x_wconf 73' lang='lat' dir='ltr'>Moesis</span> <span class='ocrx_word' id='word_1_234' title='bbox 239 2472 285 2522; x_wconf 78' lang='lat' dir='ltr'>ast</span> <span class='ocrx_word' id='word_1_235' title='bbox 301 2461 378 2534; x_wconf 62' lang='lat' dir='ltr'>fimi</span> <span class='ocrx_word' id='word_1_236' title='bbox 400 2461 522 2531; x_wconf 81' lang='lat' dir='ltr'>saeculi,</span> <span class='ocrx_word' id='word_1_237' title='bbox 542 2479 689 2519; x_wconf 51' lang='lat' dir='ltr'>¹messoreo</span> <span class='ocrx_word' id='word_1_238' title='bbox 711 2473 808 2520; x_wconf 79' lang='lat' dir='ltr'>nutem</span> <span class='ocrx_word' id='word_1_239' title='bbox 820 2461 938 2538; x_wconf 80' lang='lat' dir='ltr'>Angeli.</span> <span class='ocrx_word' id='word_1_240' title='bbox 973 2461 1059 2521; x_wconf 73' lang='lat' dir='ltr'>Sicut</span> 
     </span>
     <span class='ocr_line' id='line_1_27' title="bbox 0 2545 1097 2630; baseline -0.005 -23"><span class='ocrx_word' id='word_1_241' title='bbox 0 2582 10 2590; x_wconf 91' lang='lat'>-</span> <span class='ocrx_word' id='word_1_242' title='bbox 41 2569 89 2630; x_wconf 75' lang='lat' dir='ltr'>go</span> <span class='ocrx_word' id='word_1_243' title='bbox 106 2547 290 2623; x_wconf 83' lang='lat' dir='ltr'>colliguntur</span> <span class='ocrx_word' id='word_1_244' title='bbox 301 2547 439 2614; x_wconf 78' lang='lat' dir='ltr'>zizania,</span> <span class='ocrx_word' id='word_1_245' title='bbox 463 2554 494 2602; x_wconf 83' lang='lat' dir='ltr'>et</span> <span class='ocrx_word' id='word_1_246' title='bbox 506 2546 572 2619; x_wconf 83' lang='lat' dir='ltr'>igni</span> <span class='ocrx_word' id='word_1_247' title='bbox 583 2545 802 2613; x_wconf 66' lang='lat' dir='ltr'>concuterentur,</span> <span class='ocrx_word' id='word_1_248' title='bbox 816 2547 933 2602; x_wconf 80' lang='lat' dir='ltr'>uicerit</span> <span class='ocrx_word' id='word_1_249' title='bbox 947 2547 977 2602; x_wconf 86' lang='lat' dir='ltr'>in</span> <span class='ocrx_word' id='word_1_250' title='bbox 991 2565 1059 2602; x_wconf 87' lang='lat' dir='ltr'>con·</span> <span class='ocrx_word' id='word_1_251' title='bbox 1095 2559 1097 2566; x_wconf 87' lang='lat'>&#39;</span> 
     </span>
     <span class='ocr_line' id='line_1_28' title="bbox 14 2625 1059 2701; baseline -0.008 -7"><span class='ocrx_word' id='word_1_252' title='bbox 14 2633 219 2694; x_wconf 75' lang='lat' dir='ltr'>ummatione</span> <span class='ocrx_word' id='word_1_253' title='bbox 237 2628 367 2687; x_wconf 73' lang='lat' dir='ltr'>saeculi:</span> <span class='ocrx_word' id='word_1_254' title='bbox 392 2630 492 2684; x_wconf 80' lang='lat' dir='ltr'>mittet</span> <span class='ocrx_word' id='word_1_255' title='bbox 510 2625 607 2700; x_wconf 81' lang='lat' dir='ltr'>Filius</span> <span class='ocrx_word' id='word_1_256' title='bbox 626 2626 750 2694; x_wconf 78' lang='lat' dir='ltr'>hominis</span> <span class='ocrx_word' id='word_1_257' title='bbox 767 2625 895 2701; x_wconf 78' lang='lat' dir='ltr'>Angelos</span> <span class='ocrx_word' id='word_1_258' title='bbox 920 2644 1001 2698; x_wconf 84' lang='lat' dir='ltr'>suos,</span> <span class='ocrx_word' id='word_1_259' title='bbox 1028 2638 1059 2686; x_wconf 83' lang='lat' dir='ltr'>ct</span> 
     </span>
     <span class='ocr_line' id='line_1_29' title="bbox 23 2709 1063 2793; baseline -0.002 -23"><span class='ocrx_word' id='word_1_260' title='bbox 23 2719 165 2793; x_wconf 77' lang='lat' dir='ltr'>uigent</span> <span class='ocrx_word' id='word_1_261' title='bbox 178 2713 214 2770; x_wconf 85' lang='lat' dir='ltr'>dc</span> <span class='ocrx_word' id='word_1_262' title='bbox 226 2731 318 2789; x_wconf 76' lang='lat' dir='ltr'>reguo</span> <span class='ocrx_word' id='word_1_263' title='bbox 331 2711 394 2782; x_wconf 65' lang='lat' dir='ltr'>ciue</span> <span class='ocrx_word' id='word_1_264' title='bbox 408 2711 507 2767; x_wconf 85' lang='lat' dir='ltr'>omnia</span> <span class='ocrx_word' id='word_1_265' title='bbox 520 2710 673 2768; x_wconf 80' lang='lat' dir='ltr'>scandala.</span> <span class='ocrx_word' id='word_1_266' title='bbox 687 2709 834 2784; x_wconf 85' lang='lat' dir='ltr'>Numquid</span> <span class='ocrx_word' id='word_1_267' title='bbox 843 2709 879 2765; x_wconf 91' lang='lat' dir='ltr'>dc</span> <span class='ocrx_word' id='word_1_268' title='bbox 891 2728 984 2785; x_wconf 85' lang='lat' dir='ltr'>regno</span> <span class='ocrx_word' id='word_1_269' title='bbox 994 2713 1063 2788; x_wconf 77' lang='lat' dir='ltr'>ffl⁰2</span> 
     </span>
    </p>
   </div>
   <div class='ocr_carea' id='block_1_6' title="bbox 0 2789 1147 2871">
    <p class='ocr_par' dir='ltr' id='par_1_6' title="bbox 0 2789 1147 2871">
     <span class='ocr_line' id='line_1_30' title="bbox 0 2789 1147 2871; baseline -0.007 -10"><span class='ocrx_word' id='word_1_270' title='bbox 0 2819 6 2842; x_wconf 81' lang='lat'><strong>·</strong></span> <span class='ocrx_word' id='word_1_271' title='bbox 20 2803 62 2862; x_wconf 83' lang='lat' dir='ltr'>bi</span> <span class='ocrx_word' id='word_1_272' title='bbox 77 2799 171 2857; x_wconf 80' lang='lat' dir='ltr'>nulla</span> <span class='ocrx_word' id='word_1_273' title='bbox 183 2805 255 2852; x_wconf 87' lang='lat' dir='ltr'>sunt</span> <span class='ocrx_word' id='word_1_274' title='bbox 267 2789 421 2852; x_wconf 65' lang='lat' dir='ltr'>scandula?</span> <span class='ocrx_word' id='word_1_275' title='bbox 447 2792 493 2849; x_wconf 91' lang='lat' dir='ltr'>De</span> <span class='ocrx_word' id='word_1_276' title='bbox 508 2795 565 2849; x_wconf 88' lang='lat' dir='ltr'>isto</span> <span class='ocrx_word' id='word_1_277' title='bbox 578 2812 650 2871; x_wconf 84' lang='lat' dir='ltr'>crgo</span> <span class='ocrx_word' id='word_1_278' title='bbox 663 2812 755 2871; x_wconf 79' lang='lat' dir='ltr'>reguo</span> <span class='ocrx_word' id='word_1_279' title='bbox 770 2794 849 2865; x_wconf 84' lang='lat' dir='ltr'>eius,</span> <span class='ocrx_word' id='word_1_280' title='bbox 863 2791 939 2868; x_wconf 92' lang='lat' dir='ltr'>quod</span> <span class='ocrx_word' id='word_1_281' title='bbox 952 2804 997 2850; x_wconf 86' lang='lat' dir='ltr'>cst</span> <span class='ocrx_word' id='word_1_282' title='bbox 1009 2793 1057 2852; x_wconf 89' lang='lat' dir='ltr'>hic</span> <span class='ocrx_word' id='word_1_283' title='bbox 1144 2797 1147 2804; x_wconf 78' lang='grc'><strong>’</strong></span> 
     </span>
    </p>
   </div>
   <div class='ocr_carea' id='block_1_7' title="bbox 0 2861 1058 3369">
    <p class='ocr_par' dir='ltr' id='par_1_7' title="bbox 0 2861 1058 3369">
     <span class='ocr_line' id='line_1_31' title="bbox 29 2861 1058 2956; baseline -0.01 -13"><span class='ocrx_word' id='word_1_284' title='bbox 29 2881 174 2951; x_wconf 77' lang='lat' dir='ltr'>cclesias,</span> <span class='ocrx_word' id='word_1_285' title='bbox 189 2880 372 2956; x_wconf 84' lang='lat' dir='ltr'>colligentur.</span> <span class='ocrx_word' id='word_1_286' title='bbox 417 2875 490 2934; x_wconf 82' lang='lat' dir='ltr'>item</span> <span class='ocrx_word' id='word_1_287' title='bbox 503 2876 587 2933; x_wconf 85' lang='lat' dir='ltr'>dicit:</span> <span class='ocrx_word' id='word_1_288' title='bbox 617 2875 678 2946; x_wconf 82' lang='lat' dir='ltr'>Qui</span> <span class='ocrx_word' id='word_1_289' title='bbox 689 2875 812 2934; x_wconf 78' lang='lat' dir='ltr'>uoluerit</span> <span class='ocrx_word' id='word_1_290' title='bbox 824 2895 911 2934; x_wconf 87' lang='lat' dir='ltr'>unum</span> <span class='ocrx_word' id='word_1_291' title='bbox 926 2861 962 2933; x_wconf 71' lang='lat' dir='ltr'>dc</span> <span class='ocrx_word' id='word_1_292' title='bbox 974 2895 1058 2933; x_wconf 84' lang='lat' dir='ltr'>mun-</span> 
     </span>
     <span class='ocr_line' id='line_1_32' title="bbox 0 2958 1058 3031; baseline -0.006 -10"><span class='ocrx_word' id='word_1_293' title='bbox 0 2990 6 3009; x_wconf 68' lang='lat' dir='ltr'>r</span> <span class='ocrx_word' id='word_1_294' title='bbox 31 3000 35 3011; x_wconf 56' lang='grc' dir='ltr'><em>ι</em></span> <span class='ocrx_word' id='word_1_295' title='bbox 48 2970 102 3028; x_wconf 74' lang='lat' dir='ltr'>tis</span> <span class='ocrx_word' id='word_1_296' title='bbox 116 2965 187 3022; x_wconf 77' lang='lat' dir='ltr'>iotis</span> <span class='ocrx_word' id='word_1_297' title='bbox 200 2962 345 3031; x_wconf 80' lang='lat' dir='ltr'>minimis,</span> <span class='ocrx_word' id='word_1_298' title='bbox 359 2968 389 3017; x_wconf 81' lang='lat' dir='ltr'>ct</span> <span class='ocrx_word' id='word_1_299' title='bbox 402 2961 536 3017; x_wconf 81' lang='lat' dir='ltr'>docuerit</span> <span class='ocrx_word' id='word_1_300' title='bbox 548 2961 592 3017; x_wconf 80' lang='lat' dir='ltr'>cic</span> <span class='ocrx_word' id='word_1_301' title='bbox 604 2958 746 3029; x_wconf 76' lang='lat' dir='ltr'>homines,</span> <span class='ocrx_word' id='word_1_302' title='bbox 759 2962 895 3016; x_wconf 79' lang='lat' dir='ltr'>minimus</span> <span class='ocrx_word' id='word_1_303' title='bbox 903 2959 1058 3016; x_wconf 78' lang='lat' dir='ltr'>uocabitur</span> 
     </span>
     <span class='ocr_line' id='line_1_33' title="bbox 9 3039 1057 3124; baseline -0.013 -12"><span class='ocrx_word' id='word_1_304' title='bbox 9 3071 35 3112; x_wconf 74' lang='lat' dir='ltr'><em>u</em></span> <span class='ocrx_word' id='word_1_305' title='bbox 51 3061 162 3124; x_wconf 72' lang='lat' dir='ltr'>reguo</span> <span class='ocrx_word' id='word_1_306' title='bbox 175 3045 337 3104; x_wconf 83' lang='lat' dir='ltr'>coelorum:</span> <span class='ocrx_word' id='word_1_307' title='bbox 359 3045 411 3120; x_wconf 89' lang='lat' dir='ltr'>qui</span> <span class='ocrx_word' id='word_1_308' title='bbox 422 3039 698 3115; x_wconf 67' lang='lat' dir='ltr'>uutcmfeccrit‚&#39;ct</span> <span class='ocrx_word' id='word_1_309' title='bbox 711 3045 756 3108; x_wconf 76' lang='lat' dir='ltr'>cic</span> <span class='ocrx_word' id='word_1_310' title='bbox 769 3044 918 3111; x_wconf 84' lang='lat' dir='ltr'>docuerit,</span> <span class='ocrx_word' id='word_1_311' title='bbox 931 3058 1057 3118; x_wconf 75' lang='lat' dir='ltr'>mugnus</span> 
     </span>
     <span class='ocr_line' id='line_1_34' title="bbox 0 3124 1057 3203; baseline -0.015 -7"><span class='ocrx_word' id='word_1_312' title='bbox 0 3132 179 3196; x_wconf 79' lang='lat' dir='ltr'>ocatitnr</span> <span class='ocrx_word' id='word_1_313' title='bbox 199 3130 230 3184; x_wconf 87' lang='lat' dir='ltr'>in</span> <span class='ocrx_word' id='word_1_314' title='bbox 248 3142 340 3203; x_wconf 82' lang='lat' dir='ltr'>regno</span> <span class='ocrx_word' id='word_1_315' title='bbox 353 3126 505 3183; x_wconf 85' lang='lat' dir='ltr'>coelorum.</span> <span class='ocrx_word' id='word_1_316' title='bbox 548 3124 709 3201; x_wconf 86' lang='lat' dir='ltr'>Vtrumque</span> <span class='ocrx_word' id='word_1_317' title='bbox 723 3126 793 3182; x_wconf 86' lang='lat' dir='ltr'>dicit</span> <span class='ocrx_word' id='word_1_318' title='bbox 804 3127 836 3182; x_wconf 93' lang='lat' dir='ltr'>in</span> <span class='ocrx_word' id='word_1_319' title='bbox 850 3145 943 3203; x_wconf 79' lang='lat' dir='ltr'>regno</span> <span class='ocrx_word' id='word_1_320' title='bbox 959 3125 1057 3181; x_wconf 86' lang='lat' dir='ltr'>cocio·</span> 
     </span>
     <span class='ocr_line' id='line_1_35' title="bbox 26 3207 1056 3288; baseline -0.005 -19"><span class='ocrx_word' id='word_1_321' title='bbox 26 3246 30 3269; x_wconf 64' lang='grc' dir='ltr'>ι</span> <span class='ocrx_word' id='word_1_322' title='bbox 51 3246 68 3269; x_wconf 65' lang='grc' dir='ltr'>,ι</span> <span class='ocrx_word' id='word_1_323' title='bbox 81 3255 95 3288; x_wconf 87' lang='grc'><strong><em>,</em></strong></span> <span class='ocrx_word' id='word_1_324' title='bbox 110 3220 144 3269; x_wconf 90' lang='lat' dir='ltr'>et</span> <span class='ocrx_word' id='word_1_325' title='bbox 158 3213 281 3287; x_wconf 89' lang='lat' dir='ltr'>quinon</span> <span class='ocrx_word' id='word_1_326' title='bbox 294 3209 365 3266; x_wconf 83' lang='lat' dir='ltr'>facit</span> <span class='ocrx_word' id='word_1_327' title='bbox 376 3208 512 3266; x_wconf 82' lang='lat' dir='ltr'>mundato</span> <span class='ocrx_word' id='word_1_328' title='bbox 524 3227 597 3284; x_wconf 80' lang='lat' dir='ltr'>quae</span> <span class='ocrx_word' id='word_1_329' title='bbox 607 3209 706 3282; x_wconf 88' lang='lat' dir='ltr'>docet,</span> <span class='ocrx_word' id='word_1_330' title='bbox 718 3207 773 3266; x_wconf 91' lang='lat' dir='ltr'>hoc</span> <span class='ocrx_word' id='word_1_331' title='bbox 786 3219 831 3266; x_wconf 88' lang='lat' dir='ltr'>est</span> <span class='ocrx_word' id='word_1_332' title='bbox 840 3211 918 3265; x_wconf 91' lang='lat' dir='ltr'>enim</span> <span class='ocrx_word' id='word_1_333' title='bbox 932 3210 1056 3279; x_wconf 83' lang='lat' dir='ltr'>solvere,</span> 
     </span>
     <span class='ocr_line' id='line_1_36' title="bbox 4 3283 1057 3369; baseline 0 -21"><span class='ocrx_word' id='word_1_334' title='bbox 4 3321 74 3361; x_wconf 73' lang='lat' dir='ltr'>ron</span> <span class='ocrx_word' id='word_1_335' title='bbox 99 3313 238 3365; x_wconf 81' lang='lat' dir='ltr'>serrare,</span> <span class='ocrx_word' id='word_1_336' title='bbox 265 3311 326 3349; x_wconf 92' lang='lat' dir='ltr'>non</span> <span class='ocrx_word' id='word_1_337' title='bbox 338 3292 450 3364; x_wconf 83' lang='lat' dir='ltr'>fucere3</span> <span class='ocrx_word' id='word_1_338' title='bbox 476 3300 505 3347; x_wconf 91' lang='lat' dir='ltr'>et</span> <span class='ocrx_word' id='word_1_339' title='bbox 516 3293 600 3348; x_wconf 88' lang='lat' dir='ltr'>iilum</span> <span class='ocrx_word' id='word_1_340' title='bbox 612 3296 663 3369; x_wconf 91' lang='lat' dir='ltr'>qui</span> <span class='ocrx_word' id='word_1_341' title='bbox 674 3283 757 3363; x_wconf 74' lang='lat' dir='ltr'>fucit,</span> <span class='ocrx_word' id='word_1_342' title='bbox 783 3302 813 3348; x_wconf 92' lang='lat' dir='ltr'>et</span> <span class='ocrx_word' id='word_1_343' title='bbox 826 3294 869 3348; x_wconf 86' lang='lat' dir='ltr'>sic</span> <span class='ocrx_word' id='word_1_344' title='bbox 884 3292 979 3348; x_wconf 88' lang='lat' dir='ltr'>docet:</span> <span class='ocrx_word' id='word_1_345' title='bbox 1006 3289 1057 3348; x_wconf 86' lang='lat' dir='ltr'>sed</span> 
     </span>
    </p>
   </div>
   <div class='ocr_carea' id='block_1_8' title="bbox 17 3373 1153 3452">
    <p class='ocr_par' dir='ltr' id='par_1_8' title="bbox 17 3373 1153 3452">
     <span class='ocr_line' id='line_1_37' title="bbox 17 3373 1153 3452; baseline -0.004 -18"><span class='ocrx_word' id='word_1_346' title='bbox 17 3397 112 3442; x_wconf 78' lang='lat' dir='ltr'>tum</span> <span class='ocrx_word' id='word_1_347' title='bbox 132 3379 301 3448; x_wconf 79' lang='lat' dir='ltr'>minimum,</span> <span class='ocrx_word' id='word_1_348' title='bbox 325 3376 409 3432; x_wconf 88' lang='lat' dir='ltr'>iilum</span> <span class='ocrx_word' id='word_1_349' title='bbox 426 3393 572 3452; x_wconf 79' lang='lat' dir='ltr'>magnum.</span> <span class='ocrx_word' id='word_1_350' title='bbox 614 3375 654 3432; x_wconf 87' lang='lat' dir='ltr'>Et</span> <span class='ocrx_word' id='word_1_351' title='bbox 667 3373 806 3433; x_wconf 90' lang='lat' dir='ltr'>continuo</span> <span class='ocrx_word' id='word_1_352' title='bbox 820 3385 936 3432; x_wconf 89' lang='lat' dir='ltr'>secutus</span> <span class='ocrx_word' id='word_1_353' title='bbox 950 3373 1056 3431; x_wconf 67' lang='lat' dir='ltr'>adiun&#39;-</span> <span class='ocrx_word' id='word_1_354' title='bbox 1150 3405 1153 3414; x_wconf 48' lang='grc' dir='ltr'><em>ν</em></span> 
     </span>
    </p>
   </div>
   <div class='ocr_carea' id='block_1_9' title="bbox 0 3459 1131 3536">
    <p class='ocr_par' dir='ltr' id='par_1_9' title="bbox 0 3459 1131 3536">
     <span class='ocr_line' id='line_1_38' title="bbox 0 3459 1131 3536; baseline -0.014 -9"><span class='ocrx_word' id='word_1_355' title='bbox 0 3472 73 3536; x_wconf 87' lang='lat' dir='ltr'>it:</span> <span class='ocrx_word' id='word_1_356' title='bbox 108 3461 189 3520; x_wconf 88' lang='lat' dir='ltr'>Dico</span> <span class='ocrx_word' id='word_1_357' title='bbox 203 3459 385 3528; x_wconf 80' lang='lat' dir='ltr'>enimvobis,</span> <span class='ocrx_word' id='word_1_358' title='bbox 397 3460 469 3534; x_wconf 88' lang='lat' dir='ltr'>quia</span> <span class='ocrx_word' id='word_1_359' title='bbox 482 3461 542 3514; x_wconf 85' lang='lat' dir='ltr'>nisi</span> <span class='ocrx_word' id='word_1_360' title='bbox 553 3459 749 3517; x_wconf 80' lang='lat' dir='ltr'>abundaverit</span> <span class='ocrx_word' id='word_1_361' title='bbox 762 3460 880 3515; x_wconf 82' lang='lat' dir='ltr'>iustitio</span> <span class='ocrx_word' id='word_1_362' title='bbox 893 3468 994 3516; x_wconf 76' lang='lat' dir='ltr'>uestra</span> <span class='ocrx_word' id='word_1_363' title='bbox 1007 3475 1057 3514; x_wconf 84' lang='lat' dir='ltr'>cn·</span> <span class='ocrx_word' id='word_1_364' title='bbox 1128 3487 1131 3500; x_wconf 70' lang='grc'>«</span> 
     </span>
    </p>
   </div>
   <div class='ocr_carea' id='block_1_10' title="bbox 5 3540 1144 3615">
    <p class='ocr_par' dir='ltr' id='par_1_10' title="bbox 5 3540 1144 3615">
     <span class='ocr_line' id='line_1_39' title="bbox 5 3540 1144 3615; baseline -0.006 -11"><span class='ocrx_word' id='word_1_365' title='bbox 5 3572 67 3611; x_wconf 69' lang='lat' dir='ltr'>rer·</span> <span class='ocrx_word' id='word_1_366' title='bbox 85 3543 266 3604; x_wconf 81' lang='lat' dir='ltr'>Scribarum</span> <span class='ocrx_word' id='word_1_367' title='bbox 279 3551 309 3600; x_wconf 82' lang='lat' dir='ltr'>et</span> <span class='ocrx_word' id='word_1_368' title='bbox 322 3540 565 3611; x_wconf 75' lang='lat' dir='ltr'>Pharisaeorum,</span> <span class='ocrx_word' id='word_1_369' title='bbox 587 3542 618 3598; x_wconf 93' lang='lat' dir='ltr'>id</span> <span class='ocrx_word' id='word_1_370' title='bbox 631 3551 690 3612; x_wconf 84' lang='lat' dir='ltr'>cst,</span> <span class='ocrx_word' id='word_1_371' title='bbox 703 3560 788 3615; x_wconf 87' lang='lat' dir='ltr'>super</span> <span class='ocrx_word' id='word_1_372' title='bbox 801 3542 943 3597; x_wconf 83' lang='lat' dir='ltr'>iustitiam</span> <span class='ocrx_word' id='word_1_373' title='bbox 955 3559 1056 3597; x_wconf 88' lang='lat' dir='ltr'>corum</span> <span class='ocrx_word' id='word_1_374' title='bbox 1140 3565 1144 3578; x_wconf 80' lang='grc'><em>·</em></span> 
     </span>
    </p>
   </div>
   <div class='ocr_carea' id='block_1_11' title="bbox 3 3622 1106 3951">
    <p class='ocr_par' dir='ltr' id='par_1_11' title="bbox 1 3615 1106 3951">
     <span class='ocr_line' id='line_1_40' title="bbox 3 3622 1097 3702; baseline 0 -22"><span class='ocrx_word' id='word_1_375' title='bbox 3 3655 8 3680; x_wconf 76' lang='grc' dir='ltr'>ι</span> <span class='ocrx_word' id='word_1_376' title='bbox 22 3635 63 3692; x_wconf 76' lang='lat' dir='ltr'>ui</span> <span class='ocrx_word' id='word_1_377' title='bbox 94 3629 217 3684; x_wconf 83' lang='lat' dir='ltr'>solvunt</span> <span class='ocrx_word' id='word_1_378' title='bbox 236 3626 312 3702; x_wconf 92' lang='lat' dir='ltr'>quod</span> <span class='ocrx_word' id='word_1_379' title='bbox 329 3625 444 3680; x_wconf 88' lang='lat' dir='ltr'>docent.</span> <span class='ocrx_word' id='word_1_380' title='bbox 485 3622 655 3680; x_wconf 74' lang='lat' dir='ltr'>Deseritis</span> <span class='ocrx_word' id='word_1_381' title='bbox 669 3622 965 3680; x_wconf 82' lang='lat' dir='ltr'>enimetPharisueis</span> <span class='ocrx_word' id='word_1_382' title='bbox 984 3623 1056 3680; x_wconf 88' lang='lat' dir='ltr'>dicit</span> <span class='ocrx_word' id='word_1_383' title='bbox 1096 3693 1097 3702; x_wconf 9' lang='grc' dir='ltr'>ἵ</span> 
     </span>
     <span class='ocr_line' id='line_1_41' title="bbox 3 3706 1106 3784; baseline -0.004 -16"><span class='ocrx_word' id='word_1_384' title='bbox 3 3741 8 3758; x_wconf 64' lang='lat'>1</span> <span class='ocrx_word' id='word_1_385' title='bbox 37 3721 74 3773; x_wconf 85' lang='lat' dir='ltr'>io</span> <span class='ocrx_word' id='word_1_386' title='bbox 91 3714 174 3768; x_wconf 92' lang='lat' dir='ltr'>loco:</span> <span class='ocrx_word' id='word_1_387' title='bbox 204 3707 348 3778; x_wconf 77' lang='lat' dir='ltr'>Quoniam</span> <span class='ocrx_word' id='word_1_388' title='bbox 363 3710 481 3776; x_wconf 87' lang='lat' dir='ltr'>dicunt,</span> <span class='ocrx_word' id='word_1_389' title='bbox 507 3718 537 3764; x_wconf 82' lang='lat' dir='ltr'>et</span> <span class='ocrx_word' id='word_1_390' title='bbox 558 3726 613 3764; x_wconf 88' lang='lat' dir='ltr'>non</span> <span class='ocrx_word' id='word_1_391' title='bbox 628 3708 764 3778; x_wconf 86' lang='lat' dir='ltr'>fuciunt.</span> <span class='ocrx_word' id='word_1_392' title='bbox 803 3706 868 3764; x_wconf 88' lang='lat' dir='ltr'>Nisi</span> <span class='ocrx_word' id='word_1_393' title='bbox 882 3727 952 3784; x_wconf 82' lang='lat' dir='ltr'>ergo</span> <span class='ocrx_word' id='word_1_394' title='bbox 970 3726 1056 3783; x_wconf 85' lang='lat' dir='ltr'>super</span> <span class='ocrx_word' id='word_1_395' title='bbox 1105 3707 1106 3710; x_wconf 65' lang='grc'>’</span> 
     </span>
     <span class='ocr_line' id='line_1_42' title="bbox 7 3789 1056 3862; baseline -0.002 -13"><span class='ocrx_word' id='word_1_396' title='bbox 7 3822 10 3825; x_wconf 91' lang='grc'>·</span> <span class='ocrx_word' id='word_1_397' title='bbox 23 3818 66 3858; x_wconf 74' lang='lat' dir='ltr'>os</span> <span class='ocrx_word' id='word_1_398' title='bbox 86 3792 284 3850; x_wconf 75' lang='lat' dir='ltr'>abundaverit</span> <span class='ocrx_word' id='word_1_399' title='bbox 297 3792 407 3847; x_wconf 82' lang='lat' dir='ltr'>iustitia</span> <span class='ocrx_word' id='word_1_400' title='bbox 420 3799 535 3861; x_wconf 83' lang='lat' dir='ltr'>vestro,</span> <span class='ocrx_word' id='word_1_401' title='bbox 549 3789 651 3862; x_wconf 89' lang='lat' dir='ltr'>idest,</span> <span class='ocrx_word' id='word_1_402' title='bbox 664 3799 698 3846; x_wconf 90' lang='lat' dir='ltr'>ut</span> <span class='ocrx_word' id='word_1_403' title='bbox 711 3807 762 3846; x_wconf 85' lang='lat' dir='ltr'>vos</span> <span class='ocrx_word' id='word_1_404' title='bbox 775 3809 836 3846; x_wconf 93' lang='lat' dir='ltr'>non</span> <span class='ocrx_word' id='word_1_405' title='bbox 849 3793 985 3862; x_wconf 77' lang='lat' dir='ltr'>solvetis,</span> <span class='ocrx_word' id='word_1_406' title='bbox 1006 3790 1056 3848; x_wconf 88' lang='lat' dir='ltr'>scd</span> 
     </span>
     <span class='ocr_line' id='line_1_43' title="bbox 15 3873 1055 3951; baseline -0.01 -11"><span class='ocrx_word' id='word_1_407' title='bbox 15 3877 142 3940; x_wconf 74' lang='lat' dir='ltr'>aciatis</span> <span class='ocrx_word' id='word_1_408' title='bbox 155 3876 251 3951; x_wconf 90' lang='lat' dir='ltr'>potius</span> <span class='ocrx_word' id='word_1_409' title='bbox 264 3873 341 3951; x_wconf 91' lang='lat' dir='ltr'>quod</span> <span class='ocrx_word' id='word_1_410' title='bbox 353 3874 477 3932; x_wconf 87' lang='lat' dir='ltr'>docetis:</span> <span class='ocrx_word' id='word_1_411' title='bbox 502 3873 742 3945; x_wconf 74' lang='lat' dir='ltr'>montrabitis,</span> <span class='ocrx_word' id='word_1_412' title='bbox 756 3874 870 3950; x_wconf 87' lang='lat' dir='ltr'>inquit,</span> <span class='ocrx_word' id='word_1_413' title='bbox 892 3876 921 3931; x_wconf 88' lang='lat' dir='ltr'>in</span> <span class='ocrx_word' id='word_1_414' title='bbox 935 3893 1055 3951; x_wconf 82' lang='lat' dir='ltr'>regnum</span> 
     </span>
    </p>
   </div>
   <div class='ocr_carea' id='block_1_12' title="bbox 0 0 1166 4312">
    <p class='ocr_par' dir='ltr' id='par_1_12' title="bbox 0 0 1166 4312">
     <span class='ocr_line' id='line_1_44' title="bbox 0 0 1166 4312; baseline 0 0"><span class='ocrx_word' id='word_1_415' title='bbox 0 0 1166 4312; x_wconf 95' lang='lat' dir='ltr'> </span> 
     </span>
    </p>
   </div>
  </div>
 </body>
</html>
