2340 4320
114 197 173 252 104
339 186 437 250 DlVl
457 183 643 246 AVRELll
663 183 918 248 AVGVSTJNI
959 239 963 246 Α

31 347 34 356 ’
111 321 242 422 putanda
256 350 341 412 sunt3
368 341 401 396 in
418 340 509 395 tertio
528 346 626 394 eutem
645 325 681 393 de
701 335 836 411 hisquae
851 337 940 395 stulti
959 339 1024 394 sela
1038 333 1147 412 p‘erpeti

16 493 17 500 ἵ
113 425 286 496 exhorrent,
309 422 591 496 corporis'videlicet
604 421 850 494 externarumque
867 439 976 490 rerum,
999 439 1078 496 quae
1090 423 1145 494 ple-

113 527 237 582 rumque
250 509 404 580 patiuntur
419 514 449 560 et
462 505 543 560 boni.
573 499 626 558 Ilia
643 519 715 558 vero
735 504 811 559 mala
829 521 891 560 non
909 502 977 559 dieo
991 505 1144 576 patienter,

113 592 163 648 sed
177 593 303 646 libenter
315 587 435 659 habent,
449 587 555 663 quibus
569 587 626 658 ipsi
639 585 715 641 fiunt
727 586 805 640 mali.
823 584 864 640 Et
877 604 965 660 quam
978 605 1077 659 pauca
1090 587 1145 642 dixi

110 673 148 734 ,de
162 676 224 728 sola
242 675 293 727 illa
307 673 426 728 civitate
440 671 528 744 atque
543 670 607 725 eius
620 664 764 742 imperial
785 686 847 730 ‚nee
859 668 929 724 inde
944 671 1046 725 carnia
1060 689 1144 744 usque
1156 711 1164 740 J

112 756 149 812 ad
177 755 333 812 Caesarem
352 754 529 830 Augustum.
567 751 654 816 Quod
678 753 706 806 si
725 769 952 806 commemorare
977 755 1164 826 voluissem,-

113 849 144 894 et
157 839 341 916 exaggerare
354 837 403 892 illa
413 838 499 906 mala,
514 851 589 909 quac
600 852 661 889 non
674 835 749 890 sibi'
741 835 869 890 invicem
878 832 1015 890 homines
1028 836 1143 906 faciunt,

114 924 193 977 sieut
207 930 277 976 sunt
288 920 470 975 vastationes
486 914 714 990 eversionesque
727 917 915 988 bellantium,
938 917 990 972 sed
1008 921 1143 990 exipsius
1158 963 1161 978 ,

66 1026 68 1030 ·
113 1002 217 1060 usundi
231 1003 383 1057 elementis
397 1001 523 1056 terrenis
537 995 795 1055 acciduntrebusi
823 1017 898 1073 quae
912 1018 973 1055 uno
990 1003 1060 1056 leco
1073 1001 1143 1074 Apu
1160 1057 1161 1060 ,

31 1121 35 1124 -
113 1087 189 1142 leius
204 1085 333 1140 breviter
347 1085 470 1161 stringit
482 1084 514 1138 in
529 1101 564 1138 co
577 1083 652 1138 libro
667 1100 754 1157 quem
767 1079 803 1136 de
815 1081 924 1137 Mundo
940 1084 1074 1156 scripsit,
1092 1094 1143 1138 ter·

113 1173 187 1223 rena
201 1169 298 1222 arania
317 1166 419 1222 dicens
437 1167 632 1235 mutationes,
660 1165 870 1220 conversiones
895 1173 984 1238 atque
1012 1167 1144 1221 interitus

113 1248 231 1308 habere.
265 1249 399 1322 Namque
424 1248 586 1304 immodicis
614 1248 790 1303 tremoribus
817 1256 975 1318 terrerum,
1003 1257 1039 1304 ut
1055 1249 1144 1304 verbis

27 1385 30 1393 ,
116 1327 272 1402 eius'utar,
287 1332 451 1406 dissiluisse
463 1329 592 1402 humum,
609 1340 639 1386 et
651 1332 830 1404 interceptas
844 1331 932 1386 urbes
947 1348 1015 1388 eum
1029 1332 1144 1405 populis,

117 1415 203 1471 dicit:
223 1415 355 1488 abruptis
367 1415 458 1478 ¹etiam
471 1414 612 1469 imbribus
626 1415 756 1486 prolutas
770 1421 847 1468 totas
861 1431 927 1468 esse
939 1415 1097 1490 regiones:
1116 1415 1145 1468 il·

117 1499 167 1556 las
176 1499 264 1553 etiam
278 1516 352 1572 quae
365 1498 448 1570 prius
462 1496 582 1552 fuerant
596 1497 794 1566 continentes,
818 1493 983 1570 hospitibus
996 1506 1089 1571 ‘atque
1103 1495 1145 1551 ad·

51 1577 52 1580 ’
115 1581 200 1638 venis
214 1579 352 1636 fluctibus
368 1581 523 1649 insulatas,
537 1581 667 1653 aliasque
682 1577 793 1632 desidia
806 1581 895 1633 maris
909 1578 1043 1650 pedestri
1056 1597 1146 1636 acees-

117 1683 151 1720 su
165 1665 281 1738 pervias
295 1665 404 1735 factas:
418 1663 516 1718 ventis
531 1681 564 1717 ae
577 1662 714 1736 procellis
729 1679 846 1718 eversas
861 1665 927 1716 esse
942 1663 1095 1719 civitates:
1108 1665 1147 1717 in-

117 1747 224 1802 ‘eendia
238 1745 273 1801 de
287 1747 413 1802 nubibus
437 1747 589 1815 emicasse,
613 1745 718 1818 quibus
733 1743 865 1799 Orientis
887 1745 1030 1822 regiones
1046 1744 1147 1800 cenlla-

118 1839 221 1907 gratoe
235 1831 404 1902 perierunt3
422 1838 452 1883 et
465 1829 496 1882 in
508 1826 679 1883 Occidentis
693 1829 787 1904 plagis
802 1829 1002 1904 scaturigines
1018 1828 1148 1902 quasdam

52 1969 55 1972 ,
117 1931 152 1969 ae
165 1915 356 1986 proluviones
372 1910 490 1966 easdem
504 1913 619 1986 strages
634 1909 758 1965 dedisse.
791 1908 841 1966 Sic
856 1927 894 1964 ex
907 1911 1023 1966 Aetnae
1037 1911 1146 1967 vertici-

117 1995 171 2051 bus
186 1994 333 2069 quendam
347 1991 448 2048 effusis
463 1993 651 2062 crateribus,
671 1992 772 2048 divino
784 1992 931 2064 'incendio
951 2011 1006 2065 per
1021 1993 1147 2062 declivis,

118 2077 261 2132 torrentis
276 2078 342 2132 vice
355 2075 538 2131 flammarum
551 2073 673 2130 flumina
687 2077 848 2131 cueurisse.
867 2074 900 2131 si
913 2073 987 2131 haee
999 2087 1090 2151 atque
1102 2075 1148 2131 hu-

118 2158 256 2229 iusmodi,
271 2175 346 2232 quae
357 2157 444 2232 habet
454 2156 589 2228 historia,
604 2157 682 2214 unde
693 2176 821 2231 possem,
835 2159 976 2235 colligere
985 2162 1148 2228 voluissem,

119 2240 236 2315 quando
255 2240 388 2295 finissem
407 2258 482 2314 quae
501 2241 560 2296 illis
586 2241 767 2314 temporibus
791 2245 974 2311 evenerunt,
998 2252 1150 2316 antequam

119 2321 229 2380 Christi
243 2341 351 2378 nomen
365 2325 415 2378 illa
428 2325 554 2378 istorum
568 2342 643 2380 vona
655 2334 685 2379 et
694 2301 786 2380 verad
795 2325 883 2380 saluti
896 2325 1068 2396 perniciosa
1080 2343 1148 2380 eom·

119 2401 278 2492 primeretl
304 2404 518 2476 Promiseram,
537 2426 584 2463 me
603 2408 692 2462 etiam
705 2406 991 2478 demonstraturum,
1020 2423 1093 2482 ques
1106 2425 1149 2462 ec·

102 2549 103 2552 ,
119 2506 187 2545 rum
199 2505 313 2558 mores,
340 2498 370 2543 et
384 2506 471 2562 quam
485 2488 521 2543 ob
535 2507 655 2544 eausam
668 2488 750 2545 Deus
765 2508 854 2544 verus
868 2487 904 2543 ad
918 2490 1111 2566 augendum
1104 2509 1149 2546 rnr-

118 2571 234 2645 perium
251 2569 391 2626 adiuvare
412 2571 552 2648 dignatus
573 2581 635 2641 est,
663 2573 695 2627 in
716 2574 799 2628 cuius
819 2580 967 2664 potestate
982 2583 1055 2628 sunt
1068 2589 1151 2650 regna

120 2654 234 2724 onmia3
261 2669 408 2728 quartique
416 2652 494 2709 nihil
514 2672 564 2708 eos
578 2653 748 2710 adiuverint
760 2653 791 2708 hi
804 2643 878 2728 quies
893 2653 963 2710 deos
978 2666 1101 2728 putant,
1127 2665 1151 2709 ct

118 2736 217 2812 potius
238 2746 381 2809 quantum
401 2735 573 2810 decipiendo
594 2747 623 2792 et
641 2736 768 2792 fallendo
784 2738 957 2792 nocuerint·
985 2738 1066 2808 unde
1080 2755 1150 2793 nunc

17 2891 21 2896 ἢ
118 2816 190 2876 milri
202 2817 288 2874 video
303 2837 368 2873 esse
382 2818 549 2890 dicendum,
563 2829 593 2876 et
605 2821 699 2896 magis
714 2818 749 2875 de
763 2821 978 2875 incrementis
970 2819 1149 2894 tmperiiRo·

117 2903 206 2958 mani.
232 2899 307 2957 Nam
321 2901 357 2956 dc
370 2903 461 2962 noxia
474 2901 590 2958 fallacia
604 2901 789 2972 daemonum,
808 2904 978 2976 quos'velut
991 2903 1065 2959 dees
1079 2906 1150 2960 cele-

115 2979 200 3053 bant,
215 2993 357 3058 quantum
370 2986 514 3040 trraloruur
528 2987 677 3040 invexerit
690 2985 820 3040 moribus
835 3000 954 3060 corum,
978 2986 1010 3040 in
1025 2985 1150 3056 seeundo

118 3068 244 3122 maxime
259 3067 333 3121 libro
347 3085 408 3122 nen
421 3086 515 3141 pauca
527 3069 586 3123 iam
599 3067 677 3124 dieta
692 3077 771 3124 sunt.
803 3067 861 3123 Per
875 3085 977 3123 ornnes
991 3079 1090 3124 autem
1106 3069 1150 3124 ab·

81 3159 94 3186 a
119 3151 229 3216 solutos
245 3158 305 3203 tres
317 3150 418 3219 libroS,
433 3151 481 3205 ubi
496 3160 692 3223 opportunum
702 3151 864 3221 visumest,
887 3151 1151 3208 commendavimus

42 3277 45 3282 .
120 3234 208 3286 etiam
221 3233 252 3286 in
267 3233 338 3304 ipsis
352 3232 464 3288 bellicis
479 3235 562 3288 malis
577 3244 718 3308 quantum
730 3235 904 3290 solatiorum
914 3231 996 3288 Deus
1008 3251 1062 3306 per
1072 3233 1150 3292 Clrri-

24 3317 26 3320 ’
40 3335 43 3339 ·
119 3317 158 3370 sti
171 3333 295 3384 nomen,
323 3315 370 3370 eui
383 3325 498 3372 tantum
511 3315 631 3372 honoris
645 3316 767 3372 Barbari
780 3317 950 3372 detulerunt
963 3327 1083 3390 praeter
1095 3318 1151 3373 bel·

118 3399 215 3452 lerum
227 3416 354 3468 morem,
381 3398 466 3453 bonis
480 3401 624 3474 malisque
637 3401 809 3470 contulerit,
823 3387 979 3474 quomodo,
1007 3418 1059 3475 qus
1053 3401 1152 3470 facit

16 3510 21 3522 ι
120 3480 207 3535 solem
221 3497 304 3536 saum
318 3483 396 3538 eriri
408 3497 499 3558 super
512 3482 599 3538 bones
614 3484 760 3554 ctesicles,
780 3493 810 3542 ct
816 3481 900 3560 pluis
913 3497 1004 3558 saper
1019 3485 1114 3540 iustos
1126 3489 1151 3538 a

120 3562 255 3619 mmmm
