<?xml version="1.0" encoding="UTF-8"?>
<!DOCTYPE html PUBLIC "-//W3C//DTD XHTML 1.0 Transitional//EN"
    "http://www.w3.org/TR/xhtml1/DTD/xhtml1-transitional.dtd">
<html xmlns="http://www.w3.org/1999/xhtml" xml:lang="en" lang="en">
 <head>
  <title>
</title>
<meta http-equiv="Content-Type" content="text/html;charset=utf-8" />
  <meta name='ocr-system' content='tesseract 3.04.00' />
  <meta name='ocr-capabilities' content='ocr_page ocr_carea ocr_par ocr_line ocrx_word'/>
</head>
<body>
  <div class='ocr_page' id='page_1' title='image "./saureliiaugusti00augugoog_0292.png"; bbox 0 0 2362 4320; ppageno 0'>
   <div class='ocr_carea' id='block_1_1' title="bbox 140 185 952 422">
    <p class='ocr_par' dir='ltr' id='par_1_1' title="bbox 140 185 952 422">
     <span class='ocr_line' id='line_1_1' title="bbox 140 185 952 280; baseline -0.011 -2"><span class='ocrx_word' id='word_1_1' title='bbox 140 185 204 278; x_wconf 74' lang='lat' dir='ltr'>aco</span> <span class='ocrx_word' id='word_1_2' title='bbox 318 273 323 278; x_wconf 85' lang='grc'><em>,</em></span> <span class='ocrx_word' id='word_1_3' title='bbox 353 213 453 273; x_wconf 84' lang='lat' dir='ltr'>orvr</span> <span class='ocrx_word' id='word_1_4' title='bbox 479 213 667 274; x_wconf 79' lang='lat' dir='ltr'>svuuru</span> <span class='ocrx_word' id='word_1_5' title='bbox 693 211 952 280; x_wconf 57' lang='lat' dir='ltr'>sv‘cusmur</span> 
     </span>
     <span class='ocr_line' id='line_1_2' title="bbox 520 352 902 422; baseline -0.01 0"><span class='ocrx_word' id='word_1_6' title='bbox 520 365 644 422; x_wconf 76' lang='lat' dir='ltr'>cir.</span> <span class='ocrx_word' id='word_1_7' title='bbox 686 361 800 421; x_wconf 81' lang='lat' dir='ltr'>xxr.</span> <span class='ocrx_word' id='word_1_8' title='bbox 898 352 902 356; x_wconf 74' lang='grc'><strong>’</strong></span> 
     </span>
    </p>
   </div>
   <div class='ocr_carea' id='block_1_2' title="bbox 140 449 1163 664">
    <p class='ocr_par' dir='ltr' id='par_1_2' title="bbox 140 449 1163 664">
     <span class='ocr_line' id='line_1_3' title="bbox 140 449 1163 529; baseline -0.007 -13"><span class='ocrx_word' id='word_1_9' title='bbox 140 462 185 517; x_wconf 81' lang='lat' dir='ltr'>De</span> <span class='ocrx_word' id='word_1_10' title='bbox 195 464 270 515; x_wconf 78' lang='lat' dir='ltr'>ruodo</span> <span class='ocrx_word' id='word_1_11' title='bbox 288 459 433 529; x_wconf 73' lang='lat' dir='ltr'>potestatis</span> <span class='ocrx_word' id='word_1_12' title='bbox 452 460 623 511; x_wconf 75' lang='lat' dir='ltr'>daernooibus</span> <span class='ocrx_word' id='word_1_13' title='bbox 633 461 713 511; x_wconf 84' lang='lat' dir='ltr'>datae</span> <span class='ocrx_word' id='word_1_14' title='bbox 724 460 760 509; x_wconf 82' lang='lat' dir='ltr'>ad</span> <span class='ocrx_word' id='word_1_15' title='bbox 766 449 961 529; x_wconf 74' lang='lat' dir='ltr'>glorificandos</span> <span class='ocrx_word' id='word_1_16' title='bbox 971 467 1075 510; x_wconf 83' lang='lat' dir='ltr'>sanctos</span> <span class='ocrx_word' id='word_1_17' title='bbox 1082 475 1125 525; x_wconf 82' lang='lat' dir='ltr'>per</span> <span class='ocrx_word' id='word_1_18' title='bbox 1133 467 1163 510; x_wconf 74' lang='lat' dir='ltr'>to</span> 
     </span>
     <span class='ocr_line' id='line_1_4' title="bbox 186 525 1131 599; baseline -0.007 -14"><span class='ocrx_word' id='word_1_19' title='bbox 186 530 332 590; x_wconf 80' lang='lat' dir='ltr'>lercntiam</span> <span class='ocrx_word' id='word_1_20' title='bbox 338 530 504 599; x_wconf 81' lang='lat' dir='ltr'>passionum,</span> <span class='ocrx_word' id='word_1_21' title='bbox 523 528 570 596; x_wconf 83' lang='lat' dir='ltr'>qni</span> <span class='ocrx_word' id='word_1_22' title='bbox 580 525 668 580; x_wconf 71' lang='lat' dir='ltr'>utrici</span> <span class='ocrx_word' id='word_1_23' title='bbox 678 528 793 594; x_wconf 73' lang='lat' dir='ltr'>spiritus</span> <span class='ocrx_word' id='word_1_24' title='bbox 803 547 855 580; x_wconf 83' lang='lat' dir='ltr'>noo</span> <span class='ocrx_word' id='word_1_25' title='bbox 864 530 997 595; x_wconf 80' lang='lat' dir='ltr'>placando</span> <span class='ocrx_word' id='word_1_26' title='bbox 1006 528 1083 594; x_wconf 81' lang='lat' dir='ltr'>ipsos,</span> <span class='ocrx_word' id='word_1_27' title='bbox 1093 529 1131 578; x_wconf 78' lang='lat' dir='ltr'>rell</span> 
     </span>
     <span class='ocr_line' id='line_1_5' title="bbox 447 595 875 664; baseline 0 -16"><span class='ocrx_word' id='word_1_28' title='bbox 447 597 477 649; x_wconf 83' lang='lat' dir='ltr'>in</span> <span class='ocrx_word' id='word_1_29' title='bbox 486 595 545 648; x_wconf 86' lang='lat' dir='ltr'>Deo</span> <span class='ocrx_word' id='word_1_30' title='bbox 552 598 733 664; x_wconf 82' lang='lat' dir='ltr'>permanendo</span> <span class='ocrx_word' id='word_1_31' title='bbox 743 597 875 648; x_wconf 78' lang='lat' dir='ltr'>vicerunt.</span> 
     </span>
    </p>
   </div>
   <div class='ocr_carea' id='block_1_3' title="bbox 82 702 1181 2846">
    <p class='ocr_par' dir='ltr' id='par_1_3' title="bbox 82 702 1181 2846">
     <span class='ocr_line' id='line_1_6' title="bbox 162 702 1179 776; baseline -0.011 -13"><span class='ocrx_word' id='word_1_32' title='bbox 162 737 177 746; x_wconf 36' lang='lat'>¹-</span> <span class='ocrx_word' id='word_1_33' title='bbox 207 705 366 763; x_wconf 87' lang='lat' dir='ltr'>Moderatio</span> <span class='ocrx_word' id='word_1_34' title='bbox 381 711 476 759; x_wconf 87' lang='lat' dir='ltr'>autem</span> <span class='ocrx_word' id='word_1_35' title='bbox 491 702 713 776; x_wconf 82' lang='lat' dir='ltr'>praefinitisque</span> <span class='ocrx_word' id='word_1_36' title='bbox 728 702 924 775; x_wconf 79' lang='lat' dir='ltr'>temporibus,</span> <span class='ocrx_word' id='word_1_37' title='bbox 951 705 1041 758; x_wconf 86' lang='lat' dir='ltr'>etiam</span> <span class='ocrx_word' id='word_1_38' title='bbox 1054 712 1179 776; x_wconf 79' lang='lat' dir='ltr'>potestas</span> 
     </span>
     <span class='ocr_line' id='line_1_7' title="bbox 141 784 1177 865; baseline -0.007 -21"><span class='ocrx_word' id='word_1_39' title='bbox 141 791 283 865; x_wconf 87' lang='lat' dir='ltr'>permissa</span> <span class='ocrx_word' id='word_1_40' title='bbox 300 787 504 854; x_wconf 86' lang='lat' dir='ltr'>daemonibus,</span> <span class='ocrx_word' id='word_1_41' title='bbox 530 795 562 840; x_wconf 90' lang='lat' dir='ltr'>ut</span> <span class='ocrx_word' id='word_1_42' title='bbox 580 784 755 842; x_wconf 88' lang='lat' dir='ltr'>hominibus.</span> <span class='ocrx_word' id='word_1_43' title='bbox 771 802 843 857; x_wconf 92' lang='lat' dir='ltr'>quos</span> <span class='ocrx_word' id='word_1_44' title='bbox 867 785 1020 857; x_wconf 86' lang='lat' dir='ltr'>possident</span> <span class='ocrx_word' id='word_1_45' title='bbox 1039 787 1177 848; x_wconf 64' lang='lat' dir='ltr'>excitatis,</span> 
     </span>
     <span class='ocr_line' id='line_1_8' title="bbox 142 865 1177 941; baseline -0.008 -13"><span class='ocrx_word' id='word_1_46' title='bbox 142 873 313 928; x_wconf 77' lang='lat' dir='ltr'><strong>inimicitias</strong></span> <span class='ocrx_word' id='word_1_47' title='bbox 328 869 468 925; x_wconf 82' lang='lat' dir='ltr'>adversus</span> <span class='ocrx_word' id='word_1_48' title='bbox 482 865 540 924; x_wconf 88' lang='lat' dir='ltr'>Dei</span> <span class='ocrx_word' id='word_1_49' title='bbox 551 868 706 924; x_wconf 80' lang='lat' dir='ltr'><strong>Civitatem</strong></span> <span class='ocrx_word' id='word_1_50' title='bbox 719 869 874 941; x_wconf 89' lang='lat' dir='ltr'>tyrannice</span> <span class='ocrx_word' id='word_1_51' title='bbox 888 876 1058 936; x_wconf 77' lang='lat' dir='ltr'>exerceant,</span> <span class='ocrx_word' id='word_1_52' title='bbox 1072 868 1177 940; x_wconf 80' lang='lat' dir='ltr'>silique</span> 
     </span>
     <span class='ocr_line' id='line_1_9' title="bbox 142 949 1178 1024; baseline -0.007 -15"><span class='ocrx_word' id='word_1_53' title='bbox 142 952 289 1009; x_wconf 86' lang='lat' dir='ltr'>sacrificia</span> <span class='ocrx_word' id='word_1_54' title='bbox 302 971 361 1024; x_wconf 74' lang='lat' dir='ltr'>noo</span> <span class='ocrx_word' id='word_1_55' title='bbox 376 952 471 1012; x_wconf 88' lang='lat' dir='ltr'>solum</span> <span class='ocrx_word' id='word_1_56' title='bbox 485 951 520 1014; x_wconf 85' lang='lat' dir='ltr'>ab</span> <span class='ocrx_word' id='word_1_57' title='bbox 535 949 725 1006; x_wconf 84' lang='lat' dir='ltr'>offerentibus</span> <span class='ocrx_word' id='word_1_58' title='bbox 737 958 863 1020; x_wconf 83' lang='lat' dir='ltr'>sumant,</span> <span class='ocrx_word' id='word_1_59' title='bbox 879 959 908 1004; x_wconf 94' lang='lat' dir='ltr'>ct</span> <span class='ocrx_word' id='word_1_60' title='bbox 921 968 938 1005; x_wconf 90' lang='lat' dir='ltr'>a</span> <span class='ocrx_word' id='word_1_61' title='bbox 951 950 1113 1005; x_wconf 81' lang='lat' dir='ltr'>volentibus</span> <span class='ocrx_word' id='word_1_62' title='bbox 1125 966 1178 1003; x_wconf 82' lang='lat' dir='ltr'>er-</span> 
     </span>
     <span class='ocr_line' id='line_1_10' title="bbox 142 1025 1179 1109; baseline -0.005 -19"><span class='ocrx_word' id='word_1_63' title='bbox 142 1045 256 1109; x_wconf 77' lang='lat' dir='ltr'>petant,</span> <span class='ocrx_word' id='word_1_64' title='bbox 281 1052 383 1090; x_wconf 86' lang='lat' dir='ltr'>verum</span> <span class='ocrx_word' id='word_1_65' title='bbox 405 1035 493 1089; x_wconf 90' lang='lat' dir='ltr'>etiam</span> <span class='ocrx_word' id='word_1_66' title='bbox 515 1032 549 1088; x_wconf 81' lang='lat' dir='ltr'>alr</span> <span class='ocrx_word' id='word_1_67' title='bbox 572 1032 672 1088; x_wconf 88' lang='lat' dir='ltr'>invitis</span> <span class='ocrx_word' id='word_1_68' title='bbox 691 1031 896 1105; x_wconf 74' lang='lat' dir='ltr'>‘persequendo</span> <span class='ocrx_word' id='word_1_69' title='bbox 916 1025 1064 1090; x_wconf 80' lang='lat' dir='ltr'>violenter</span> <span class='ocrx_word' id='word_1_70' title='bbox 1084 1042 1179 1087; x_wconf 52' lang='lat' dir='ltr'>extor‘</span> 
     </span>
     <span class='ocr_line' id='line_1_11' title="bbox 143 1112 1180 1191; baseline -0.005 -19"><span class='ocrx_word' id='word_1_71' title='bbox 143 1126 262 1191; x_wconf 81' lang='lat' dir='ltr'>queant,</span> <span class='ocrx_word' id='word_1_72' title='bbox 277 1135 338 1172; x_wconf 90' lang='lat' dir='ltr'>non</span> <span class='ocrx_word' id='word_1_73' title='bbox 352 1117 620 1187; x_wconf 82' lang='lat' dir='ltr'>solumperuiciose</span> <span class='ocrx_word' id='word_1_74' title='bbox 633 1122 757 1184; x_wconf 87' lang='lat' dir='ltr'>nonest,</span> <span class='ocrx_word' id='word_1_75' title='bbox 772 1112 822 1167; x_wconf 82' lang='lat' dir='ltr'>sed</span> <span class='ocrx_word' id='word_1_76' title='bbox 836 1116 925 1170; x_wconf 87' lang='lat' dir='ltr'>etiam</span> <span class='ocrx_word' id='word_1_77' title='bbox 938 1112 1023 1171; x_wconf 85' lang='lat' dir='ltr'>utilis</span> <span class='ocrx_word' id='word_1_78' title='bbox 1037 1116 1180 1170; x_wconf 88' lang='lat' dir='ltr'>iuvenitur</span> 
     </span>
     <span class='ocr_line' id='line_1_12' title="bbox 141 1193 1178 1272; baseline -0.008 -16"><span class='ocrx_word' id='word_1_79' title='bbox 141 1199 319 1268; x_wconf 73' lang='lat' dir='ltr'>Ecclesiae,</span> <span class='ocrx_word' id='word_1_80' title='bbox 333 1208 366 1253; x_wconf 91' lang='lat' dir='ltr'>ut</span> <span class='ocrx_word' id='word_1_81' title='bbox 378 1197 541 1272; x_wconf 84' lang='lat' dir='ltr'>Martyrum</span> <span class='ocrx_word' id='word_1_82' title='bbox 560 1215 700 1252; x_wconf 90' lang='lat' dir='ltr'>numerus</span> <span class='ocrx_word' id='word_1_83' title='bbox 718 1197 887 1268; x_wconf 85' lang='lat' dir='ltr'>impleatur:</span> <span class='ocrx_word' id='word_1_84' title='bbox 914 1215 986 1272; x_wconf 85' lang='lat' dir='ltr'>quos</span> <span class='ocrx_word' id='word_1_85' title='bbox 1002 1197 1110 1253; x_wconf 85' lang='lat' dir='ltr'>Civitas</span> <span class='ocrx_word' id='word_1_86' title='bbox 1122 1193 1178 1252; x_wconf 73' lang='lat' dir='ltr'>lici</span> 
     </span>
     <span class='ocr_line' id='line_1_13' title="bbox 88 1276 1179 1354; baseline -0.005 -17"><span class='ocrx_word' id='word_1_87' title='bbox 88 1277 91 1300; x_wconf 67' lang='grc'><strong>“</strong></span> <span class='ocrx_word' id='word_1_88' title='bbox 141 1290 226 1337; x_wconf 86' lang='lat' dir='ltr'>tanto</span> <span class='ocrx_word' id='word_1_89' title='bbox 240 1283 379 1337; x_wconf 87' lang='lat' dir='ltr'>clariores</span> <span class='ocrx_word' id='word_1_90' title='bbox 394 1288 425 1334; x_wconf 88' lang='lat' dir='ltr'>et</span> <span class='ocrx_word' id='word_1_91' title='bbox 437 1278 639 1336; x_wconf 77' lang='lat' dir='ltr'>honoratiores</span> <span class='ocrx_word' id='word_1_92' title='bbox 660 1281 738 1335; x_wconf 84' lang='lat' dir='ltr'>cives</span> <span class='ocrx_word' id='word_1_93' title='bbox 758 1276 860 1349; x_wconf 83' lang='lat' dir='ltr'>habet,</span> <span class='ocrx_word' id='word_1_94' title='bbox 884 1289 994 1354; x_wconf 90' lang='lat' dir='ltr'>quanto</span> <span class='ocrx_word' id='word_1_95' title='bbox 1009 1280 1113 1336; x_wconf 80' lang='lat' dir='ltr'>lortius</span> <span class='ocrx_word' id='word_1_96' title='bbox 1128 1277 1179 1333; x_wconf 81' lang='lat' dir='ltr'>ad-</span> 
     </span>
     <span class='ocr_line' id='line_1_14' title="bbox 142 1361 1179 1438; baseline -0.006 -18"><span class='ocrx_word' id='word_1_97' title='bbox 142 1383 246 1421; x_wconf 77' lang='lat' dir='ltr'>versus</span> <span class='ocrx_word' id='word_1_98' title='bbox 261 1364 418 1437; x_wconf 86' lang='lat' dir='ltr'>impictatis</span> <span class='ocrx_word' id='word_1_99' title='bbox 434 1371 584 1435; x_wconf 86' lang='lat' dir='ltr'>peccatum</span> <span class='ocrx_word' id='word_1_100' title='bbox 598 1363 687 1428; x_wconf 88' lang='lat' dir='ltr'>etiam</span> <span class='ocrx_word' id='word_1_101' title='bbox 706 1377 800 1435; x_wconf 84' lang='lat' dir='ltr'>usquc</span> <span class='ocrx_word' id='word_1_102' title='bbox 819 1361 855 1415; x_wconf 87' lang='lat' dir='ltr'>ad</span> <span class='ocrx_word' id='word_1_103' title='bbox 868 1361 1047 1438; x_wconf 84' lang='lat' dir='ltr'>sanguinem</span> <span class='ocrx_word' id='word_1_104' title='bbox 1061 1371 1179 1417; x_wconf 85' lang='lat' dir='ltr'>certent.</span> 
     </span>
     <span class='ocr_line' id='line_1_15' title="bbox 143 1443 1179 1522; baseline -0.005 -20"><span class='ocrx_word' id='word_1_105' title='bbox 143 1445 208 1502; x_wconf 87' lang='lat' dir='ltr'>Hos</span> <span class='ocrx_word' id='word_1_106' title='bbox 223 1448 312 1502; x_wconf 92' lang='lat' dir='ltr'>multo</span> <span class='ocrx_word' id='word_1_107' title='bbox 328 1447 506 1522; x_wconf 81' lang='lat' dir='ltr'>elegantius,</span> <span class='ocrx_word' id='word_1_108' title='bbox 532 1447 558 1500; x_wconf 89' lang='lat' dir='ltr'>si</span> <span class='ocrx_word' id='word_1_109' title='bbox 572 1443 772 1500; x_wconf 85' lang='lat' dir='ltr'>ecclesiastica</span> <span class='ocrx_word' id='word_1_110' title='bbox 784 1444 925 1518; x_wconf 88' lang='lat' dir='ltr'>loquendi</span> <span class='ocrx_word' id='word_1_111' title='bbox 939 1445 1118 1500; x_wconf 87' lang='lat' dir='ltr'>consuetudo</span> <span class='ocrx_word' id='word_1_112' title='bbox 1129 1461 1179 1518; x_wconf 82' lang='lat' dir='ltr'>pa-</span> 
     </span>
     <span class='ocr_line' id='line_1_16' title="bbox 143 1524 1178 1600; baseline -0.008 -15"><span class='ocrx_word' id='word_1_113' title='bbox 143 1539 266 1600; x_wconf 86' lang='lat' dir='ltr'>teretur,</span> <span class='ocrx_word' id='word_1_114' title='bbox 291 1538 407 1596; x_wconf 79' lang='lat' dir='ltr'>nostros</span> <span class='ocrx_word' id='word_1_115' title='bbox 422 1526 525 1582; x_wconf 89' lang='lat' dir='ltr'>heroas</span> <span class='ocrx_word' id='word_1_116' title='bbox 539 1545 720 1583; x_wconf 85' lang='lat' dir='ltr'>vocaremus.</span> <span class='ocrx_word' id='word_1_117' title='bbox 748 1524 813 1582; x_wconf 88' lang='lat' dir='ltr'>Hoc</span> <span class='ocrx_word' id='word_1_118' title='bbox 828 1527 907 1581; x_wconf 85' lang='lat' dir='ltr'>e‘uim</span> <span class='ocrx_word' id='word_1_119' title='bbox 920 1527 1034 1582; x_wconf 82' lang='lat' dir='ltr'>nomcn&#39;</span> <span class='ocrx_word' id='word_1_120' title='bbox 1044 1547 1061 1583; x_wconf 87' lang='lat' dir='ltr'>a</span> <span class='ocrx_word' id='word_1_121' title='bbox 1073 1528 1178 1582; x_wconf 82' lang='lat' dir='ltr'>lunone</span> 
     </span>
     <span class='ocr_line' id='line_1_17' title="bbox 143 1599 1180 1684; baseline -0.005 -17"><span class='ocrx_word' id='word_1_122' title='bbox 143 1611 251 1667; x_wconf 87' lang='lat' dir='ltr'>dieitur</span> <span class='ocrx_word' id='word_1_123' title='bbox 265 1621 406 1682; x_wconf 89' lang='lat' dir='ltr'>tractum,</span> <span class='ocrx_word' id='word_1_124' title='bbox 427 1609 502 1684; x_wconf 92' lang='lat' dir='ltr'>quod</span> <span class='ocrx_word' id='word_1_125' title='bbox 517 1610 630 1666; x_wconf 87' lang='lat' dir='ltr'>Graece</span> <span class='ocrx_word' id='word_1_126' title='bbox 643 1609 716 1664; x_wconf 88' lang='lat' dir='ltr'>luno</span> <span class='ocrx_word' id='word_1_127' title='bbox 733 1599 789 1684; x_wconf 62' lang='grc' dir='ltr'>ἦρα</span> <span class='ocrx_word' id='word_1_128' title='bbox 803 1611 980 1682; x_wconf 59' lang='lat' dir='ltr'>appellatum</span> <span class='ocrx_word' id='word_1_129' title='bbox 1010 1620 1040 1665; x_wconf 87' lang='lat' dir='ltr'>ct</span> <span class='ocrx_word' id='word_1_130' title='bbox 1054 1610 1116 1665; x_wconf 88' lang='lat' dir='ltr'>ideo</span> <span class='ocrx_word' id='word_1_131' title='bbox 1128 1627 1180 1664; x_wconf 77' lang='lat' dir='ltr'>ne-</span> 
     </span>
     <span class='ocr_line' id='line_1_18' title="bbox 143 1691 1161 1770; baseline -0.005 -20"><span class='ocrx_word' id='word_1_132' title='bbox 143 1697 205 1750; x_wconf 91' lang='lat' dir='ltr'>scio</span> <span class='ocrx_word' id='word_1_133' title='bbox 224 1699 288 1770; x_wconf 91' lang='lat' dir='ltr'>quis</span> <span class='ocrx_word' id='word_1_134' title='bbox 309 1695 385 1750; x_wconf 87' lang='lat' dir='ltr'>lilius</span> <span class='ocrx_word' id='word_1_135' title='bbox 401 1696 463 1748; x_wconf 88' lang='lat' dir='ltr'>eius</span> <span class='ocrx_word' id='word_1_136' title='bbox 478 1691 637 1749; x_wconf 79' lang='lat' dir='ltr'>secundum</span> <span class='ocrx_word' id='word_1_137' title='bbox 651 1691 831 1747; x_wconf 89' lang='lat' dir='ltr'>Graecorum</span> <span class='ocrx_word' id='word_1_138' title='bbox 846 1691 970 1760; x_wconf 84' lang='lat' dir='ltr'>fabulas,</span> <span class='ocrx_word' id='word_1_139' title='bbox 985 1691 1084 1748; x_wconf 87' lang='lat' dir='ltr'>Heros</span> <span class='ocrx_word' id='word_1_140' title='bbox 1098 1691 1161 1746; x_wconf 80' lang='lat' dir='ltr'>lucri</span> 
     </span>
     <span class='ocr_line' id='line_1_19' title="bbox 142 1769 1179 1856; baseline -0.006 -22"><span class='ocrx_word' id='word_1_141' title='bbox 142 1787 342 1856; x_wconf 86' lang='lat' dir='ltr'>nuncupatus:</span> <span class='ocrx_word' id='word_1_142' title='bbox 369 1776 428 1832; x_wconf 90' lang='lat' dir='ltr'>hoc</span> <span class='ocrx_word' id='word_1_143' title='bbox 443 1774 582 1832; x_wconf 87' lang='lat' dir='ltr'>videlicet</span> <span class='ocrx_word' id='word_1_144' title='bbox 594 1775 685 1830; x_wconf 85' lang='lat' dir='ltr'>veluti</span> <span class='ocrx_word' id='word_1_145' title='bbox 699 1775 855 1848; x_wconf 86' lang='lat' dir='ltr'>mysticum</span> <span class='ocrx_word' id='word_1_146' title='bbox 870 1769 1061 1851; x_wconf 80' lang='lat' dir='ltr'>significante</span> <span class='ocrx_word' id='word_1_147' title='bbox 1078 1776 1179 1840; x_wconf 81' lang='lat' dir='ltr'>fabule,</span> 
     </span>
     <span class='ocr_line' id='line_1_20' title="bbox 143 1856 1179 1934; baseline -0.006 -18"><span class='ocrx_word' id='word_1_148' title='bbox 143 1860 220 1934; x_wconf 90' lang='lat' dir='ltr'>quod</span> <span class='ocrx_word' id='word_1_149' title='bbox 234 1867 283 1915; x_wconf 74' lang='lat' dir='ltr'>aer</span> <span class='ocrx_word' id='word_1_150' title='bbox 299 1860 406 1916; x_wconf 90' lang='lat' dir='ltr'>lunoni</span> <span class='ocrx_word' id='word_1_151' title='bbox 420 1858 589 1931; x_wconf 80' lang='lat' dir='ltr'>deputctur,</span> <span class='ocrx_word' id='word_1_152' title='bbox 602 1859 653 1913; x_wconf 91' lang='lat' dir='ltr'>ubi</span> <span class='ocrx_word' id='word_1_153' title='bbox 666 1858 769 1913; x_wconf 89' lang='lat' dir='ltr'>volunt</span> <span class='ocrx_word' id='word_1_154' title='bbox 786 1875 852 1910; x_wconf 90' lang='lat' dir='ltr'>eum</span> <span class='ocrx_word' id='word_1_155' title='bbox 871 1856 1064 1913; x_wconf 65' lang='lat' dir='ltr'>daemonibus</span> <span class='ocrx_word' id='word_1_156' title='bbox 1082 1858 1179 1913; x_wconf 82' lang='lat' dir='ltr'>heroas</span> 
     </span>
     <span class='ocr_line' id='line_1_21' title="bbox 141 1939 1152 2016; baseline -0.004 -19"><span class='ocrx_word' id='word_1_157' title='bbox 141 1939 287 2013; x_wconf 86' lang='lat' dir='ltr'>habitare,</span> <span class='ocrx_word' id='word_1_158' title='bbox 301 1961 357 2016; x_wconf 92' lang='lat' dir='ltr'>quo</span> <span class='ocrx_word' id='word_1_159' title='bbox 371 1942 489 1996; x_wconf 90' lang='lat' dir='ltr'>nominc</span> <span class='ocrx_word' id='word_1_160' title='bbox 501 1943 647 2014; x_wconf 88' lang='lat' dir='ltr'>appellant</span> <span class='ocrx_word' id='word_1_161' title='bbox 658 1941 779 1995; x_wconf 91' lang='lat' dir='ltr'>alicuius</span> <span class='ocrx_word' id='word_1_162' title='bbox 791 1941 889 1994; x_wconf 85' lang='lat' dir='ltr'>ureriti</span> <span class='ocrx_word' id='word_1_163' title='bbox 903 1941 1017 1995; x_wconf 86' lang='lat' dir='ltr'>animas</span> <span class='ocrx_word' id='word_1_164' title='bbox 1033 1941 1152 1996; x_wconf 87' lang='lat' dir='ltr'>defunct</span> 
     </span>
     <span class='ocr_line' id='line_1_22' title="bbox 82 2021 1179 2100; baseline -0.006 -19"><span class='ocrx_word' id='word_1_165' title='bbox 82 2095 84 2100; x_wconf 15' lang='lat' dir='ltr'>y</span> <span class='ocrx_word' id='word_1_166' title='bbox 141 2043 218 2080; x_wconf 89' lang='lat' dir='ltr'>rum.</span> <span class='ocrx_word' id='word_1_167' title='bbox 232 2025 322 2081; x_wconf 83' lang='lat' dir='ltr'>Sede</span> <span class='ocrx_word' id='word_1_168' title='bbox 336 2023 484 2078; x_wconf 88' lang='lat' dir='ltr'>contrario</span> <span class='ocrx_word' id='word_1_169' title='bbox 498 2023 644 2098; x_wconf 85' lang='lat' dir='ltr'>Martyres</span> <span class='ocrx_word' id='word_1_170' title='bbox 656 2024 751 2078; x_wconf 85' lang='lat' dir='ltr'>nostri</span> <span class='ocrx_word' id='word_1_171' title='bbox 762 2021 867 2076; x_wconf 87' lang='lat' dir='ltr'>heroes</span> <span class='ocrx_word' id='word_1_172' title='bbox 881 2028 1130 2098; x_wconf 76' lang='lat' dir='ltr'>nuncuparentur,</span> <span class='ocrx_word' id='word_1_173' title='bbox 1141 2022 1179 2086; x_wconf 87' lang='lat' dir='ltr'>si,</span> 
     </span>
     <span class='ocr_line' id='line_1_23' title="bbox 141 2104 1180 2181; baseline -0.007 -19"><span class='ocrx_word' id='word_1_174' title='bbox 141 2118 176 2162; x_wconf 90' lang='lat' dir='ltr'>ut</span> <span class='ocrx_word' id='word_1_175' title='bbox 190 2108 263 2177; x_wconf 88' lang='lat' dir='ltr'><strong>dixi,</strong></span> <span class='ocrx_word' id='word_1_176' title='bbox 288 2125 359 2160; x_wconf 83' lang='lat' dir='ltr'>usus</span> <span class='ocrx_word' id='word_1_177' title='bbox 380 2106 575 2160; x_wconf 88' lang='lat' dir='ltr'>ecclesiastici</span> <span class='ocrx_word' id='word_1_178' title='bbox 592 2107 735 2161; x_wconf 87' lang='lat' dir='ltr'>sermonis</span> <span class='ocrx_word' id='word_1_179' title='bbox 754 2104 936 2176; x_wconf 84' lang='lat' dir='ltr'>admitterct3</span> <span class='ocrx_word' id='word_1_180' title='bbox 964 2123 1028 2161; x_wconf 88' lang='lat' dir='ltr'>nou</span> <span class='ocrx_word' id='word_1_181' title='bbox 1047 2105 1122 2181; x_wconf 91' lang='lat' dir='ltr'>quod</span> <span class='ocrx_word' id='word_1_182' title='bbox 1136 2106 1180 2158; x_wconf 76' lang='lat' dir='ltr'>cis</span> 
     </span>
     <span class='ocr_line' id='line_1_24' title="bbox 143 2186 1180 2261; baseline -0.004 -18"><span class='ocrx_word' id='word_1_183' title='bbox 143 2199 221 2244; x_wconf 89' lang='lat' dir='ltr'>esset</span> <span class='ocrx_word' id='word_1_184' title='bbox 236 2205 301 2244; x_wconf 90' lang='lat' dir='ltr'>cum</span> <span class='ocrx_word' id='word_1_185' title='bbox 315 2187 504 2242; x_wconf 83' lang='lat' dir='ltr'>daemonibus</span> <span class='ocrx_word' id='word_1_186' title='bbox 520 2189 551 2242; x_wconf 91' lang='lat' dir='ltr'>in</span> <span class='ocrx_word' id='word_1_187' title='bbox 567 2194 635 2244; x_wconf 76' lang='lat' dir='ltr'>atre</span> <span class='ocrx_word' id='word_1_188' title='bbox 647 2190 789 2257; x_wconf 86' lang='lat' dir='ltr'>societas,</span> <span class='ocrx_word' id='word_1_189' title='bbox 813 2186 864 2240; x_wconf 86' lang='lat' dir='ltr'>scd</span> <span class='ocrx_word' id='word_1_190' title='bbox 883 2188 960 2261; x_wconf 91' lang='lat' dir='ltr'>quod</span> <span class='ocrx_word' id='word_1_191' title='bbox 980 2191 1097 2245; x_wconf 87' lang='lat' dir='ltr'>eosdem</span> <span class='ocrx_word' id='word_1_192' title='bbox 1115 2188 1180 2242; x_wconf 56' lang='lat' dir='ltr'>decr</span> 
     </span>
     <span class='ocr_line' id='line_1_25' title="bbox 141 2271 1180 2346; baseline -0.004 -20"><span class='ocrx_word' id='word_1_193' title='bbox 141 2289 255 2341; x_wconf 85' lang='lat' dir='ltr'>moues,</span> <span class='ocrx_word' id='word_1_194' title='bbox 269 2271 364 2340; x_wconf 89' lang='lat' dir='ltr'>idest,</span> <span class='ocrx_word' id='word_1_195' title='bbox 379 2271 472 2324; x_wconf 68' lang='lat' dir='ltr'>nitrias</span> <span class='ocrx_word' id='word_1_196' title='bbox 486 2273 638 2326; x_wconf 90' lang='lat' dir='ltr'>vincerent</span> <span class='ocrx_word' id='word_1_197' title='bbox 651 2278 827 2342; x_wconf 70' lang='lat' dir='ltr'>potestates,</span> <span class='ocrx_word' id='word_1_198' title='bbox 842 2280 871 2325; x_wconf 91' lang='lat' dir='ltr'>ct</span> <span class='ocrx_word' id='word_1_199' title='bbox 882 2271 913 2325; x_wconf 89' lang='lat' dir='ltr'>in</span> <span class='ocrx_word' id='word_1_200' title='bbox 929 2272 971 2324; x_wconf 89' lang='lat' dir='ltr'>cis</span> <span class='ocrx_word' id='word_1_201' title='bbox 986 2272 1089 2344; x_wconf 87' lang='lat' dir='ltr'>ipsam,</span> <span class='ocrx_word' id='word_1_202' title='bbox 1104 2272 1180 2346; x_wconf 59' lang='lat' dir='ltr'>quiea</span> 
     </span>
     <span class='ocr_line' id='line_1_26' title="bbox 143 2352 1159 2430; baseline -0.001 -23"><span class='ocrx_word' id='word_1_203' title='bbox 143 2352 214 2428; x_wconf 91' lang='lat' dir='ltr'>quid</span> <span class='ocrx_word' id='word_1_204' title='bbox 231 2362 350 2426; x_wconf 89' lang='lat' dir='ltr'>putatur</span> <span class='ocrx_word' id='word_1_205' title='bbox 370 2353 549 2428; x_wconf 79' lang='lat' dir='ltr'>significare,</span> <span class='ocrx_word' id='word_1_206' title='bbox 575 2353 729 2422; x_wconf 89' lang='lat' dir='ltr'>lunonem,</span> <span class='ocrx_word' id='word_1_207' title='bbox 749 2370 823 2426; x_wconf 82' lang='lat' dir='ltr'>quae</span> <span class='ocrx_word' id='word_1_208' title='bbox 842 2370 902 2407; x_wconf 90' lang='lat' dir='ltr'>non</span> <span class='ocrx_word' id='word_1_209' title='bbox 915 2369 1122 2430; x_wconf 79' lang='lat' dir='ltr'>usquequaque</span> <span class='ocrx_word' id='word_1_210' title='bbox 1134 2355 1159 2406; x_wconf 86' lang='lat' dir='ltr'>iu</span> 
     </span>
     <span class='ocr_line' id='line_1_27' title="bbox 143 2434 1169 2508; baseline -0.001 -18"><span class='ocrx_word' id='word_1_211' title='bbox 143 2436 354 2490; x_wconf 84' lang='lat' dir='ltr'>convenienter</span> <span class='ocrx_word' id='word_1_212' title='bbox 369 2453 385 2489; x_wconf 88' lang='lat' dir='ltr'>a</span> <span class='ocrx_word' id='word_1_213' title='bbox 399 2438 493 2508; x_wconf 88' lang='lat' dir='ltr'>poetis</span> <span class='ocrx_word' id='word_1_214' title='bbox 514 2435 665 2491; x_wconf 81' lang='lat' dir='ltr'>inducitur</span> <span class='ocrx_word' id='word_1_215' title='bbox 685 2435 803 2490; x_wconf 89' lang='lat' dir='ltr'>inimica</span> <span class='ocrx_word' id='word_1_216' title='bbox 820 2434 996 2506; x_wconf 77' lang='lat' dir='ltr'>virtutibus,</span> <span class='ocrx_word' id='word_1_217' title='bbox 1026 2446 1055 2491; x_wconf 93' lang='lat' dir='ltr'>ct</span> <span class='ocrx_word' id='word_1_218' title='bbox 1074 2438 1169 2492; x_wconf 83' lang='lat' dir='ltr'>coclu·¹</span> 
     </span>
     <span class='ocr_line' id='line_1_28' title="bbox 124 2516 1180 2592; baseline -0.001 -21"><span class='ocrx_word' id='word_1_219' title='bbox 124 2529 126 2536; x_wconf 66' lang='lat'>‘</span> <span class='ocrx_word' id='word_1_220' title='bbox 140 2516 310 2592; x_wconf 82' lang='lat' dir='ltr'>petentibus</span> <span class='ocrx_word' id='word_1_221' title='bbox 323 2519 396 2574; x_wconf 85' lang='lat' dir='ltr'>viris</span> <span class='ocrx_word' id='word_1_222' title='bbox 410 2517 535 2573; x_wconf 87' lang='lat' dir='ltr'>fortibus</span> <span class='ocrx_word' id='word_1_223' title='bbox 550 2517 658 2574; x_wconf 89' lang='lat' dir='ltr'>invida.</span> <span class='ocrx_word' id='word_1_224' title='bbox 698 2516 758 2574; x_wconf 84' lang='lat' dir='ltr'>Sed</span> <span class='ocrx_word' id='word_1_225' title='bbox 771 2534 873 2572; x_wconf 90' lang='lat' dir='ltr'>rursus</span> <span class='ocrx_word' id='word_1_226' title='bbox 887 2518 915 2571; x_wconf 90' lang='lat' dir='ltr'>ei</span> <span class='ocrx_word' id='word_1_227' title='bbox 927 2519 1097 2580; x_wconf 54' lang='lat' dir='ltr'>,succumbit</span> <span class='ocrx_word' id='word_1_228' title='bbox 1108 2517 1180 2574; x_wconf 57' lang='lat' dir='ltr'>infe*</span> 
     </span>
     <span class='ocr_line' id='line_1_29' title="bbox 140 2598 1080 2678; baseline 0.001 -22"><span class='ocrx_word' id='word_1_229' title='bbox 140 2601 240 2656; x_wconf 90' lang='lat' dir='ltr'>liciter</span> <span class='ocrx_word' id='word_1_230' title='bbox 255 2600 388 2675; x_wconf 88' lang='lat' dir='ltr'>ceditque</span> <span class='ocrx_word' id='word_1_231' title='bbox 401 2598 558 2678; x_wconf 81' lang='lat' dir='ltr'>Virgilius,</span> <span class='ocrx_word' id='word_1_232' title='bbox 572 2609 605 2656; x_wconf 91' lang='lat' dir='ltr'>nt</span> <span class='ocrx_word' id='word_1_233' title='bbox 619 2619 684 2655; x_wconf 92' lang='lat' dir='ltr'>cum</span> <span class='ocrx_word' id='word_1_234' title='bbox 697 2599 774 2674; x_wconf 90' lang='lat' dir='ltr'>apud</span> <span class='ocrx_word' id='word_1_235' title='bbox 787 2617 852 2654; x_wconf 88' lang='lat' dir='ltr'>eum</span> <span class='ocrx_word' id='word_1_236' title='bbox 865 2601 916 2655; x_wconf 79' lang='lat' dir='ltr'>illa</span> <span class='ocrx_word' id='word_1_237' title='bbox 930 2599 1020 2674; x_wconf 87' lang='lat' dir='ltr'>dieat,</span> <span class='ocrx_word' id='word_1_238' title='bbox 1072 2663 1080 2666; x_wconf 16' lang='grc' dir='ltr'>ῃ</span> 
     </span>
     <span class='ocr_line' id='line_1_30' title="bbox 224 2681 904 2754; baseline -0.007 -17"><span class='ocrx_word' id='word_1_239' title='bbox 224 2681 334 2739; x_wconf 86' lang='lat' dir='ltr'>Vineor</span> <span class='ocrx_word' id='word_1_240' title='bbox 349 2685 383 2738; x_wconf 85' lang='lat' dir='ltr'>ab</span> <span class='ocrx_word' id='word_1_241' title='bbox 398 2683 510 2754; x_wconf 81' lang='lat' dir='ltr'>Aenea3</span> <span class='ocrx_word' id='word_1_242' title='bbox 901 2725 904 2732; x_wconf 93' lang='lat'>.</span> 
     </span>
     <span class='ocr_line' id='line_1_31' title="bbox 140 2763 1181 2846; baseline 0.002 -26"><span class='ocrx_word' id='word_1_243' title='bbox 140 2767 237 2838; x_wconf 85' lang='lat' dir='ltr'>ipsum</span> <span class='ocrx_word' id='word_1_244' title='bbox 249 2765 378 2821; x_wconf 86' lang='lat' dir='ltr'>Aeneam</span> <span class='ocrx_word' id='word_1_245' title='bbox 399 2763 554 2822; x_wconf 86' lang='lat' dir='ltr'>admoneat</span> <span class='ocrx_word' id='word_1_246' title='bbox 574 2763 704 2822; x_wconf 89' lang='lat' dir='ltr'>Helenus</span> <span class='ocrx_word' id='word_1_247' title='bbox 728 2768 812 2840; x_wconf 85' lang='lat' dir='ltr'>quasi</span> <span class='ocrx_word' id='word_1_248' title='bbox 828 2767 954 2822; x_wconf 87' lang='lat' dir='ltr'>consilio</span> <span class='ocrx_word' id='word_1_249' title='bbox 971 2769 1127 2846; x_wconf 84' lang='lat' dir='ltr'>religioso,</span> <span class='ocrx_word' id='word_1_250' title='bbox 1149 2781 1181 2817; x_wconf 79' lang='lat' dir='ltr'>e·</span> 
     </span>
    </p>
   </div>
   <div class='ocr_carea' id='block_1_4' title="bbox 71 2849 236 2906">
    <p class='ocr_par' dir='ltr' id='par_1_4' title="bbox 71 2849 236 2906">
     <span class='ocr_line' id='line_1_32' title="bbox 71 2849 236 2906; baseline 0 -3"><span class='ocrx_word' id='word_1_251' title='bbox 71 2851 72 2854; x_wconf 75' lang='grc'>’</span> <span class='ocrx_word' id='word_1_252' title='bbox 141 2849 236 2906; x_wconf 84' lang='lat' dir='ltr'>dicat:</span> 
     </span>
    </p>
   </div>
   <div class='ocr_carea' id='block_1_5' title="bbox 60 2929 1180 3757">
    <p class='ocr_par' dir='ltr' id='par_1_5' title="bbox 226 2929 1001 3088">
     <span class='ocr_line' id='line_1_33' title="bbox 228 2929 1001 3011; baseline 0 -23"><span class='ocrx_word' id='word_1_253' title='bbox 228 2929 334 2988; x_wconf 89' lang='lat' dir='ltr'>lunoni</span> <span class='ocrx_word' id='word_1_254' title='bbox 348 2941 420 2986; x_wconf 87' lang='lat' dir='ltr'>canc</span> <span class='ocrx_word' id='word_1_255' title='bbox 434 2941 502 2988; x_wconf 86' lang='lat' dir='ltr'>vota</span> <span class='ocrx_word' id='word_1_256' title='bbox 515 2933 619 3011; x_wconf 83' lang='lat' dir='ltr'>libens,</span> <span class='ocrx_word' id='word_1_257' title='bbox 634 2930 835 3007; x_wconf 76' lang='lat' dir='ltr'>dominamque</span> <span class='ocrx_word' id='word_1_258' title='bbox 849 2940 1001 3007; x_wconf 79' lang='lat' dir='ltr'>potentem</span> 
     </span>
     <span class='ocr_line' id='line_1_34' title="bbox 226 3014 852 3088; baseline 0.003 -18"><span class='ocrx_word' id='word_1_259' title='bbox 226 3014 410 3087; x_wconf 74' lang='lat' dir='ltr'>Supplicilrns</span> <span class='ocrx_word' id='word_1_260' title='bbox 425 3033 528 3088; x_wconf 85' lang='lat' dir='ltr'>supera</span> <span class='ocrx_word' id='word_1_261' title='bbox 541 3016 634 3071; x_wconf 88' lang='lat' dir='ltr'>donis.</span> <span class='ocrx_word' id='word_1_262' title='bbox 645 3041 688 3057; x_wconf 86' lang='lat'>-·-</span> <span class='ocrx_word' id='word_1_263' title='bbox 701 3045 742 3056; x_wconf 91' lang='lat'><em>-</em></span> <span class='ocrx_word' id='word_1_264' title='bbox 757 3047 795 3057; x_wconf 89' lang='lat'>-</span> <span class='ocrx_word' id='word_1_265' title='bbox 808 3045 852 3056; x_wconf 92' lang='lat'>--</span> 
     </span>
    </p>

    <p class='ocr_par' dir='ltr' id='par_1_6' title="bbox 60 3087 1180 3757">
     <span class='ocr_line' id='line_1_35' title="bbox 61 3087 1180 3173; baseline -0.002 -20"><span class='ocrx_word' id='word_1_266' title='bbox 61 3105 62 3110; x_wconf 77' lang='grc'>’</span> <span class='ocrx_word' id='word_1_267' title='bbox 139 3096 188 3154; x_wconf 83' lang='lat' dir='ltr'>Ex</span> <span class='ocrx_word' id='word_1_268' title='bbox 203 3115 258 3170; x_wconf 90' lang='lat' dir='ltr'>qua</span> <span class='ocrx_word' id='word_1_269' title='bbox 273 3098 412 3169; x_wconf 85' lang='lat' dir='ltr'>opinione</span> <span class='ocrx_word' id='word_1_270' title='bbox 424 3097 615 3173; x_wconf 83' lang='lat' dir='ltr'>Porphyrius,</span> <span class='ocrx_word' id='word_1_271' title='bbox 630 3100 760 3172; x_wconf 87' lang='lat' dir='ltr'>quamvis</span> <span class='ocrx_word' id='word_1_272' title='bbox 772 3117 832 3153; x_wconf 89' lang='lat' dir='ltr'>non</span> <span class='ocrx_word' id='word_1_273' title='bbox 844 3115 881 3152; x_wconf 85' lang='lat' dir='ltr'>ex</span> <span class='ocrx_word' id='word_1_274' title='bbox 893 3115 948 3154; x_wconf 86' lang='lat' dir='ltr'>sua</span> <span class='ocrx_word' id='word_1_275' title='bbox 962 3099 1122 3169; x_wconf 82' lang='lat' dir='ltr'>sententie,</span> <span class='ocrx_word' id='word_1_276' title='bbox 1133 3087 1180 3152; x_wconf 80' lang='lat' dir='ltr'>sed</span> 
     </span>
     <span class='ocr_line' id='line_1_36' title="bbox 140 3180 1177 3258; baseline 0 -25"><span class='ocrx_word' id='word_1_277' title='bbox 140 3197 178 3234; x_wconf 84' lang='lat' dir='ltr'>ex</span> <span class='ocrx_word' id='word_1_278' title='bbox 192 3181 325 3246; x_wconf 89' lang='lat' dir='ltr'>aliorum,</span> <span class='ocrx_word' id='word_1_279' title='bbox 339 3180 450 3234; x_wconf 86' lang='lat' dir='ltr'>bonum</span> <span class='ocrx_word' id='word_1_280' title='bbox 466 3180 537 3236; x_wconf 89' lang='lat' dir='ltr'>dicit</span> <span class='ocrx_word' id='word_1_281' title='bbox 548 3180 645 3236; x_wconf 91' lang='lat' dir='ltr'>Deum</span> <span class='ocrx_word' id='word_1_282' title='bbox 658 3184 705 3236; x_wconf 84' lang='lat' dir='ltr'>vcl</span> <span class='ocrx_word' id='word_1_283' title='bbox 718 3183 837 3258; x_wconf 76' lang='lat' dir='ltr'>genium</span> <span class='ocrx_word' id='word_1_284' title='bbox 851 3199 912 3236; x_wconf 88' lang='lat' dir='ltr'>non</span> <span class='ocrx_word' id='word_1_285' title='bbox 926 3185 1033 3238; x_wconf 83' lang='lat' dir='ltr'>venire</span> <span class='ocrx_word' id='word_1_286' title='bbox 1048 3185 1079 3238; x_wconf 89' lang='lat' dir='ltr'>in</span> <span class='ocrx_word' id='word_1_287' title='bbox 1092 3181 1177 3238; x_wconf 60' lang='lat' dir='ltr'>hemia</span> 
     </span>
     <span class='ocr_line' id='line_1_37' title="bbox 60 3255 1178 3340; baseline -0.001 -23"><span class='ocrx_word' id='word_1_288' title='bbox 60 3293 63 3298; x_wconf 93' lang='lat'>·</span> <span class='ocrx_word' id='word_1_289' title='bbox 140 3281 218 3331; x_wconf 77' lang='lat' dir='ltr'>neni,</span> <span class='ocrx_word' id='word_1_290' title='bbox 232 3263 291 3317; x_wconf 90' lang='lat' dir='ltr'>nisi</span> <span class='ocrx_word' id='word_1_291' title='bbox 305 3263 397 3317; x_wconf 86' lang='lat' dir='ltr'>malus</span> <span class='ocrx_word' id='word_1_292' title='bbox 412 3263 501 3319; x_wconf 87' lang='lat' dir='ltr'>fuerit</span> <span class='ocrx_word' id='word_1_293' title='bbox 514 3272 582 3319; x_wconf 88' lang='lat' dir='ltr'>ante</span> <span class='ocrx_word' id='word_1_294' title='bbox 591 3265 736 3336; x_wconf 86' lang='lat' dir='ltr'>placatus:</span> <span class='ocrx_word' id='word_1_295' title='bbox 751 3275 890 3340; x_wconf 85' lang='lat' dir='ltr'>tanquam</span> <span class='ocrx_word' id='word_1_296' title='bbox 901 3263 1028 3321; x_wconf 85' lang='lat' dir='ltr'>fortiora</span> <span class='ocrx_word' id='word_1_297' title='bbox 1041 3268 1101 3326; x_wconf 85' lang='lat' dir='ltr'>sint</span> <span class='ocrx_word' id='word_1_298' title='bbox 1112 3255 1178 3338; x_wconf 81' lang='lat' dir='ltr'>apud</span> 
     </span>
     <span class='ocr_line' id='line_1_38' title="bbox 134 3343 1175 3422; baseline -0.001 -23"><span class='ocrx_word' id='word_1_299' title='bbox 134 3363 189 3422; x_wconf 18' lang='lat' dir='ltr'>,eos</span> <span class='ocrx_word' id='word_1_300' title='bbox 204 3347 325 3400; x_wconf 87' lang='lat' dir='ltr'>numina</span> <span class='ocrx_word' id='word_1_301' title='bbox 335 3347 410 3401; x_wconf 89' lang='lat' dir='ltr'>mala</span> <span class='ocrx_word' id='word_1_302' title='bbox 422 3364 509 3420; x_wconf 89' lang='lat' dir='ltr'>quam</span> <span class='ocrx_word' id='word_1_303' title='bbox 519 3347 610 3418; x_wconf 81' lang='lat' dir='ltr'>bona3</span> <span class='ocrx_word' id='word_1_304' title='bbox 625 3346 858 3421; x_wconf 84' lang='lat' dir='ltr'>quandoquidem</span> <span class='ocrx_word' id='word_1_305' title='bbox 868 3349 944 3402; x_wconf 82' lang='lat' dir='ltr'>mala</span> <span class='ocrx_word' id='word_1_306' title='bbox 959 3348 1123 3421; x_wconf 88' lang='lat' dir='ltr'>impediunt</span> <span class='ocrx_word' id='word_1_307' title='bbox 1131 3343 1175 3400; x_wconf 82' lang='lat' dir='ltr'>od·</span> 
     </span>
     <span class='ocr_line' id='line_1_39' title="bbox 139 3428 1172 3510; baseline 0.001 -29"><span class='ocrx_word' id='word_1_308' title='bbox 139 3429 248 3482; x_wconf 89' lang='lat' dir='ltr'>iuteria</span> <span class='ocrx_word' id='word_1_309' title='bbox 261 3428 415 3502; x_wconf 82' lang='lat' dir='ltr'>bonorum,</span> <span class='ocrx_word' id='word_1_310' title='bbox 431 3431 489 3484; x_wconf 85' lang='lat' dir='ltr'>nisi</span> <span class='ocrx_word' id='word_1_311' title='bbox 503 3432 549 3484; x_wconf 86' lang='lat' dir='ltr'>eis.</span> <span class='ocrx_word' id='word_1_312' title='bbox 558 3432 673 3510; x_wconf 83' lang='lat' dir='ltr'>placata</span> <span class='ocrx_word' id='word_1_313' title='bbox 686 3429 756 3486; x_wconf 88' lang='lat' dir='ltr'>dent</span> <span class='ocrx_word' id='word_1_314' title='bbox 768 3433 879 3500; x_wconf 92' lang='lat' dir='ltr'>locum,</span> <span class='ocrx_word' id='word_1_315' title='bbox 897 3431 1046 3505; x_wconf 71' lang='lat' dir='ltr'>oculisque</span> <span class='ocrx_word' id='word_1_316' title='bbox 1059 3429 1172 3487; x_wconf 85' lang='lat' dir='ltr'>nolenti·</span> 
     </span>
     <span class='ocr_line' id='line_1_40' title="bbox 138 3508 1173 3587; baseline 0.002 -23"><span class='ocrx_word' id='word_1_317' title='bbox 138 3508 192 3564; x_wconf 86' lang='lat' dir='ltr'>bus</span> <span class='ocrx_word' id='word_1_318' title='bbox 207 3510 283 3566; x_wconf 89' lang='lat' dir='ltr'>bona</span> <span class='ocrx_word' id='word_1_319' title='bbox 293 3512 430 3584; x_wconf 84' lang='lat' dir='ltr'>prodesse</span> <span class='ocrx_word' id='word_1_320' title='bbox 441 3531 501 3568; x_wconf 94' lang='lat' dir='ltr'>non</span> <span class='ocrx_word' id='word_1_321' title='bbox 511 3523 649 3585; x_wconf 76' lang='lat' dir='ltr'>possunt,</span> <span class='ocrx_word' id='word_1_322' title='bbox 662 3532 769 3569; x_wconf 86' lang='lat' dir='ltr'>nocere</span> <span class='ocrx_word' id='word_1_323' title='bbox 779 3523 876 3568; x_wconf 81' lang='lat' dir='ltr'>autem</span> <span class='ocrx_word' id='word_1_324' title='bbox 887 3515 964 3568; x_wconf 86' lang='lat' dir='ltr'>mola</span> <span class='ocrx_word' id='word_1_325' title='bbox 975 3525 1111 3587; x_wconf 89' lang='lat' dir='ltr'>possunt,</span> <span class='ocrx_word' id='word_1_326' title='bbox 1124 3527 1173 3569; x_wconf 85' lang='lat' dir='ltr'>noe</span> 
     </span>
     <span class='ocr_line' id='line_1_41' title="bbox 141 3590 1174 3668; baseline 0.004 -24"><span class='ocrx_word' id='word_1_327' title='bbox 141 3590 198 3645; x_wconf 83' lang='lat' dir='ltr'>sibi</span> <span class='ocrx_word' id='word_1_328' title='bbox 209 3593 374 3648; x_wconf 86' lang='lat' dir='ltr'>valentibus</span> <span class='ocrx_word' id='word_1_329' title='bbox 387 3596 525 3650; x_wconf 88' lang='lat' dir='ltr'>resistcre</span> <span class='ocrx_word' id='word_1_330' title='bbox 539 3594 633 3651; x_wconf 85' lang='lat' dir='ltr'>bonis.</span> <span class='ocrx_word' id='word_1_331' title='bbox 669 3596 736 3653; x_wconf 88' lang='lat' dir='ltr'>Non</span> <span class='ocrx_word' id='word_1_332' title='bbox 746 3606 794 3650; x_wconf 88' lang='lat' dir='ltr'>-cst</span> <span class='ocrx_word' id='word_1_333' title='bbox 808 3597 864 3651; x_wconf 84' lang='lat' dir='ltr'>ista</span> <span class='ocrx_word' id='word_1_334' title='bbox 878 3601 967 3652; x_wconf 82' lang='lat' dir='ltr'>vc&#39;rac</span> <span class='ocrx_word' id='word_1_335' title='bbox 981 3600 1174 3668; x_wconf 79' lang='lat' dir='ltr'>veraciterque</span> 
     </span>
     <span class='ocr_line' id='line_1_42' title="bbox 133 3677 1174 3757; baseline 0.004 -31"><span class='ocrx_word' id='word_1_336' title='bbox 133 3682 262 3728; x_wconf 71' lang='lat' dir='ltr'>&#39;sanctae</span> <span class='ocrx_word' id='word_1_337' title='bbox 275 3677 430 3751; x_wconf 81' lang='lat' dir='ltr'>religionis</span> <span class='ocrx_word' id='word_1_338' title='bbox 445 3679 509 3733; x_wconf 85' lang='lat' dir='ltr'>via:</span> <span class='ocrx_word' id='word_1_339' title='bbox 537 3695 598 3733; x_wconf 90' lang='lat' dir='ltr'>nou</span> <span class='ocrx_word' id='word_1_340' title='bbox 612 3681 654 3734; x_wconf 86' lang='lat' dir='ltr'>sic</span> <span class='ocrx_word' id='word_1_341' title='bbox 669 3678 823 3757; x_wconf 81' lang='lat' dir='ltr'>lunonem,</span> <span class='ocrx_word' id='word_1_342' title='bbox 842 3678 898 3733; x_wconf 87' lang='lat' dir='ltr'>hoe</span> <span class='ocrx_word' id='word_1_343' title='bbox 913 3689 970 3750; x_wconf 77' lang='lat' dir='ltr'>cst,</span> <span class='ocrx_word' id='word_1_344' title='bbox 992 3683 1090 3736; x_wconf 77' lang='lat' dir='ltr'>atrias</span> <span class='ocrx_word' id='word_1_345' title='bbox 1103 3687 1174 3753; x_wconf 88' lang='lat' dir='ltr'>potc-</span> 
     </span>
    </p>
   </div>
   <div class='ocr_carea' id='block_1_6' title="bbox 5 3757 1175 3836">
    <p class='ocr_par' dir='ltr' id='par_1_7' title="bbox 5 3757 1175 3836">
     <span class='ocr_line' id='line_1_43' title="bbox 5 3757 1175 3836; baseline 0.008 -32"><span class='ocrx_word' id='word_1_346' title='bbox 5 3809 7 3816; x_wconf 59' lang='grc'><strong>,</strong></span> <span class='ocrx_word' id='word_1_347' title='bbox 55 3797 61 3804; x_wconf 80' lang='grc'>.</span> <span class='ocrx_word' id='word_1_348' title='bbox 140 3757 247 3808; x_wconf 80' lang='lat' dir='ltr'>statcs&#39;</span> <span class='ocrx_word' id='word_1_349' title='bbox 255 3757 369 3828; x_wconf 79' lang='lat' dir='ltr'>piorum</span> <span class='ocrx_word' id='word_1_350' title='bbox 391 3759 549 3814; x_wconf 83' lang='lat' dir='ltr'>virtutibus</span> <span class='ocrx_word' id='word_1_351' title='bbox 574 3762 739 3816; x_wconf 88' lang='lat' dir='ltr'>invidentes</span> <span class='ocrx_word' id='word_1_352' title='bbox 764 3763 859 3817; x_wconf 87' lang='lat' dir='ltr'>nostri</span> <span class='ocrx_word' id='word_1_353' title='bbox 880 3761 1030 3836; x_wconf 89' lang='lat' dir='ltr'>Martyres</span> <span class='ocrx_word' id='word_1_354' title='bbox 1055 3765 1175 3818; x_wconf 79' lang='lat' dir='ltr'>vincunt</span> 
     </span>
    </p>
   </div>
   <div class='ocr_carea' id='block_1_7' title="bbox 140 3832 1175 3923">
    <p class='ocr_par' dir='ltr' id='par_1_8' title="bbox 140 3832 1175 3923">
     <span class='ocr_line' id='line_1_44' title="bbox 140 3832 1175 3923; baseline 0.008 -31"><span class='ocrx_word' id='word_1_355' title='bbox 140 3832 210 3893; x_wconf 88' lang='lat' dir='ltr'>Non</span> <span class='ocrx_word' id='word_1_356' title='bbox 235 3838 370 3910; x_wconf 89' lang='lat' dir='ltr'>omnino,</span> <span class='ocrx_word' id='word_1_357' title='bbox 395 3842 421 3895; x_wconf 85' lang='lat' dir='ltr'>si</span> <span class='ocrx_word' id='word_1_358' title='bbox 439 3841 497 3896; x_wconf 89' lang='lat' dir='ltr'>dici</span> <span class='ocrx_word' id='word_1_359' title='bbox 515 3843 622 3900; x_wconf 84' lang='lat' dir='ltr'>usitate</span> <span class='ocrx_word' id='word_1_360' title='bbox 634 3853 749 3921; x_wconf 85' lang='lat' dir='ltr'>posset,</span> <span class='ocrx_word' id='word_1_361' title='bbox 775 3841 879 3901; x_wconf 87' lang='lat' dir='ltr'>heroes</span> <span class='ocrx_word' id='word_1_362' title='bbox 894 3846 991 3903; x_wconf 84' lang='lat' dir='ltr'>nestri</span> <span class='ocrx_word' id='word_1_363' title='bbox 1004 3844 1175 3923; x_wconf 77' lang='lat' dir='ltr'>supplicibus</span> 
     </span>
    </p>
   </div>
   <div class='ocr_carea' id='block_1_8' title="bbox 0 0 1187 4320">
    <p class='ocr_par' dir='ltr' id='par_1_9' title="bbox 0 0 1187 4320">
     <span class='ocr_line' id='line_1_45' title="bbox 0 0 1187 4320; baseline 0 0"><span class='ocrx_word' id='word_1_364' title='bbox 0 0 1187 4320; x_wconf 95' lang='lat' dir='ltr'> </span> 
     </span>
    </p>
   </div>
  </div>
 </body>
</html>
