2400 4312
34 168 37 172 ’
146 189 207 244 232
374 137 955 248 nlvrnvnunurvav'srrur
1007 175 1017 198 ²

95 326 100 332 ⁵
120 326 122 342 '
148 357 218 418 ergo
231 326 398 394 beatificum
410 336 535 406 benum,
562 333 644 390 aliia
663 351 800 408 corpore,
829 332 880 392 alii
893 333 929 390 ab
943 315 1055 404 anime,
1078 335 1169 390 aliiab

72 427 102 462 -“
144 424 268 492 ,ιιιιίιιιο,’
290 421 342 475 alii
363 420 397 476 ab
421 427 547 492 utroque
568 419 601 473 in
623 414 742 476 homine
760 433 826 472 esse
845 415 995 472 dixerunt.
1036 415 1170 472 Videbunt

147 506 251 580 quippe
264 505 359 577 ipsum
371 499 520 556 horninem
533 507 668 580 aeustare
686 517 725 554 ex
741 500 839 560 animo
859 507 888 554 et
906 518 1044 573 corpore,
1071 508 1099 556 et
1113 495 1169 556 ided

149 587 183 642 ab
198 588 340 642 alterutro
353 585 480 639 istorum
492 581 597 652 duim,
610 591 661 638 aut
673 581 708 640 ab
722 577 848 656 utroque
857 579 933 638 bene
946 582 1004 638 sibi
1017 601 1081 638 esse
1095 601 1169 656 posse

96 727 101 734 ,
146 667 325 738 eredebant,
351 665 434 721 finali
447 663 571 740 quodam
583 665 675 735 bono,
694 683 758 740 ,quo
771 664 851 720 beati
864 673 979 736 essent,
1005 684 1063 741 qua
1078 675 1172 723 euucta

150 771 224 826 quae
238 750 365 826 agebant
377 747 538 816 referrent,
553 757 640 822 atque
653 747 752 822 idque
765 744 955 804 referendum
968 759 1050 806 esset
1063 751 1171 814 non-ul-

81 835 82 838 ’
148 844 195 890 tra
208 841 392 908 quaererent.
426 829 510 887 Vnde
524 831 568 886 iili
581 831 632 905 qui
644 830 781 887 dicuntur
794 829 941 886 addidisse
954 834 1076 889 tertium
1090 849 1171 908 genus

62 969 63 974 ,
147 917 307 985 bonorum,
321 912 398 989 quod
410 915 571 988 appellatur
584 915 785 984 extrinsecus,
800 914 888 969 sicuti
901 922 946 969 est
959 911 1066 984 honor,
1079 915 1171 991 gloria,

124 1028 126 1034 ·
148 999 284 1074 pecunia,
297 999 369 1076 etsi
382 996 451 1072 quid
463 994 642 1068 huiusmodi,
657 998 718 1052 non
731 998 773 1052 sin
787 995 973 1068 addiderunt,
988 1007 1023 1053 ut
1034 997 1122 1062 finale
1135 1015 1171 1052 er-

150 1075 213 1150 ret,
239 1079 269 1136 id
284 1088 346 1150 est,
371 1089 489 1154 propter
502 1097 535 1134 re
548 1081 644 1154 ipsum
656 1075 867 1154 appetendum,
893 1080 945 1135 sed
954 1074 1077 1155 prepter
1090 1078 1174 1149 aliud3

149 1164 314 1237 bonumque
333 1155 472 1219 essehoc
494 1181 588 1240 genus
606 1162 709 1232 bonis,
740 1163 849 1218 malurn
875 1171 975 1218 autern
1000 1165 1099 1220 malis:
1137 1161 1174 1217 Ite

54 1245 64 1294 ἱ
101 1273 102 1280 ¹
149 1248 260 1302 bonum
281 1243 425 1317 hominis,
452 1247 503 1321 qui
526 1247 576 1302 vel
605 1244 647 1301 ab,
664 1246 777 1316 annua,
796 1246 852 1302 sal
877 1263 895 1299 a
919 1263 1060 1318 corpore,
1083 1248 1129 1304 rel
1144 1245 1172 1300 alr

149 1339 276 1403 utroque
290 1331 512 1403 expetiverunt,
531 1326 605 1384 nihil
618 1327 698 1384 eliud
710 1346 797 1403 quam
808 1328 842 1384 nb
855 1325 975 1384 homine
989 1329 1175 1403 expetendum

131 1431 217 1466 resse
230 1419 416 1488 putaverunt,
459 1410 520 1468 Sed
537 1413 588 1486 qui
604 1410 636 1466 id
654 1411 861 1485 appetiverunt
874 1429 892 1465 a
905 1429 1046 1488 corpore,
1071 1421 1174 1491 aparte

150 1495 277 1550 hominis
291 1494 451 1567 deteriore3
466 1495 517 1569 qui
529 1513 600 1551 vero
611 1493 649 1549 ab
663 1495 777 1564 animo,
791 1513 808 1550 a
820 1502 902 1570 parte
913 1489 1051 1570 meliare3
1072 1495 1120 1569 qui
1131 1511 1174 1548 au-

151 1571 213 1634 tern
225 1578 260 1633 ab
274 1587 414 1654 utroque,
441 1597 459 1634 a
476 1586 539 1634 toto
551 1574 679 1632 homine.
723 1574 794 1632 Sive
814 1595 884 1653 ergo
904 1595 922 1631 a
940 1570 1033 1656 parte
1047 1577 1175 1652 qualibet,

60 1653 64 1662 ¹
151 1662 215 1740 sire
229 1680 246 1717 a
259 1659 338 1733 tota,
364 1680 424 1722 non
438 1662 497 1726 nisi
510 1659 545 1716 ab
559 1657 687 1715 homine.
729 1657 792 1720 Nee
805 1661 881 1722 istae
895 1655 1091 1732 differentiae,
1112 1679 1173 1736 que-

152 1746 232 1800 niam
242 1753 301 1799 tres
316 1753 400 1815 sunt,
423 1745 488 1800 idea
503 1752 580 1814 tres,
600 1742 651 1798 sed
666 1741 771 1796 multas
786 1741 985 1797 dissensiones
999 1741 1167 1818 philosophe·

151 1846 218 1882 rum
233 1836 384 1903 sectasque
403 1827 552 1886 fecerunt:
579 1827 646 1900 quia
659 1832 688 1880 et
704 1823 739 1878 de
752 1823 828 1896 bano
842 1825 990 1898 corperis,
1018 1835 1049 1881 et
1062 1827 1096 1881 de
1108 1827 1171 1884 boue

152 1911 261 1980 animi,
285 1919 315 1967 et
327 1910 363 1965 de
375 1909 452 1964 bono
466 1907 741 1982 utriusquediversi
754 1905 870 1962 diversa
881 1908 995 1982 opinati
1009 1919 1086 1966 sunt.
1126 1907 1169 1964 Ce-

86 2041 87 2044 ,
152 1991 223 2049 dant
236 1993 327 2068 igitur
339 1989 371 2064 hi
384 1999 485 2048 amnes
499 1991 559 2064 illis
571 1987 767 2064 philosophis,
782 1990 832 2065 qui
846 2009 906 2044 nan
918 1989 1060 2047 dixerunt
1070 1993 1168 2047 beatum

153 2093 218 2130 esse
240 2073 389 2129 hominem
413 2074 560 2140 fruentem
583 2091 719 2146 corpore,
745 2073 793 2128 vel
820 2071 971 2146 fruentem
995 2076 1108 2148 animo,
1130 2069 1168 2142 sed

107 2187 114 2194 -
151 2158 299 2214 fruentem
311 2155 391 2212 Deo:
434 2174 494 2214 non
514 2156 592 2214 sieut
605 2161 727 2228 corpere
741 2157 788 2210 vel
802 2173 833 2209 se
846 2157 908 2230 ipso
922 2157 1056 2229 animus,
1081 2166 1126 2218 aut
1136 2156 1168 2209 si·

153 2247 202 2295 eut
216 2240 308 2300 emico
322 2240 449 2309 amicus3
476 2238 528 2298 sed
546 2239 623 2292 sieut
641 2239 707 2299 luce
727 2239 844 2309 oculus3
871 2239 897 2292 si
916 2239 1028 2314 aliquid
1045 2241 1080 2296 ab
1092 2238 1130 2294 his
1141 2233 1167 2291 ad

152 2323 203 2376 illa
229 2320 431 2384 similitudinis
458 2319 638 2386 afferendum
663 2329 724 2390 est,
757 2321 834 2396 quod
864 2321 949 2395 quale
975 2324 1030 2394 sit,
1058 2325 1083 2384 si
1103 2321 1165 2378 Deus

152 2403 214 2478 ipse
228 2401 388 2474 adiuverit,
404 2405 472 2474 Uelio
484 2401 566 2476 loeo,
591 2413 733 2479 quantum
743 2413 798 2478 per
810 2423 864 2461 nos
878 2401 944 2464 fieri
955 2407 1082 2477 peterit,
1099 2420 1165 2478 appa·

153 2486 238 2548 rabit.
281 2484 390 2541 *Nunc
409 2488 480 2548 satis
494 2489 533 2550 sit
547 2504 788 2558 commemorare,
811 2485 964 2546 Platonem
978 2487 1166 2544 determinasse

153 2568 242 2644 finem
260 2566 330 2624 boni
348 2587 421 2640 esse,
440 2570 599 2630 seeundum
615 2571 755 2628 virtutem
771 2571 888 2641 vivere,¹
903 2577 932 2623 et
951 2571 979 2648 ei
995 2573 1052 2627 soli
1071 2570 1165 2628 evenire

153 2668 239 2725 posse
253 2651 303 2724 qui
316 2653 453 2712 notitiam
467 2653 525 2714 Dei
537 2651 643 2714 habeat
662 2660 691 2706 et
707 2653 917 2721 imitationem
944 2671 1000 2708 nec
1020 2673 1084 2710 esse
1100 2653 1166 2710 alian

27 2720 32 2738 Χ
111 2757 113 2760 ·
155 2733 191 2788 oli
206 2733 457 2796 causambeatum.
501 2734 625 2811 [deoque
639 2752 698 2796 non
712 2734 824 2798 dubitat
835 2733 890 2791 hoe
904 2752 966 2790 esse
978 2731 1166 2811 philosophari,

154 2833 252 2872 amare
265 2814 375 2883 Deum
402 2820 483 2876 euius
497 2828 602 2874 natura
615 2818 654 2872 sit
672 2818 873 2894 incorporalis.
916 2815 1001 2873 Vnde
1014 2822 1112 2894 utique
1123 2815 1167 2872 aui

153 2899 267 2975 ligitur‚
282 2908 352 2958 tune
364 2899 427 2958 fore
435 2899 554 2960 ¹beatum
567 2900 728 2962 studiosum
739 2892 911 2973 sapientiae,
927 2901 967 2969 (id
979 2903 1059 2964 enirn
1072 2911 1113 2956 est
1119 2897 1168 2974 phi-

152 2978 319 3066 losophus,)
340 2998 404 3042 cunt
417 2981 481 3040 Dee
495 2982 552 3046 frui
565 2983 702 3056 coeperit.
730 2983 867 3049 Quamvis
883 2985 960 3040 enim
973 3001 1035 3040 nen
1050 2985 1169 3040 continuo

153 3065 254 3120 beatus
273 3066 327 3133 sit,
355 3065 405 3138 qui
425 3084 458 3120 eo
473 3064 579 3128 fruitur
597 3063 674 3140 quod
693 3074 785 3137 ,amam
824 3067 911 3126 multi
925 3067 1004 3123 enim
1017 3067 1136 3124 amando
1147 3077 1171 3116 et

154 3165 227 3222 quae
240 3145 365 3202 amanda
378 3165 437 3202 non
450 3157 530 3219 sunt,
544 3149 644 3203 miseri
657 3157 736 3218 sunt,
751 3158 780 3204 et
788 3145 955 3204 miseriores
963 3169 1030 3205 eum
1038 3145 1170 3206 fruuntur:

152 3247 239 3283 nemo
252 3238 350 3300 temen
363 3229 463 3284 beatus
478 3239 537 3301 est,
563 3231 614 3305 ‘qui
633 3248 667 3284 eo
689 3231 765 3306 quad
783 3239 861 3286 amat
880 3251 940 3287 nen
953 3231 1072 3289 fruitur.
1113 3231 1171 3288 Nau

38 3327 39 3332 ¹
88 3378 89 3381 Ἴ
153 3318 182 3364 et
195 3311 251 3383 ipsi
264 3311 372 3384 quires
385 3313 603 3380 nonamandas
620 3323 743 3384 amant‚·
765 3331 826 3370 non
840 3314 983 3369 sebeatds
998 3317 1170 3387 amendant·

152 3401 235 3463 tent,
249 3392 300 3448 sed
312 3393 444 3450 fruendo.
469 3396 607 3470 Quisquis
621 3414 692 3473 ergo
705 3397 813 3452 fruitur
826 3407 860 3452 e'a
874 3396 1059 3471 quodenset,
1074 3414 1171 3456 verum·

152 3493 210 3548 que
223 3484 254 3530 et
266 3493 408 3532 summum
420 3477 529 3554 bunum
542 3487 634 3549 aurat,
653 3480 717 3553 quis
732 3489 797 3534 eum
810 3479 927 3534 beatum
939 3480 998 3536 nisi
1008 3477 1172 3538 miserrimus

152 3553 259 3633 negat?
298 3556 394 3632 ipsum
415 3570 512 3616 autem
533 3579 636 3617 rerum
659 3579 861 3618 assummum
883 3562 992 3620 bonurn
1010 3562 1096 3621 Plato
1118 3559 1173 3618 dicit

152 3637 265 3710 Deum,
283 3641 438 3698 unde'vult
451 3661 514 3698 esse
527 3641 729 3717 philosophum
742 3655 900 3700 amatorem
913 3644 986 3715 Dei,
1006 3655 1040 3701 ut
1053 3645 1175 3721 queniam

150 3719 332 3795 philosophia
346 3725 382 3780 ad
395 3725 509 3794 beatam
530 3727 621 3782 vitam
640 3727 753 3797 tendit,
782 3725 881 3782 fruens
895 3726 959 3782 Deo
973 3729 1014 3784 sit
1027 3729 1126 3786 beatus
1138 3721 1175 3800 qui

147 3801 245 3857 vDeum
259 3808 408 3862 amaverit.
557 3853 560 3858 .
851 3811 864 3882 (
870 3811 937 3882 ‚tud
953 3807 1037 3866 CAP.
1054 3807 1128 3888 IX.)
