2266 4312
175 212 235 271 DE
262 208 479 280 (ΞΙἨΤΑΤΕΙ
503 211 690 292 DEI'LIB.
716 212 811 271 XIII.
954 220 1015 292 397

30 355 142 443 [lomim]
157 365 236 422 Deus
258 365 345 434 fecit,
372 364 424 420 sed
442 366 545 428 merito
558 364 777 424 inflictamessc
789 367 917 440 pcccati:
944 386 1016 443 qno.
1110 365 1115 372 '

28 447 85 506 alan
93 460 232 524 paccatum
245 447 399 505 viudicans
413 447 511 519 Deus,
526 449 602 505 dlxit
613 449 739 521 homini,
753 452 785 506 iu
799 468 857 524 quo
871 459 940 508 tunc
954 470 1015 508 om-

4 533 184 606 'ttescramus,
211 531 308 590 Terra
323 542 414 600 es,-et
427 534 457 588 ia
472 543 585 590 terram
599 534 663 600 ibis.
737 569 739 574 ·
1052 525 1053 532 ἵ

366 697 434 756 CA
456 699 488 756 P.
529 699 633 756 XVI.

4 785 215 866 Diphiloaoplir,
233 795 281 863 qai
295 795 401 848 animae
417 797 614 864 separationem
628 813 646 848 a
661 814 772 864 corpore
781 815 834 850 non
846 804 951 864 patant
960 813 1015 850 erte

4 872 136 930 mantea,
152 865 210 918 rani
220 865 304 917 Plato
319 865 431 918 inducat
446 883 574 918 saninnnn
589 869 665 919 deam
680 869 731 918 diis
746 867 892 919 raineridae
901 867 1016 934 proruit·
1073 875 1079 896 '

150 945 247 1004 tentem
253 972 261 998 ,
277 935 347 1002 qnod
354 952 489 1004 nonquam
499 936 554 988 siat
564 935 718 1004 emporibus
728 937 850 990 exuendi.

11 1039 17 1044 ’
56 1041 107 1098 Sed
118 1040 295 1116 philosophi,
314 1051 416 1097 contra
430 1059 552 1117 quorum
567 1044 725 1114 calumnias
740 1043 921 1100 defendimus
936 1042 1016 1100 civi·
1083 1028 1089 1042 ⁴

4 1135 80 1182 atcm
91 1123 161 1193 Dei,
170 1124 229 1194 ,hoc
243 1134 302 1194 cst,
316 1124 568 1195 eiurEcclesiam,
595 1127 741 1198 sapienter
756 1127 811 1180 sibi
824 1127 962 1184 ridcntur
974 1129 1016 1182 ir-

4 1210 84 1264 r'dere
97 1208 175 1283 quod
189 1208 323 1278 dicimis,
338 1209 452 1274 annuae
466 1226 483 1262 a
497 1227 617 1281 corpore
630 1211 844 1283 separationem
856 1205 935 1266 iuter
946 1228 1017 1283 poe·
1075 1255 1078 1284 ‚

4 1309 42 1349 las
56 1295 117 1348 eius
132 1309 196 1348 csse
216 1291 423 1365 deputandam:
449 1293 516 1366 quia
529 1290 664 1347 videlicet
678 1294 740 1346 cius
753 1292 912 1366 perfectam
923 1293 1016 1349 liceti-
1075 1343 1076 1346 ,
1104 1339 1106 1342 .

4 1377 117 1434 udinem
130 1385 201 1431 tunc
214 1377 259 1430 illi
276 1374 342 1430 fieri
362 1377 547 1446 existimant,
574 1393 638 1430 cum
658 1377 737 1432 omni
755 1394 875 1448 prorsus
896 1393 1016 1450 corpore

4 1471 75 1516 xuta
88 1459 125 1514 ad
139 1459 236 1514 Deum
249 1459 371 1532 simplex
385 1466 414 1512 et
427 1459 488 1514 sola
503 1467 533 1513 et
550 1456 675 1532 qdodam
693 1458 779 1513 modo
793 1459 871 1514 nuda
885 1458 1014 1516 redierit.

4 1541 41 1599 *lsi
54 1545 80 1598 si
92 1541 185 1612 nihil,
199 1559 258 1616 quo
271 1543 329 1596 ista
341 1543 525 1604 refelleretur
538 1542 652 1614 opimo,
666 1542 697 1596 in
711 1559 812 1596 corum
824 1543 917 1596 literis
930 1543 1015 1598 inro-
1107 1531 1114 1553 “

4 1629 95 1698 irem,
121 1625 273 1700 operosius
287 1623 358 1701 mihi
371 1623 573 1698 disputandum
587 1633 679 1694 esset,
706 1641 762 1698 quo
777 1623 1015 1693 demonstrarem,

4 1729 44 1766 on
69 1727 173 1783 corpus
199 1707 262 1763 erse
283 1710 413 1779 animae,
439 1707 490 1763 sed
513 1707 699 1780 corruptibile
723 1724 826 1779 eorpus
849 1724 1015 1762 onerosum.

4 1791 66 1850 'ude
80 1791 154 1848 illud
168 1790 301 1865 estquod
314 1789 517 1864 deScrip'turis
531 1792 638 1846 nostris
648 1791 679 1846 in
692 1791 835 1864 superiori
848 1789 922 1846 libro
936 1808 1015 1844 com·

4 1877 223 1944 remorarimus,
253 1873 367 1950 Corpus
389 1876 464 1930 enirn
486 1873 677 1950 corruptibile
702 1883 855 1948 aggravat
877 1873 1014 1930 enimam.
1096 1879 1099 1896 '

4 1958 134 2038 „ddcndo‘
149 1960 250 2031 utIque
270 1957 477 2033 corruptibile,
504 1974 564 2011 non
585 1959 779 2031 qualicunque
800 1971 937 2029 corpore,
964 1954 1016 2010 sed

4 2045 68 2099 nale
82 2043 195 2097 Iactum
208 2057 245 2095 cx
257 2050 375 2114 peccato
389 2049 584 2112 consequente
596 2042 742 2110 vindicta,
770 2040 896 2096 animam
917 2037 1014 2112 perhi-

4 2129 46 2182 uit
59 2125 227 2202 aggravari.
259 2122 341 2189 Quod
355 2123 468 2179 etiamsi
482 2141 541 2186 nan
555 2121 728 2193 addidisset,
747 2122 821 2190 nihil
834 2122 912 2178 aliud
926 2123 1015 2178 intel-

4 2228 76 2286 gerc
96 2208 276 2264 deberemus.
320 2205 379 2262 Sed
399 2225 463 2261 cum
478 2208 659 2278 apertissime
678 2206 761 2262 Plato
780 2207 849 2263 deos
868 2225 885 2262 a
902 2218 1013 2264 stuumo
1062 2195 1072 2204 ⁸

4 2295 47 2348 leo
61 2293 156 2348 factos
170 2289 276 2346 habere
290 2290 463 2346 immortalite
477 2307 599 2362 corpora
616 2289 779 2363 praedicet,
806 2291 905 2363 eisque
918 2291 1014 2362 ipsum

4 2379 94 2446 ¹terrm,
109 2394 127 2429 a
141 2392 199 2448 quo
210 2373 281 2428 facti
295 2382 379 2443 sunt,
397 2371 516 2428 inducat
528 2391 581 2446 pro
593 2391 700 2450 magno
715 2372 857 2430 beneficio
871 2375 1013 2446 polliccn-
1065 2403 1069 2424 .

4 2445 57 2529 im,
83 2457 162 2532 quod
174 2459 205 2513 in
219 2465 370 2524 aetornum
384 2473 449 2511 oum
464 2458 525 2510 suis
540 2457 706 2529 corporibus
719 2458 943 2528 permanebunt,
957 2475 1013 2512 nec

4 2541 74 2596 leis
88 2543 149 2597 ulla
165 2549 257 2595 morto
268 2541 432 2595 solventur:
460 2538 530 2612 quid
546 2539 679 2612 estquod
692 2539 792 2594 istiad
807 2539 1014 2615 exagitandam

4 2623 181 2680 Thristianam
193 2622 278 2678 fidem
291 2622 408 2699 fingunt
421 2639 453 2676 e
464 2624 597 2692 nescire,
625 2620 701 2694 quod
720 2622 827 2689 sciunt;
854 2625 1014 2679 autetiam

4 2709 39 2764 iti
50 2715 253 2784 repugnantes
266 2705 419 2761 adversum
439 2721 471 2759 se
484 2707 562 2778 ipsos
576 2705 689 2759 molunt
703 2703 816 2772 dicere,
843 2703 910 2758 llum
929 2706 1012 2760 nobis
1096 2725 1106 2744 ¹

4 2809 44 2846 mn
66 2790 205 2845 desinant
227 2785 445 2844 contradicercl
473 2787 584 2861 Nempe
596 2786 728 2842 Platonis
741 2785 812 2840 haec
826 2785 914 2841 verba
933 2795 1012 2855 sunt,
1107 2843 1109 2848 ,

4 2875 60 2930 ient
82 2893 118 2929 ca
136 2873 239 2929 Cicero
262 2874 293 2927 in
316 2863 453 2932 Latinum
475 2873 579 2940 vertit,
605 2869 708 2944 quibus
734 2869 855 2925 inducit
870 2886 1013 2925 summum

4 2957 79 3012 lcum
92 2957 162 3012 deos
177 2973 248 3030 quos
262 2956 335 3011 fecit
347 2949 542 3027 alloquentem
555 2962 585 3008 ct
597 2953 757 3009 dicentem:
769 2979 771 2986 ·
783 2951 864 3022 „Vos
878 2953 928 3025 qui
943 2950 1012 3006 deo-

4 3059 72 3104 rum
93 3049 160 3096 satu
184 3039 242 3094 orti
265 3040 351 3108 estis,
378 3038 520 3095 attendite
538 3053 659 3111 quorum
676 3054 796 3110 operum
815 3053 886 3111 crgo
905 3051 1012 3107 parcns

4 3121 185 3196 ,effectorque
207 3139 279 3178 sum.
321 3119 402 3176 Haeo
421 3131 490 3177 sunt
509 3120 723 3188 indissolubiIIa
739 3138 786 3174 mc
804 3120 897 3174 invito
921 3113 1013 3190 [nutu

4 3206 99 3284 meo]:
127 3217 401 3280 quanquam-omne
424 3205 593 3281 colligatum
615 3204 689 3259 solvi
710 3211 815 3276 potest.
859 3199 918 3256 Sed
935 3197 1014 3254 haud
1096 3205 1097 3208 ’

4 3309 149 3368 ,quaquam
164 3289 232 3344 boni
246 3283 376 3362 [bonum]
397 3298 458 3358 est,
485 3287 599 3343 ratione
611 3288 742 3343 vinctum
756 3285 915 3348 dissolvcre
928 3282 1013 3338 velle.

4 3369 63 3432 ‚Sed
75 3373 214 3448 quoniam
227 3373 297 3426 estis
312 3372 391 3440 ortI,¹
411 3371 586 3426 immortales
600 3388 653 3426 vos
667 3367 783 3442 quidem
796 3386 858 3422 csse
873 3375 903 3420 et
920 3365 1013 3422 iudis-
1032 3389 1038 3410 x

4 3459 142 3522 ‚solubiles
159 3473 220 3512 non
237 3455 375 3527 potestis:
399 3471 583 3528 nequaquam
597 3451 668 3528 [nec
682 3448 825 3525 unquam]
841 3459 940 3504 tamen
954 3446 1013 3516 dis·
1056 3475 1059 3483 s

4 3541 174 3608 salvemini,
189 3556 286 3613 neque
299 3555 351 3593 ros
365 3538 424 3592 alla
435 3538 537 3592 mortis
551 3537 612 3592 fata
624 3536 778 3609 periment,
792 3551 846 3588 nec
860 3539 948 3585 erunt
960 3548 1013 3594 ra,
1083 3569 1084 3574 η

4 3622 131 3688 ,lendora
150 3640 238 3696 quam
258 3621 412 3676 consilium
428 3639 538 3689 mouns,
554 3619 641 3693 quod
653 3619 744 3672 maius
760 3624 804 3672 est
817 3615 965 3670 vinculum
978 3612 1014 3669 ad

4 3697 230 3780 ,perpetuitatem
243 3713 388 3773 vestram,
416 3721 501 3776 quam
513 3704 563 3758 illa
576 3702 677 3774 quibus
692 3701 778 3766 estis,
804 3707 873 3752 tunc
887 3714 952 3750 cum
965 3693 1013 3772 'gi-
1071 3705 1078 3712 “
1115 3721 1124 3738 s

4 3789 190 3864 probamini,
205 3787 368 3863 colligati.“
411 3785 488 3842 Ecce
500 3785 568 3840 deos
579 3783 662 3842 Plato
677 3782 748 3854 dicit
762 3791 791 3836 et
805 3780 936 3852 corporis
948 3779 1013 3834 ani-

4 3887 103 3948 raeque
116 3871 307 3949 colligatione
326 3871 477 3942 mortales,
505 3877 534 3926 ct
552 3877 649 3926 tamen
662 3866 848 3952 'immortales
858 3862 1021 3938 liciaque
1054 3871 1056 3874 '
