2310 4306
132 213 194 270 aaa
367 195 465 266 orvi
493 206 679 267 sunnin
701 161 953 268 nvousrmr

85 363 96 372 “
131 363 223 436 lignis
236 372 265 417 ct
276 357 430 432 lapidibus,
443 355 625 434 caeterisque
635 361 791 434 praetiosis
805 362 893 416 rebus
907 365 1051 439 metallisque
1059 381 1095 418 ιιι·

132 454 254 502 structa.
288 443 353 498 Non
368 446 466 518 itaque
479 443 592 519 Aggaei
605 443 759 516 prophetia
773 447 804 499 in
820 446 919 518 tempii
932 447 998 500 iltius
1009 447 1096 501 insarn-
1133 476 1136 483 ·

133 530 214 583 tione
228 528 371 597 completa
388 535 440 608 opt.
475 525 522 579 Ex
545 543 602 598 quo
622 528 700 582 enim
719 520 916 582 instauratum
935 538 986 596 est,
1007 546 1097 601 nunquan

132 608 312 678 ostenditur,
339 607 474 665 habuisse
489 617 598 663 tantam
612 609 753 685 gloriam,
778 619 919 682 quantam
930 607 1016 665 habuit
1025 619 1099 682 tenpore
1149 624 1152 643 ·

134 691 315 747 Salonronisr
342 692 400 746 imo
418 693 516 763 potius
529 691 712 760 ostenditur,
727 693 859 764 primum
875 694 1021 748 cessatione
1030 688 1100 764 propbe-
1141 704 1155 727 r

132 777 191 829 tiae
203 774 295 828 fuisse
308 772 412 840 domus
427 775 514 830 iilius
522 773 645 850 gloriam
659 773 850 844 diminutam,
877 772 976 832 deinde
988 775 1055 848 ipsius
1063 789 1103 848 ger·
1146 796 1152 805 ¹

133 859 171 912 tis
187 857 315 912 cladibus
331 858 421 912 tantis
434 873 527 930 usque
541 855 579 911 ad
590 858 723 911 ultimum
736 856 895 926 excidium,
915 858 986 931 quod
998 857 1103 912 iactaret
1148 868 1152 883 ¹

134 959 151 993 a
165 937 320 1008 Romanis,
347 940 424 993 sicut
443 957 478 993 ea
499 955 575 1013 quae
595 955 681 1012 supra
694 949 765 993 sunt
778 949 996 1014 commemorata
1008 946 1107 994 tescaio,
1143 958 1147 969 ¹

134 1020 214 1075 Haec
231 1030 330 1080 autern
350 1019 454 1076 domus
474 1022 510 1076 ad
529 1038 639 1076 norum
661 1023 815 1096 pertinens
827 1020 1045 1090 Testamentum,
1061 1025 1105 1073 tart·
1135 1034 1136 1037 ’

133 1103 233 1175 utique
247 1103 364 1157 nraioris
380 1112 425 1158 est
439 1105 569 1180 gloriae,
596 1113 705 1178 quanto
725 1105 867 1160 roeliores'
883 1113 952 1159 sunt
969 1103 1057 1177 lapides
1069 1099 1107 1166 rid,

90 1229 91 1232 ,
137 1184 241 1258 quibus
257 1183 443 1258 credentibus
457 1187 664 1259 renovatisque
678 1187 867 1246 construitur.
906 1185 963 1241 Sed
977 1185 1033 1240 idco
1043 1183 1108 1258 perir·

134 1269 343 1321 staurationcm
353 1270 450 1342 templi
466 1270 544 1324 illius
558 1261 725 1345 significata
739 1278 793 1338 est,
808 1270 879 1344 quia
893 1270 956 1340 ipsa
967 1263 1110 1324 recantata
1140 1306 1155 1359 Ι

133 1349 188 1404 lius
203 1349 329 1405 aedificii
347 1350 496 1427 signifieat
519 1352 635 1425 eloquio
658 1348 829 1425 prophetico
853 1354 976 1406 alterum
993 1349 1114 1406 Tertaotrt

69 1491 78 1506 ,
133 1441 205 1502 tum,
221 1431 602 1506 quodappcllatur'novum'.
631 1433 715 1499 Quod
730 1453 802 1510 ergo
817 1432 900 1489 Dens
914 1433 986 1489 dixit
997 1443 1113 1508 permeat·
1140 1388 1155 1526 Σ

133 1524 227 1570 ratum
240 1513 429 1592 Prophetam,
455 1515 497 1571 Et
513 1515 745 1590 dabopaecmin
760 1517 822 1572 loco
837 1518 912 1574 isto:
938 1513 1116 1593 porrigatur-
1142 1554 1155 1613 Ι

65 1619 67 1624 ’
134 1608 191 1652 tem
205 1599 310 1666 locum,
325 1599 373 1652 iile
387 1600 436 1672 qni
450 1598 695 1671 eo‘significatur,
709 1598 919 1675 intelligendus
934 1609 989 1655 est:
1007 1597 1077 1671 utq'
1094 1593 1115 1652 dd

134 1684 161 1736 io
181 1687 246 1735 loco
264 1683 428 1746 instaurato
450 1680 618 1758 significata
636 1690 681 1735 est
693 1681 842 1750 Ecclesia,
868 1699 945 1756 quae
962 1682 1050 1736 fuerat
1059 1673 1114 1734 aeddi
1141 1640 1155 1779 Ι

77 1829 80 1840 1
134 1762 226 1819 canda
238 1759 293 1836 'per
307 1762 478 1838 Christum,
494 1761 567 1818 nihil
587 1763 665 1818 aliud
689 1765 859 1836 accipiatur,
884 1764 960 1838 quod
982 1763 1115 1824 dictanda
1139 1810 1155 1861 Ι

134 1845 219 1914 Dabo
228 1864 335 1921 paoem
349 1847 378 1900 in
394 1847 454 1902 loeo
469 1848 538 1915 isto,
553 1846 612 1900 nisi
625 1845 697 1900 dabo
711 1855 812 1919 pacem
825 1847 947 1918 in‘ioco,
961 1841 1096 1920 qucmsigr'
1107 1841 1108 1844 ’

133 1938 180 1983 cat
193 1929 276 1982 locus
291 1930 356 1983 iste.
393 1919 653 1994 Quonianiomnia
672 1927 872 2004 significantia
892 1929 1027 1985 videntur
1043 1944 1120 2002 ιιιιιιι
1137 1895 1155 1947 ι

133 2010 219 2065 ιιιοιΙο
235 2027 334 2066 earum
348 2028 457 2080 rerum,
471 2029 542 2084 quas
557 2009 737 2086 significant,
749 2012 899 2066 sustinere
911 2029 1057 2086 personas:
1075 2010 1119 2066 ιινζ

133 2093 243 2164 dictum
259 2094 522 2167 cstabApostolo,
546 2091 639 2148 Petra
659 2103 727 2149 eret
749 2091 906 2167 Christus;
933 2096 1060 2168 quoniam
1077 2085 1121 2137 ιιῗ
1151 2134 1155 2149 1,

135 2177 193 2245 iiia,
208 2175 243 2232 de
257 2173 383 2248 quahoe
399 2176 582 2246 dictumest,
603 2175 904 2251 significabatutique
919 2176 1062 2248 Christum.

133 2258 179 2312 ior
194 2266 239 2312 est
257 2258 356 2332 itaque
376 2260 471 2336 gloria
490 2257 590 2313 domus
608 2255 695 2312 huius
710 2259 782 2313 nori
794 2256 993 2328 Testamenti,
1018 2274 1083 2332 quaa
1094 2274 1101 2287 ”
1138 2226 1155 2281 Ι

132 2357 197 2394 nius
211 2341 319 2411 prioris
332 2342 440 2396 veteris
455 2339 651 2396 Testamenti:
680 2349 708 2395 et
722 2350 792 2396 tunc
805 2343 959 2415 apparebit
971 2342 1064 2408 maior,
1081 2347 1119 2390 a!
1138 2308 1155 2441 ἓ

132 2421 322 2478 dedicabitur.
357 2422 442 2479 Tunc
466 2425 543 2478 enim
564 2423 661 2479 veniet
679 2423 869 2488 desideratus
890 2427 1003 2480 certetis
1018 2417 1118 2498 gentitus
1153 2452 1155 2461 =

83 2541 84 2544 =
124 2507 206 2559 *siedt
219 2507 327 2582 legitur
339 2507 371 2561 in
385 2505 527 2561 Hebraeo.
548 2505 622 2561 Nam
634 2505 714 2578 prius
729 2507 793 2560 eius
807 2505 952 2572 adventus
965 2499 1119 2562 conducat
1138 2468 1155 2523 ⁴

133 2587 315 2644 desideratus
330 2589 463 2644 omnibus
477 2589 625 2664 gentibus.
667 2585 734 2642 Non
749 2588 827 2642 enim
842 2606 929 2661 qoem
942 2577 1107 2644 deberentdtti
1137 2554 1155 2607 ¹

66 2668 67 2672 ’
132 2669 248 2741 derare,
263 2671 403 2741 sciebant,
417 2673 448 2726 in
464 2689 550 2743 quem
562 2689 621 2742 non
639 2668 833 2725 crediderant.
863 2669 950 2727 Tunc
962 2673 1114 2726 etiamen
1137 2638 1155 2769 ἶ

133 2752 199 2808 dum
214 2751 412 2829 Septuaginta
424 2754 620 2826 interpretes,
648 2745 733 2831 (quia
747 2761 777 2807 et
790 2753 854 2825 ipse
866 2752 1043 2827 propheticas
1054 2753 1113 2802 seru
1139 2800 1155 2853 Ι

130 2832 205 2912 ιιιζ)
230 2837 348 2892 venient
373 2853 447 2910 quac
472 2835 567 2891 electe
588 2845 657 2891 aunt
681 2833 802 2890 Domini
829 2834 865 2891 de
886 2838 1000 2892 eunetis
1017 2827 1155 2933 perdi*¹

133 2916 219 2973 Tunc
233 2919 312 2972 eninr
324 2936 395 2973 vere
409 2937 469 2973 non
482 2919 602 2973 venient
624 2917 682 2972 nisi
697 2918 804 2985 electa,
831 2917 867 2973 dc
889 2918 991 2992 quibus
1005 2909 1113 2981 dieitdpt·
1140 2948 1155 3015 ¹

107 3028 111 3034 ·
134 3002 240 3056 stolus:
254 2998 340 3056 Sicut
354 3001 444 3074 elegit
457 2997 510 3055 no'a
524 3001 554 3054 in
569 3001 633 3074 iprae
647 3009 717 3056 onte
729 2999 831 3054 mundi
843 2989 1112 3062 constituamini!
1139 3044 1155 3099 Ι

133 3083 240 3156 quippe
253 3080 445 3151 architectus,
459 3082 510 3155 qui
523 3080 613 3151 dixit,
639 3080 730 3156 Multi
742 3091 812 3137 aaut
826 3067 943 3150 adecti,
961 3079 1047 3157 pauci
1055 3079 1112 3162 ati!
1140 3110 1141 3113 =

133 3164 228 3240 electi,
242 3183 301 3219 non
315 3163 350 3218 de
362 3163 407 3220 his
422 3159 522 3238 [dixit]
528 3164 588 3236 qui
602 3164 698 3219 vocati
711 3164 924 3233 sio'veneruirt,
938 3172 970 3218 ut
981 3163 1013 3218 dc
1024 3154 1112 3214 courir!
1154 3200 1155 3203 ,

132 3245 422 3320 proiicerentur,sed
435 3245 469 3300 de
483 3246 584 3302 electis
598 3245 849 3304 demonstraturus
864 3255 909 3301 est
922 3231 1111 3301 aedifiacnt·

127 3345 226 3398 ¹niunr,
251 3346 327 3402 quae
341 3329 450 3383 nullam
470 3327 606 3400 deinceps
619 3327 785 3382 formidabit
797 3328 925 3390 ruinam.
959 3327 1036 3384 Nunc
1046 3329 1112 3407 ruttp

132 3407 249 3482 quando
263 3419 292 3468 et
305 3409 336 3464 bi
345 3411 464 3484 vreplent
478 3411 626 3480 ecelesias,
649 3426 721 3482 quos
734 3418 873 3482 tanquam
886 3411 918 3466 in
931 3427 997 3464 area
1008 3403 1111 3463 vendat·

133 3485 295 3564 separabit,
321 3510 382 3547 non
395 3501 513 3566 apparet
527 3501 609 3546 tanta
621 3492 716 3567 gloria
730 3489 830 3546 domus
844 3489 949 3561 huius,
972 3496 1063 3565 quanta
1071 3489 1112 3535 titi

133 3571 293 3649 apparebit,
308 3572 424 3650 quando
439 3575 572 3650 quisquis
584 3573 627 3628 ibi
641 3573 708 3644 erit,
722 3574 917 3644 semperlerit.
