2362 4320
240 197 299 256 oa
321 165 540 258 'crvrrrrn
562 199 642 257 om
669 199 748 268 rio.
771 201 849 260 xn.
996 207 1057 265 are

37 355 124 412 ‚liena
138 345 213 418 sirit.¹
254 348 293 407 Et
310 351 335 406 si
352 352 448 426 potuit
467 339 569 408 anima*
585 351 681 408 facere
699 347 750 426 per
766 351 987 426 imprudentiam
1002 357 1057 412 sibi

37 455 133 492 rorum
154 435 322 506 miseriam,
347 453 422 509 quae
436 433 586 490 non'esset
605 438 761 510 improvisa
773 435 890 493 ‘divinae
902 439 1056 512 providen-

37 522 100 589 iae,
127 528 162 576 ut
183 515 261 572 hanc
274 536 387 592 quoque
401 519 431 572 in
445 536 542 572 rerum
556 518 688 574 ordinem
708 519 885 591 includeret,
912 529 941 575 et
955 521 989 575 ab
1003 519 1056 576 hac

37 622 88 657 :arn
106 619 168 658 non
183 600 344 674 improvide
362 600 513 672 liberaret3
541 618 597 675 qua
610 601 726 657 tandem
740 605 902 658 temeritate
915 602 1068 668 humanae

37 685 166 742 vanitatis
193 683 331 738 audemus
352 675 461 760 negare
483 683 665 739 divinitatem
686 683 781 740 lacere
799 704 884 758 posse
902 705 969 756 res,
996 705 1056 741 non

37 769 89 838 ibi,
117 765 170 820 sed
184 765 406 836 mundonovas‚
429 785 500 841 quas
515 784 607 840 neque
622 777 707 823 antea
720 765 838 837 feccrit,
862 787 1056 844 necunquam
1113 793 1115 798 v

36 852 158 906 labuerit
181 845 371 926 improvisas?
394 848 427 905 Si
441 859 538 904 autem
551 849 654 906 dicunt
665 851 800 910 liberatas
816 851 930 925 quidem
944 855 1056 906 animas

37 933 65 988 ad
75 934 224 988 miseriam
240 951 297 988 non
312 921 496 1004 reversuras,
521 931 571 986 sed
592 951 656 987 eum
676 932 729 988 boc
751 933 798 1003 fit,
825 931 855 989 in
874 936 961 990 rebus
983 933 1057 990 nihil
1120 929 1129 950 ’Ν

37 1015 191 1085 novitiari,
220 1017 357 1090 quoniam
370 1034 482 1089 semper
496 1017 569 1082 aliae
583 1025 669 1090 atque
682 1018 756 1072 aliae
769 1018 907 1072 liberatae
921 1028 999 1087 sunt,
1026 1025 1073 1074 cti
1107 1060 1108 1063 ,

37 1099 199 1169 liberantur,
214 1107 243 1152 et
255 1098 471 1154 liberabuntur:
493 1097 546 1153 hoc
560 1107 637 1153 certe
652 1100 822 1170 concedant,
837 1102 915 1166 si'ita
929 1110 983 1172 est,
1001 1120 1069 1176 no-¹

37 1199 79 1236 ras
95 1183 210 1236 animas
235 1181 317 1251 fieri,
345 1181 448 1254 quibus
467 1181 501 1236 tit
521 1189 550 1235 ct
563 1199 638 1236 nova
650 1184 767 1236 miseria
781 1192 810 1240 et
822 1201 898 1239 nova
912 1185 1055 1239 liberatio.

37 1263 100 1319 blam
114 1266 140 1318 si
154 1265 290 1338 antiquas
305 1283 352 1319 eas
367 1263 469 1319 dicunt
483 1283 557 1335 csse,
581 1273 610 1318 ct
623 1274 783 1320 retrorsum
798 1268 1003 1338 sempiternas,
1018 1283 1055 1320 ex

37 1349 129 1421 quibus
144 1346 275 1421 quotidie
289 1349 357 1402 novi
370 1347 443 1402 fiant
454 1345 602 1419 homines,
629 1345 800 1422 dequorum
815 1351 1000 1422 corporibus,
1029 1351 1055 1403 si

37 1432 176 1502 sapienter
187 1431 326 1498 vixerint,
353 1432 394 1485 ita
407 1431 579 1501 liberentur,
605 1439 639 1484 ut
651 1449 798 1505 nunquam
812 1430 848 1485 od
861 1433 992 1487 miseria
1007 1450 1054 1486 re·
1114 1481 1117 1498 ,

37 1515 202 1582 solvantur,
232 1515 443 1588 consequenter
456 1513 561 1568 dicturi
576 1522 645 1568 srmt
668 1513 806 1568 infinitas.
850 1515 1057 1580 Quantuslibet

37 1613 152 1670 lamque
166 1595 273 1650 finiens
288 1599 426 1650 numerus
441 1595 542 1654 luisset
556 1598 737 1664 animarum,
759 1595 883 1650 infinitis
897 1605 975 1650 retro
991 1615 1054 1650 sae·
1137 1619 1138 1622 ¹

37 1681 99 1733 :ulis
122 1677 254 1733 sufficere
273 1697 333 1734 non
352 1681 479 1750 valeret,
506 1689 539 1746 ut
553 1697 591 1732 ex
606 1679 655 1733 illo
669 1696 781 1751 semper
795 1677 898 1732 fierent
911 1677 1054 1749 homines,

37 1778 151 1834 quorum
170 1769 270 1816 essent
290 1763 404 1827 animae
426 1760 460 1815 ab
480 1759 537 1817 ista
556 1780 669 1833 semper
688 1762 865 1815 mortalitate
879 1759 1055 1832 liberandae,

37 1862 178 1918 nunquam
199 1842 234 1899 ad
257 1844 339 1904 deam
361 1833 496 1920 deinceps
517 1844 671 1900 rediturae.
714 1843 775 1899 Nec
789 1844 849 1897 ullo
864 1841 947 1898 modo
962 1844 1055 1914 expli-

37 1929 144 1997 cabunt,
169 1927 311 2001 quomodo
326 1925 356 1983 in
373 1928 483 1997 rebuS,
500 1946 586 2002 quas,
610 1936 642 1982 ut
661 1925 725 1983 Deo
746 1935 832 1982 notae
851 1945 915 1981 esse
932 1926 1056 2002 possint,

37 2008 124 2067 initas
138 2011 252 2079 volunt,
266 2010 398 2065 infinitus
413 2011 451 2064 sit
464 2029 598 2066 numerus
613 2012 783 2065 animarum.

93 2095 274 2167 Quapropter
288 2095 425 2166 quoniam
439 2095 605 2152 circumitus
619 2095 662 2148 illi
676 2095 733 2148 iam
746 2094 858 2166 explosi
881 2101 964 2162 sunt,
992 2093 1056 2168 qui-

37 2173 81 2231 bus
95 2175 130 2230 ad
151 2175 267 2231 easdem
288 2177 418 2231 miserias
437 2177 603 2231 necessario
621 2177 776 2250 putabatur
796 2179 892 2244 anima
910 2174 1056 2246 reditura3

37 2259 99 2332 quid
111 2268 202 2315 restat
216 2261 438 2328 convenientius
452 2261 569 2331 pietati,
597 2277 683 2333 quam
703 2260 821 2332 credere
844 2278 903 2316 non
918 2277 981 2314 csse
1000 2260 1055 2313 im-

37 2344 166 2411 possibile
179 2339 256 2412 Deo,
271 2350 301 2396 et
315 2360 349 2396 ca
363 2360 436 2416 quac
451 2360 596 2415 nunquam
610 2329 713 2398 feeerit
724 2361 800 2399 nova
814 2344 922 2413 faeere,
938 2351 967 2398 et
979 2340 1055 2397 inef-

37 2421 109 2481 labili
122 2426 318 2499 praescientia
330 2427 508 2484 roluntatcm
527 2427 692 2481 mutabilem
711 2445 771 2480 non
795 2423 920 2482 babcrcl
963 2425 1055 2482 Porro

37 2520 124 2564 autem
136 2518 234 2563 utrum
246 2509 406 2570 animarum
416 2507 602 2562 liberatarum
613 2528 667 2562 nec
680 2509 802 2562 ulterius
817 2509 852 2562 ad
863 2511 993 2566 miserias
1007 2527 1055 2563 re-

37 2688 125 2729 rerum
138 2674 288 2729 infinitate
305 2671 464 2728 cohibenda
485 2682 544 2728 tam
566 2674 710 2728 subtiliter
729 2671 888 2746 disputant:
915 2691 969 2728 nos
986 2691 1056 2730 vero

37 2759 284 2813 ratiocinationem
297 2766 426 2815 nostram
436 2774 473 2834 err
483 2765 604 2830 utreque
618 2758 710 2811 latere
723 2756 919 2810 terminamus.
934 2754 968 2810 Si
979 2759 1057 2814 euim

37 2850 137 2912 potest,
166 2839 236 2914 quid
251 2857 354 2894 causae
373 2841 466 2894 estut
484 2849 609 2916 negetur
628 2840 719 2895 creari
738 2839 868 2915 potuisse
886 2836 961 2911 quod
979 2857 1057 2895 nun·

37 2939 114 2996 quam
126 2934 214 2979 antea
229 2931 359 2976 creatum
373 2932 462 2991 esset,
487 2923 512 2976 si
530 2922 716 2980 liberatarum
735 2923 894 2978 animarum
909 2938 1057 2992 numerus,

37 3009 79 3080 qui
92 3025 241 3082 nunquam
254 3014 341 3060 antea
354 3006 420 3076 fuit,
445 3023 505 3066 nou
519 3006 611 3060 solum
624 3005 715 3064 factus
729 3015 774 3060 est
786 3007 890 3074 semel,
916 3003 966 3058 sed
982 3021 1058 3058 nun·

37 3107 113 3162 quam
124 3081 192 3146 lieri
211 3084 342 3148 desinct'.l
385 3087 419 3146 Si
432 3096 529 3144 autem
543 3097 656 3162 oportet
670 3098 700 3143 ut
713 3098 807 3156 certus
820 3091 858 3143 sit
871 3087 1059 3143 liberatarum

37 3173 132 3247 aliquis
147 3189 286 3227 numerus
299 3173 476 3242 animarum,
498 3189 571 3245 quac
590 3170 626 3226 ad
643 3173 790 3232 miseriam
812 3185 960 3245 nunquam
973 3166 1057 3222 rede·
1118 3235 1119 3240 Ἰ

37 3265 90 3324 ant,
103 3273 198 3329 neque
212 3255 268 3308 istc
283 3271 419 3310 numerus
434 3255 555 3328 ulterius
570 3264 725 3331 angeatur3
753 3256 913 3333 ctiamipse
927 3254 990 3307 sine
1005 3249 1058 3305 du-

37 3337 76 3394 bio
89 3341 258 3412 quicunque
272 3337 338 3408 erit,
351 3347 419 3392 ante
433 3338 533 3411 utique
547 3355 693 3411 nunquam
705 3338 774 3394 luit:
789 3339 837 3413 qui
849 3336 978 3416 profecto
994 3353 1058 3410 crc-

37 3439 126 3492 rcere,
150 3429 180 3475 ct
196 3419 233 3474 ad
249 3437 318 3494 suae
339 3417 514 3494 quantitatis
529 3419 685 3477 terminum
703 3422 856 3494 pervenire
875 3421 939 3473 sine
962 3418 1058 3490 aliquo
1085 3463 1087 3467 ,

37 3523 89 3560 non
107 3513 206 3579 posset
226 3503 326 3574 initio;
353 3489 429 3578 quod
448 3503 564 3557 initium
578 3522 611 3558 eo
625 3503 710 3560 modo
729 3513 814 3558 antea
833 3518 979 3574 nunquam
993 3500 1049 3558 fuit

37 3584 94 3642 llcc
108 3606 179 3666 ergo
194 3594 227 3641 ut
242 3595 330 3663 essct,
345 3596 458 3642 creatus
473 3595 517 3640 est
531 3585 625 3658 homo,
640 3595 807 3660 antequem
821 3585 917 3644 nullus
930 3583 996 3646 luit.
