2362 4314
154 149 459 278 Haemum
483 199 560 262 DEI
587 202 807 264 Liaxxu.
882 143 889 166 ⁸
935 209 995 264 389

58 374 78 412 c
92 365 242 413 maternae
255 351 459 430 fraternaeque
482 355 654 413 calamitatls
674 354 814 416 indicavit
831 356 991 420 historiam.

58 439 106 495 nti
123 441 223 512 itaque
237 437 285 493 die
297 447 363 512 pest
374 436 547 494 Sermonem
558 438 720 512 redditum,
738 443 916 498 narrationis
929 445 998 502 eius
1034 511 1035 514 Ἴ

58 537 91 578 ιιι
104 519 137 578 in
154 523 315 577 erastinum
327 523 433 595 populo
449 521 632 580 recitandum
644 525 775 597 promisi.
807 523 892 591 Quod
904 543 992 600 quum

58 606 169 661 nrinico
178 602 311 660 ¹Paschae
325 604 371 659 die
384 606 471 662 tertio
485 604 570 662 fieret
582 607 615 663 in
632 607 770 684 gradibus
791 607 933 680 exedrae,
959 610 996 666 in

79 689 232 763 superiore
246 688 385 762 loquebar
398 689 480 760 loeo,
493 689 552 745 feei
565 697 644 744 stare
656 689 755 760 anrbos
770 691 887 766 fratres,
901 707 993 766 quum

69 767 229 850 -le‘geretur
246 771 382 827 libellus·
414 769 584 829 intuebatur
596 774 719 848 populus
732 775 887 830 universus
902 792 992 832 sexus
1011 767 1013 772 ’

58 873 129 931 pue,
150 873 240 911 unum
254 863 380 911 stantem
394 855 458 938 sine
472 854 595 934 deformi
607 865 703 928 metu,
722 853 843 914 alteram
855 857 992 918 membris
1042 867 1044 872 ‘

58 957 93 995 us
107 946 347 996 contrementem.
367 937 408 994 Et
421 939 472 1013 qui
484 939 578 1012 ipsum
591 958 652 996 non
664 940 813 1012 viderant,
827 939 897 1016 quid
908 942 942 997 ‘in
956 960 990 998 co
1055 983 1065 1012 ,η
1088 935 1100 944 ”

58 1041 74 1077 e
94 1021 317 1078 misericordiae
338 1020 448 1078 factum
471 1030 564 1092 esset,
589 1023 622 1078 in
634 1024 696 1079 eius
709 1042 811 1082 sorore
824 1023 990 1082 cernebant

58 1115 105 1163 rnt
118 1105 281 1180 cnimquid
290 1106 323 1162 in
332 1123 367 1160 eo
375 1104 594 1183 *gratulandum
608 1105 678 1180 quid
689 1125 742 1181 pro
756 1109 807 1164 illa
816 1117 990 1166 esset'oran-

64 1190 147 1247 lnter
156 1186 228 1245 haee
240 1190 364 1245 recitato
375 1207 475 1266 eorum
484 1188 594 1261 libello,
608 1187 643 1244 de
657 1201 814 1264 conspeetu
827 1192 927 1266 pepuli
940 1192 991 1248 ab·

58 1291 61 1325 ι
78 1273 230 1348 praecepi:
245 1281 275 1329 et
285 1271 392 1330 de'tota
404 1272 467 1348 ipsa
478 1289 567 1329 causa
577 1272 724 1347 aliquanto
738 1273 908 1351 diligentius
922 1293 990 1332 eoe-

68 1355 229 1432 disputare,
243 1365 310 1412 cum
323 1373 390 1412 ecee
399 1373 445 1412 me
455 1346 631 1430 disputbnte,
643 1374 731 1413 voees
744 1359 819 1413 aliae
832 1357 866 1413 de
879 1357 990 1416 Memo-

58 1441 148 1518 rtyris
158 1456 252 1496 novae
263 1440 468 1516 gratulationis
478 1438 648 1497 audiuntur.
663 1439 805 1498 Conversi
813 1450 927 1498 sunt‘eo
939 1443 990 1516 qui

58 1522 185 1594 diebant,
198 1531 413 1599 coeperuntque
424 1541 607 1584 concurrere.
626 1521 680 1580 lllu
692 1525 771 1580 enim
780 1523 875 1579 ubido
888 1523 989 1602 gradi·
1050 1543 1051 1548 ¹

58 1605 200 1678 escendit,
224 1607 257 1663 in
270 1606 374 1681 quibus
387 1615 522 1679 steterat,
536 1605 573 1662 ad
587 1616 717 1664 sanctum
730 1607 889 1682 Martyrem
904 1625 989 1663 orare
1050 1643 1051 1650 .

58 1699 139 1746 terat.
152 1691 235 1756 Quae
247 1706 316 1746 mox
328 1697 361 1746 nt
374 1691 519 1748 cancellos
533 1691 644 1768 attigit,
655 1692 781 1765 collapsa
789 1682 924 1746 similiter
936 1709 989 1747 ve-

60 1783 206 1844 somnum,
217 1789 289 1829 sana
301 1775 438 1830 surrexit.
462 1771 541 1831 Dum
554 1791 625 1852 ergo
636 1775 854 1848 requireremus·
865 1772 933 1850 quid
943 1772 989 1830 la·
1061 1819 1063 1822 .
1100 1811 1106 1822 .

58 1856 223 1928 herigunda
234 1857 289 1912 iste
295 1857 438 1932 strepidus
445 1859 538 1913 laetus
546 1857 702 1930 exstiterit,
711 1859 741 1913 in
745 1859 918 1935 gressisunt
923 1874 990 1914 eum

61 1940 220 2011 basilicam,
230 1939 281 1997 ubi
292 1958 418 2012 eramus,
432 1940 608 2000 adducentes
618 1959 683 1998 eam
692 1959 793 1997 sanam
803 1940 838 2013 de
849 1939 989 2016 Martyris

58 2021 123 2080 lum
135 2041 207 2084 vero
221 2033 320 2081 tantus
335 2023 370 2080 ab
383 2032 506 2099 utreque
518 2041 592 2080 sexu
604 2023 804 2097 admirationis
815 2026 923 2082 clamor
936 2042 989 2080 ex-

58 2116 103 2180 est,
113 2117 148 2164 ut
155 2113 216 2163 v'ox
225 2109 398 2164 continuata
408 2125 474 2164 oum
482 2109 619 2184 lacrymis
630 2127 691 2166 nen
699 2107 848 2183 videretur
856 2124 942 2182 posse
953 2107 989 2164 fi-

58 2189 192 2247 lerducta
200 2200 245 2248 est
253 2190 290 2247 ad
296 2193 476 2262 eumloeum,
485 2192 536 2249 ubi
546 2193 631 2266 paule
643 2200 711 2249 ante
721 2200 843 2248 steterat
852 2201 988 2248 treorens.

58 2274 155 2331 tabant
168 2291 232 2330 eam
245 2275 366 2330 similem
380 2273 464 2330 fratri
479 2270 633 2350 [factam],
647 2278 695 2332 eui
709 2275 861 2332 doluerant
872 2293 988 2331 reman-

58 2355 232 2414 lissimilem:
258 2366 288 2412 et
300 2355 429 2440 nondum
441 2356 520 2413 fissas
531 2376 636 2434 praees¹
646 2377 780 2434 suapte
792 2357 859 2430 illa,
873 2359 931 2414 iam
943 2367 988 2415 ta·

58 2442 187 2497 saeviam
200 2435 384 2498 voluntatens
396 2448 454 2496 tam
473 2441 533 2506 cito
551 2442 717 2497 exauditam
732 2460 801 2502 esse
822 2443 988 2498 cernebant.

58 2525 199 2582 tabentia
212 2523 271 2582 Dei
282 2523 398 2580 laudem
409 2541 481 2582 voce
498 2517 620 2599 [vocem]
641 2525 706 2580 sine
717 2524 831 2591 verbis,
844 2532 927 2581 tanto
940 2544 988 2582 so·

58 2612 191 2684 quantum
201 2624 289 2664 aures
299 2615 417 2664 noemae
425 2605 503 2663 serre
513 2608 565 2664 vix
573 2616 700 2682 possent.
721 2605 799 2673 Quid
809 2615 872 2662 erat
881 2607 913 2663 in
923 2626 987 2664 cer·
1049 2593 1053 2608 ⁸

58 2693 279 2764 exsultantium,
293 2691 352 2748 nisi
363 2689 435 2748 fides
448 2689 569 2764 Christi,
580 2708 634 2765 pro
647 2707 703 2766 qua
714 2686 855 2764 Stephani
867 2691 988 2767 sanguis
1009 2724 1011 2728 ·

58 2793 65 2832 ι
77 2771 140 2834 esti
148 2809 150 2816 ι
406 2785 411 2800 ’

356 2858 380 2917 C
400 2859 426 2917 A
447 2857 479 2917 P.
522 2856 591 2918 lx.

58 2955 169 3010 miserm
179 2955 326 3021 miracuta,
344 2971 413 3026 quae
424 2973 477 3025 per
485 2955 623 3026 Martyres
632 2953 662 3011 io
674 2954 778 3009 curari
790 2953 895 3008 romine
902 2949 988 3022 fluent,

58 3025 379 3099 atestiroeos‘umseraot,
389 3042 441 3095 qua
452 3026 481 3080 irs
493 3025 630 3078 Christum
640 3025 777 3096 Martyres
785 3022 966 3078 erediderunt.

58 3116 86 3187 d,
99 3117 157 3173 nisi
168 3114 237 3173 huic
251 3116 507 3198 hdei'attestantur
517 3117 576 3173 ista
587 3117 744 3188 miracula,
758 3117 790 3171 in
803 3129 861 3187 qua
873 3110 988 3185 praedi-

58 3198 187 3256 Christus
200 3199 396 3270 resurrexisse
409 3201 441 3274 in
454 3217 542 3256 carne
550 3238 560 3271 ,
586 3209 616 3255 et
629 3201 661 3257 in
674 3201 788 3256 coelum
801 3193 987 3250 adscendisse

57 3279 145 3339 ornei
171 3283 248 3350 Quia
261 3292 291 3340 et
303 3284 361 3358 ipsi
373 3282 517 3360 Martyres
530 3282 616 3347 huius
629 3283 697 3339 fidei
710 3289 869 3354 martyres,
886 3275 917 3331 id
931 3288 987 3349 est,

64 3365 132 3423 fidei
154 3375 244 3423 testes
267 3365 405 3437 luerunt,
429 3365 497 3423 huic
510 3367 578 3424 fidei
590 3367 789 3424 testimonium
802 3357 988 3435 perhibentes

58 3467 96 3505 tm
109 3450 345 3507 inimicissimum
357 3452 554 3522 pertulerunt3
569 3467 702 3524 eumque,
715 3466 777 3506 non
786 3440 988 3519 repugnando,

58 3529 175 3590 oriende
193 3533 335 3590 vicerunt.
380 3532 437 3590 Pro
451 3536 508 3592 ista
520 3533 576 3591 lide
589 3535 698 3589 mertui
710 3537 796 3598 sunt,
822 3525 874 3599 qui
885 3521 958 3580 haee
972 3544 990 3581 a
1075 3579 1076 3586 ,

58 3631 87 3672 ιο
107 3619 262 3693 impetrare
282 3625 420 3692 possunt,
444 3626 562 3693 propter
582 3615 663 3671 euius
683 3631 791 3671 nemen
804 3606 897 3666 occisi
909 3617 989 3666 eunt.

58 3715 84 3754 re
97 3701 153 3756 fide
165 3701 326 3775 praecessit
339 3718 439 3756 eorum
449 3701 526 3756 mira
537 3699 693 3772 patientia,
711 3706 745 3753 ut
758 3696 790 3750 in
802 3691 849 3747 his
862 3688 975 3746 miracu
990 3701 995 3727 ¹

58 3789 91 3838 ‚ta
105 3785 162 3840 ista
175 3785 306 3858 potentia
319 3795 491 3857 sequeretur
542 3781 616 3838 Nam
629 3783 655 3838 si
668 3780 765 3852 carnis
782 3777 817 3832 in
836 3778 990 3842 aeternum

59 3867 135 3925 ectio
150 3870 197 3925 rel
212 3886 271 3927 non
283 3868 435 3942 praeuenit
448 3868 480 3925 in
494 3865 626 3936 Christo,
651 3865 697 3922 vel
715 3879 777 3923 non
793 3865 922 3916 ventura
936 3869 992 3926 css,
