2340 4320
41 182 52 277 s
112 235 169 288 no
338 189 929 284 orvrnvnuuunucvsuuui

76 424 78 428 ,
108 377 252 453 seunt‚„ut
264 381 343 454 spica
358 386 455 448 exeat,
470 375 554 434 deam
565 374 749 447 Patelanam3
777 394 842 431 cum
856 385 970 453 segetes
985 377 1071 433 nouis
1084 379 1132 434 ari·

73 471 92 536 ,’
109 467 162 520 atis
177 473 349 549 aequamur,
376 461 443 535 quia
467 470 582 516 veteres
604 477 730 532 aequare
752 457 864 514 hostire
884 459 1035 528 dixerunt,
1062 461 1133 517 dcam

109 547 304 616 Hostilinam3
320 537 507 614 'florentibue
516 543 670 613 frumentio
684 541 767 596 deam
779 541 906 612 Floram,
920 543 1134 600 lactescentibus

46 637 47 642 ’
109 631 195 686 derum
206 629 393 696 Lacturnum,
407 625 665 680 maturescentibus
678 622 761 678 dcam
771 623 928 695 Matutam;
941 643 1007 680 cum
1018 644 1135 682 runcan-

107 725 167 784 tur,
181 713 211 767 id
221 720 275 781 est,
288 718 394 765 aterra
403 707 586 777 auferuntur,
601 707 684 761 dcam
692 705 868 768 Runcinam,
878 707 940 762 Nec
954 711 1054 764 omnia
1068 729 1135 765 coal-

84 814 248 864 :momerm
262 794 330 867 quia
343 810 389 846 mc
402 792 485 872 piget
498 789 577 864 quod·
587 792 653 844 illos
668 809 727 844 non
741 789 838 864 pudet.
865 789 948 846 Haec
962 783 1136 866 autem'pau·

108 879 225 933 cissima
238 875 304 930 ideo
318 875 392 943 dixi,
406 882 438 928 ut
450 875 675 949 intelligeretur,
690 871 867 929 nullomodo
882 873 1045 934 edidicere
1058 875 1137 930 auda·

13 951 14 955 ¹
106 979 152 1031 re,
166 962 223 1015 ista
236 959 356 1014 nunuina
367 957 520 1028 imperium
531 957 728 1024 constituisse,
742 956 870 1026 auxisse,
884 975 1076 1034 conservasse
1086 955 1137 1014 Ro-

107 1043 243 1111 rnanunn,
269 1057 344 1114 quae
356 1041 398 1094 ita
411 1040 471 1094 suis
485 1039 634 1112 quaequae
652 1037 863 1094 adhibebantur
878 1039 999 1112 officiis,
1027 1050 1061 1096 ut
1072 1039 1138 1095 nibil

70 1113 73 1119 s
104 1127 279 1197 ¹universum
291 1123 343 1177 uni
357 1122 449 1177 alicui·
459 1117 635 1176 drcderetur.
672 1119 795 1186 Quando
809 1139 881 1198 crgo
895 1119 1019 1199 Segctia
1033 1132 1139 1179 curaret
1154 1157 1162 1172 -.

87 1197 272 1281 ,imperium
286 1207 334 1260 cui
344 1222 443 1260 curam
456 1222 560 1281 gerere
574 1205 659 1258 simul
673 1201 907 1281 ctscgctibuo‘ct
918 1205 1074 1261 arboribus
1087 1225 1138 1262 non

107 1285 231 1347 licebat?
258 1287 381 1354 Quando
395 1285 431 1340 dc
444 1288 532 1342 armi·
547 1285 662 1342 Cunina
675 1287 829 1362 cogitaret,
849 1289 931 1342 cuius
945 1290 1138 1363 praepositura
1153 1309 1157 1314 ·

107 1373 295 1448 parvulorum
309 1371 471 1430 cuneanon
485 1369 704 1444 permittebatur
719 1365 879 1423 excedere?
907 1371 1032 1435 Quando
1046 1370 1138 1427 Nodo-

39 1495 40 1498 κ
106 1466 154 1511 tuo
166 1455 319 1510 adiuvaret
329 1455 361 1508 in
375 1453 461 1522 bello,
483 1453 533 1526 qui
546 1459 600 1507 nec
614 1451 650 1506 ad
663 1450 823 1518 folliculum
836 1453 944 1525 spicae,
968 1453 1021 1508 sed
1034 1463 1138 1508 tantum

107 1538 145 1610 ad
159 1535 267 1594 nodum
280 1533 412 1614 geniculi
424 1530 607 1608 pertinebat?
633 1531 852 1608 Vnumquisque
867 1535 965 1590 domui
978 1554 1052 1592 cuae
1064 1538 1140 1610 ponit

16 1653 18 1666 ι
109 1622 271 1690 ostiarium,
301 1628 330 1674 ct
343 1620 410 1693 quia
423 1616 508 1673 homo
523 1627 577 1688 est,
591 1617 711 1672 omnino
725 1615 845 1672 sullicit:
871 1625 935 1672 tres¹
944 1617 1016 1674 deos
1030 1620 1080 1674 isti
1093 1638 1139 1692 po·

108 1712 240 1773 ruerunt,
253 1703 277 1758 F
279 1704 409 1758 orculum
422 1700 544 1770 scribut,
560 1699 700 1756 Cardeam
714 1698 841 1768 cardini,
853 1696 1055 1756 Limentinum
1067 1702 1138 1756 limi-

108 1790 149 1845 ni.
168 1777 219 1844 'lta
233 1805 292 1843 non
305 1791 421 1862 poterat
432 1781 571 1840 Foroulua
585 1783 671 1856 shnul
692 1790 722 1836 ct
742 1780 891 1840 cardinem
910 1783 1060 1860 limenque
1084 1801 1138 1839 scr·

107 1889 187 1928 vare.
877 1886 880 1891 ·
1003 1889 1007 1894 ·

507 1944 738 2004 cla1x.
784 1967 796 2020 „-

105 2047 148 2099 Aa
159 2043 266 2113 imperii
276 2041 393 2095 Romani
402 2040 551 2109 amplitudo
562 2047 587 2094 et
599 2041 767 2096 diuturnitas
777 2043 837 2096 Iovi
848 2043 946 2126 suerit
961 2021 1139 2107 adscribendo,

250 2149 251 2154 ,
276 2127 491 2180 querimoniarum
503 2110 578 2161 deum
587 2114 702 2164 cultores
712 2113 797 2179 ipsius
808 2122 965 2180 opinantur.

171 2202 287 2268 Omissa
298 2204 390 2279 igitur
403 2202 459 2254 ista
481 2198 566 2255 turba
582 2202 763 2272 minutorum
781 2201 912 2274 deorum,
938 2205 988 2260 ¹ucl
1011 2195 1139 2277 aliquan-

106 2295 168 2341 tum
181 2287 358 2355 intermissa,
385 2281 510 2339 officium
522 2284 666 2358 maiorum
679 2285 800 2357 deorum
821 2285 958 2355 debemus
980 2287 1139 2361 inquiacre,

46 2387 48 2392 ·
106 2385 163 2442 quo
177 2366 270 2423 Roma
284 2377 342 2422 tam
355 2383 462 2443 magna
475 2365 617 2442 factaest,
630 2361 736 2422 uttam
749 2367 799 2422 diu
811 2377 855 2424 tot
867 2365 1005 2444 gentibue
1019 2370 1140 2441 impora-

104 2460 160 2506 rct.
187 2450 332 2506 Nimirum
354 2467 425 2526 ergo
448 2445 527 2503 lovis
541 2446 700 2523 'hocopus
724 2458 776 2504 est.
803 2449 900 2524 lprum
917 2453 1003 2506 'enim
1026 2451 1141 2506 deorum

107 2535 237 2590 omnium
252 2531 427 2607 dearumque
439 2549 541 2607 regem
559 2543 622 2586 erse
637 2534 752 2587 volunt:
781 2531 836 2587 boc
859 2534 922 2588 eius
946 2533 1060 2589 indicat
1082 2552 1141 2588 ece·

100 2614 213 2688 ptrum,
226 2615 281 2672 hoc
295 2617 327 2674 in
341 2617 399 2670 alto
413 2614 488 2680 colle
502 2611 684 2686 Capitolium.
699 2613 746 2670 Do
756 2615 812 2671 isto
826 2614 881 2685 deo
894 2619 1027 2690 quamuis
1042 2615 1140 2673 aPoe-

57 2741 60 2747 .
107 2708 147 2769 ta,
176 2697 285 2754 dictum
311 2689 589 2752 convenientissime
615 2695 795 2769 praedicant,
821 2696 899 2754 Iovia
926 2701 1027 2754 omnia
1049 2701 1140 2773 plena.

96 2780 193 2837 -llunc
207 2780 300 2836 Varro
314 2779 408 2834 credit
421 2779 509 2833 ctiam
522 2778 557 2832 ab
571 2777 619 2833 his·
630 2782 698 2850 coli,
721 2781 770 2854 qni
783 2799 873 2836 unum
886 2779 982 2838 Deum
995 2783 1141 2837 aolum'si-

106 2883 144 2919 nc
158 2865 312 2932 simulacro
333 2863 443 2930 colunt,
470 2859 521 2914 red
541 2863 599 2916 alio
623 2863 742 2917 nomino
766 2866 938 2937 nuncupari.
966 2862 1053 2930 Quod
1066 2865 1093 2918 si
1105 2865 1143 2918 ita

106 2954 161 3015 est,
177 2963 229 2998 cur
244 2954 304 2998 tam
316 2944 391 2998 male
405 2952 543 2998 tractatus
559 2953 603 2998 cst
615 2943 738 3016 Romae,
753 2940 845 3022 (sient
858 2946 974 3019 quidem
987 2943 1017 3001 et'
1031 2947 1064 3002 in
1078 2965 1142 3002 cae-

7 3015 11 3021 *
54 3083 58 3086 ,
105 3030 176 3082 teris'
191 3023 349 3103 gentibus),
363 3034 396 3080 ut
408 3027 437 3079 ei
448 3025 533 3080 fieret
546 3024 752 3084 siniuleerumt
767 3027 851 3093 Quod
864 3030 920 3102 ipsi
933 3031 1022 3088 etiam
1035 3027 1144 3085 Varro-

105 3111 137 3166 ni
151 3112 193 3165 ita
206 3108 350 3182 displicet,
370 3115 408 3163 ut
421 3126 487 3162 oum
500 3116 601 3166 tantae
621 3109 747 3165 civitatis
770 3125 908 3184 perversa
931 3111 1143 3168 consuetudine

31 3237 32 3240 ,
105 3201 296 3266 premeretur,
310 3206 493 3264 nequaquam
505 3197 603 3247 tamen
614 3190 711 3247 dicere
722 3201 751 3246 et
759 3193 886 3248 seribere
896 3192 1054 3265 dubitaret,
1070 3193 1143 3270 quod

104 3272 135 3329 bi
149 3277 199 3350 qui
211 3273 324 3348 populis
338 3271 530 3330 instituerunt
544 3275 697 3330 siauulacra
723 3284 754 3329 et
772 3285 882 3331 metum
900 3275 1088 3347 tennerunt,
1117 3286 1143 3332 et

57 3387 60 3404 ι
100 3376 235 3414 errorem
248 3349 446 3411 addideruntl'
522 3381 524 3387 s

419 3493 420 3496 ,
519 3435 642 3493 CAP.
685 3435 726 3496 X.

20 3581 21 3586 ,
105 3533 179 3596 Quae
190 3549 326 3602 cpont-onec
337 3529 502 3596 recutiebat,
523 3531 570 3600 qui
581 3535 701 3673 Jewmm
712 3535 773 3586 deor
783 3533 895 3587 diversit
909 3535 1003 3592 muudi
1015 3538 1143 3606 partitos

346 3631 347 3634 =
464 3614 466 3618 '
518 3619 586 3669 pree
603 3611 721 3655 everunt.

163 3689 222 3746 cur
236 3695 279 3747 illi
294 3697 382 3749 edam
395 3691 469 3748 luno
481 3707 557 3746 uxor
571 3682 752 3769 adiungitur,
781 3711 865 3768 quae.
876 3695 982 3768 dieitur
992 3743 998 3749 .
1007 3697 1092 3753 soror
1116 3706 1143 3752 et

102 3769 252 3828 coniunxi
280 3775 354 3840 Quia
369 3775 477 3846 lovem,
501 3776 649 3850 inquiunt,
668 3776 699 3830 in
714 3775 832 3832 aethere
846 3779 1015 3850 accipimus,
1028 3782 1061 3835 in
1076 3786 1142 3836 aere

11 3877 12 3882 ¹
100 3853 263 3927 lunonem
291 3856 402 3934 ethaeo
416 3858 473 3916 duo
486 3859 630 3916 elementa
644 3859 800 3916 coniuncta
813 3869 892 3934 aaut,
916 3861 1042 3918 alterurn
1055 3881 1141 3939 aupe-
