2340 4312
35 201 39 205 ’
66 291 69 297 s
146 171 203 278 ua
372 213 472 273 ιιιιι
494 209 682 308 ινιιιιι
703 153 959 272 rvovsrrur

210 367 360 426 Defuncto
375 366 491 442 Moyse,
514 367 652 441 populum
667 365 746 422 rexit
757 363 840 421 Iesus
854 364 952 434 Nave,
973 373 999 420 ct
1013 364 1039 419 in
1051 373 1120 418 torno

144 452 347 527 promissionis
362 447 538 516 introduxit,
553 466 672 521 eamque
685 450 793 522 populo
808 448 918 504 divisit.
953 447 993 503 Ab
1004 444 1041 500 his
1052 445 1119 498 {luobus

144 535 327 590 mirabilibus
346 530 464 585 ducibus
483 530 559 584 bolla
578 531 664 584 etiam
684 531 882 606 prosperrime
890 539 929 586 ‘ae
941 529 1082 584 mirabiliter
1091 545 1119 602 ge

103 681 104 684 Ἴ
144 627 190 672 sto
204 625 288 685 sunt,
311 613 375 669 Deo
391 621 575 668 contestante
589 631 650 666 non
664 622 722 666 tam
740 621 859 685 propter
870 614 974 667 merita
985 610 1084 665 Hebraei
1092 625 1119 679 po

143 700 218 773 puli,
238 713 324 771 quam
337 703 455 770 propter
468 703 588 767 peccata
602 712 702 748 earum
714 693 1017 767 qnaedebcllabantur
1028 693 1119 768 gentina,

82 835 83 838 ,
144 782 210 836 ilias
225 782 267 833 eis
280 778 451 852 provenisse
465 777 614 832 victorias.
637 774 709 830 Post
728 777 803 854 istos
824 786 923 830 autem
942 775 1034 843 duces,
1052 772 1119 828 ludica

145 862 274 931 fuerunt,
289 861 347 914 iam
360 861 392 912 in
403 869 482 913 terra
492 859 693 932 promissionis
705 859 810 930 populo
823 859 978 913 collocato:
991 869 1021 911 ut
1030 857 1129 927 incipet
1140 906 1165 927 ,Α

63 1005 67 1010 ,
147 945 265 999 interim
278 940 361 995 reddi
373 939 505 994 Abrahae
518 940 612 1012 prima
624 937 784 1011 ‘promissio
807 939 842 994 de
867 949 957 1016 gente
979 957 1044 1006 una,
1063 927 1128 1000 idat

146 1024 292 1091 Hebraea,
307 1031 336 1076 et
349 1022 384 1075 de
398 1031 477 1076 terra
490 1020 641 1092 Chanaan3
663 1021 792 1077 nondum
805 1021 841 1096 de
854 1020 987 1077 omnibns
1000 1019 1119 1098 gentibus

146 1116 209 1163 toto
222 1105 291 1159 orbe
307 1113 464 1159 terrarum:
484 1103 560 1177 quod
574 1101 683 1158 Christi
696 1102 838 1159 adventus
853 1105 886 1158 in
901 1122 999 1175 carne,
1012 1114 1036 1158 et
1046 1114 1119 1157 noora-

86 1227 87 1230 ,
148 1189 219 1243 teris
232 1185 320 1264 Legis
335 1186 567 1256 observationes,
587 1185 639 1240 sed
652 1185 808 1262 Evangelii
822 1186 895 1241 fides
910 1187 1005 1242 fuerat
1015 1185 1125 1257 inplean-

147 1270 237 1326 Cuius
251 1271 295 1324 rei
307 1268 516 1345 praefiguratio
531 1269 608 1348 faeta
622 1277 677 1338 est,
702 1265 778 1342 quod
792 1286 853 1323 non
868 1267 1001 1344 Moyses,
1020 1268 1060 1342 qui
1069 1267 1120 1338 lep!

52 1400 57 1406 .
146 1354 252 1426 populo
273 1360 424 1423 acceperat
442 1351 474 1406 in
492 1360 592 1405 monte
606 1349 694 1420 Sina,
722 1349 885 1421 sedlesus,
912 1353 1122 1422 euictiamnonp
1142 1406 1159 1425 t„

148 1434 213 1490 Deo
226 1434 424 1507 praecipiente
437 1442 585 1506 mutatum
594 1433 700 1500 fuerat,
714 1441 748 1486 ut
762 1431 842 1488 lesus
855 1443 1024 1503 vocaretur,
1040 1449 1067 1504 po
1086 1454 1087 1473 ι
1102 1436 1119 1471 ι’

43 1511 46 1516 “
148 1519 302 1572 interram
319 1516 519 1589 promissionis
545 1514 671 1569 induxit.
715 1512 908 1589 Temporibus
928 1523 1022 1570 autem
1036 1511 1115 1590 luds

149 1600 226 1655 sicut
239 1618 271 1653 se
284 1597 429 1672 habebant
442 1606 471 1651 et
484 1606 603 1668 peecata
616 1597 714 1669 populi
733 1606 763 1651 et
780 1596 985 1653 misericordia
997 1597 1057 1667 Dei,
1097 1618 1109 1633 e
1118 1645 1124 1656 ,
1144 1594 1147 1595 ’

150 1691 296 1737 naverunt
308 1697 447 1753 prospera
460 1688 490 1735 ct
501 1679 623 1734 advorsa
636 1678 785 1742 bellorum.
943 1674 946 1679 ’
1123 1738 1127 1741 ,

56 1823 64 1842 ⁸
165 1815 172 1830 N
209 1762 280 1818 Inde
294 1771 414 1818 ventum
427 1770 472 1817 est
485 1762 521 1816 ad
533 1759 646 1838 Regum
659 1770 804 1835 tempora:
820 1780 943 1837 quorum
956 1767 1053 1839 primos
1063 1779 1082 1815 r>
1091 1784 1093 1799 =
1103 1786 1108 1803 ι
1141 1764 1170 1818 Ι

58 1865 61 1872 ‘
113 1909 114 1914 η
148 1843 290 1910 vitSaui:
305 1845 690 1918 quoraprobatoetbeilica
705 1845 961 1918 oiadeprostrato,
982 1837 1111 1919 eiusques'
1141 1824 1170 1907 fl

149 1949 185 2004 pe
198 1929 319 1997 reiecta,
334 1945 371 1980 ne
382 1925 449 1980 inde
462 1941 547 2002 reges
562 1927 721 1996 orirentur,
736 1925 833 1982 David
847 1933 991 1985 successit
1003 1933 1031 1984 in
1043 1939 1105 2001 regar
1114 1935 1126 1965 θ
1142 1910 1170 1995 ἡ

151 2011 235 2067 cuius
249 2011 376 2068 maximo
391 2006 523 2064 Christus
543 2007 639 2064 dietus
659 2019 704 2064 est
721 2008 807 2064 filius.
848 2009 882 2065 in
896 2029 953 2085 quo
967 2011 1085 2067 articulus
1108 1999 1122 2047 i

150 2093 215 2148 dam
226 2093 319 2147 factus
334 2101 379 2146 cst
392 2104 421 2146 et
432 2087 582 2148 exordium
595 2092 720 2164 quodam
733 2087 818 2146 modo
832 2094 995 2148 iuventutis
1006 2086 1122 2167 populib

136 2170 236 2230 ¹cuius
261 2175 378 2249 generis
402 2174 544 2247 quaedam
565 2175 648 2228 velut
671 2172 868 2229 adolescentia
892 2176 1045 2232 ducebatur
1059 2173 1084 2227 ab

149 2254 294 2312 Abraham
306 2272 397 2327 usque
411 2255 448 2310 ad
462 2255 538 2311 hunc
552 2254 657 2311 David.
688 2255 794 2329 ¹Neque
809 2259 887 2312 enini
902 2259 1011 2314 frustra
1022 2253 1120 2313 Meet
1142 2000 1170 2333 Ῑ

149 2335 342 2412 Evangelista
354 2339 396 2392 sie
408 2337 876 2414 generationescommemoravit,
891 2349 926 2396 ut
935 2339 990 2396 hoe
1001 2331 1125 2413 primumi¹
1146 2332 1170 2404 fl

151 2420 304 2474 tcruallum
317 2420 534 2493 quatuordecim
547 2419 789 2496 generationibus
803 2417 1028 2493 commendaret,
1040 2421 1067 2475 ab
1077 2417 1105 2473 db
1120 2436 1130 2492 ,ᾗ
1154 2428 1157 2431 ’

149 2500 217 2556 ham
236 2503 349 2556 scilieet
366 2521 456 2576 usque
472 2501 508 2556 ad
521 2501 627 2567 Dauid.
663 2503 706 2558 Ab
730 2501 931 2560 adolescentia
955 2508 1052 2579 quippe
1071 2497 1108 2555 inei
1121 2412 1170 2653 ,Ε

150 2583 235 2638 Ιιοιιιο
246 2602 331 2656 posse
341 2602 497 2660 generare:
512 2594 665 2658 propterea
675 2587 900 2661 generationum
915 2584 1028 2662 [series]
1041 2583 1094 2640 cxi
1123 2586 1126 2596 '
1161 2582 1170 2593 ”

150 2663 217 2721 ham
241 2668 345 2721 sumsit
367 2664 532 2722 exordium:
558 2669 609 2740 qui
634 2669 722 2722 etiam
744 2660 828 2740 pater
849 2667 1029 2744 [muitarum]
1047 2656 1170 2744 gontffi

150 2751 325 2803 constitutus
340 2757 396 2817 est,
410 2748 526 2820 quando
538 2757 680 2804 mutatum
693 2753 799 2804 nomen
814 2755 937 2826 accepit.
959 2753 1031 2807 Ante
1043 2747 1129 2804 tunes
1146 2758 1170 2819 fl

149 2847 187 2906 go
199 2833 281 2886 velut
293 2831 419 2902 pucritia
431 2829 486 2885 fuit
498 2830 583 2896 huius
598 2832 715 2907 generis
729 2833 828 2908 populi
843 2832 917 2904 Dei,
938 2834 1028 2890 aNoe
1039 2844 1105 2904 usquc
1127 2832 1130 2891 f

87 2965 89 2972 s
149 2915 243 2985 ipsum
255 2910 414 2967 Abraham:
439 2901 1082 2990 etidcop'rimalinguainventaest,idest,
1116 2940 1120 2947 ⁷
1146 2840 1170 2983 Ε

46 3003 48 3016 ’
149 2994 246 3049 braca.
280 2993 450 3066 Apueritia
472 3013 597 3068 namque
620 2994 706 3050 honro
724 2997 828 3070 incipit
846 3000 926 3073 loqui
943 2991 1110 3072 postinianti
1147 3008 1170 3067 Ι

97 3124 101 3130 ..
149 3094 223 3150 quae
237 3072 306 3130 hino
320 3078 464 3149 appellata
478 3086 538 3147 ost,
566 3080 634 3151 quia
654 3077 783 3133 farinon
802 3089 910 3152 potest.
947 3074 1170 3167 aucupatus·

148 3167 274 3214 aetatem
285 3159 408 3230 primam
422 3157 566 3236 demergit
578 3162 697 3230 oblivio,
711 3163 788 3214 sicut
798 3172 881 3217 aetas
890 3166 983 3236 prima
997 3159 1091 3240 generis
1099 3151 1127 3206 bl·
1151 3152 1152 3157 ¹

148 3242 243 3310 mani,
270 3249 315 3294 est
328 3239 422 3296 deleta
436 3242 555 3310 diluvio.
592 3244 704 3309 Quotus
723 3243 800 3298 euim
818 3247 941 3319 quisque
955 3255 1012 3314 cst,
1033 3239 1130 3316 qairrus

147 3322 318 3377 recordetur
338 3321 512 3379 infantiam?
546 3325 741 3391 Quamobrem
760 3327 791 3380 in
809 3328 867 3382 isto
886 3311 1126 3401 procursatione

149 3403 217 3474 Dei,
234 3406 317 3460 ‘sicut
329 3407 463 3479 superior
476 3424 564 3462 unam
578 3409 757 3480 eandemque
770 3411 906 3481 primam,
933 3412 974 3465 ita
987 3411 1049 3464 duos
1060 3405 1126 3457 aest*

147 3487 306 3542 secundam
321 3496 351 3542 et
362 3491 480 3544 tertiam
498 3491 571 3545 liber
588 3491 646 3544 iste
660 3491 828 3560 contineat,
852 3493 883 3547 in
898 3511 954 3566 qua
966 3492 1043 3546 tortia
1054 3487 1132 3558 prttffi·
1148 3490 1170 3561 Ἰ

146 3585 265 3624 vaccam
278 3572 406 3642 trimam,
421 3589 537 3643 capram
549 3573 674 3642 trimam,
690 3581 719 3625 ct
732 3573 853 3628 arietem
867 3554 993 3644 trimuni,
1013 3565 1125 3646 terpestas
1148 3568 1170 3639 ,ᾗ

40 3711 45 3728 ¹
146 3649 294 3727 cethegis
309 3655 427 3728 iugum,
451 3663 480 3708 ct
493 3656 627 3728 apparuit
639 3649 820 3710 abundantia
832 3666 1024 3730 pcccatorum,
1043 3660 1066 3704 et
1075 3649 1125 3714 ”³8¹¹

145 3735 255 3786 terreni
269 3739 400 3791 surrexit
413 3737 576 3806 exordium,
589 3737 639 3791 ubi
652 3754 711 3814 non
726 3736 884 3805 defuerunt
890 3731 1036 3811 spiritales,
1047 3731 1124 3805 φθῆ·

43 3871 45 3882 ³
121 3851 127 3860 .
146 3812 178 3864 in
193 3821 307 3870 turture
321 3824 350 3869 et
363 3820 495 3875 columba
508 3818 665 3895 figuratum
683 3828 728 3873 est
738 3831 964 3879 sacramentum.
