2362 4312
51 201 54 206 ’
123 193 163 253 m
352 168 931 246 umrmmmmnmmamm

121 345 282 421 placuerit,
308 342 357 398 rol
381 349 576 415 proptereat
600 341 742 411 maxime,
770 341 820 417 qui
832 341 947 415 privata
963 339 1085 402 habere,
1099 362 1158 410 non

29 454 31 458 ¹
122 437 263 505 possunt..
297 423 499 482 Exstruantur
512 425 707 498 amplissimae
721 433 809 499 atque
823 426 1029 481 ornatissimae
1046 423 1158 499 domus,

4 521 7 526 '
107 577 109 582 .
125 514 242 586 opipara
255 509 391 570 convivia
403 507 644 582 frequententur,
663 507 714 562 ubi
727 508 831 582 cuique
844 508 963 564 libuerit
976 519 1007 564 et
1016 513 1157 583 potuerit,

24 606 26 613 ’
123 593 169 650 die
184 603 330 674 noctuque
343 591 476 674 ludatur,
500 591 631 663 bibatur,
649 599 801 662 vomatur,
816 589 973 647 diffluatur.
1016 589 1157 650 Saltatio·

123 697 175 734 nes
190 669 338 752 undique
346 683 540 770 concrepent,
566 673 681 730 theatra
694 672 867 730 inhonestae
880 675 1011 750 lactitiae
1016 677 1156 750 vocibus,

63 789 81 812 ‚s
110 772 209 835 ,atquc
224 761 305 816 omni
316 777 427 836 genere
441 759 503 814 sive
518 757 770 814 crudelissimae
747 777 809 815 srva
823 751 1010 833 turpissimae
1023 761 1157 835 volupta-

121 847 161 900 tis
177 851 360 899 exaestuent.
403 839 456 897 llle
470 843 509 900 sit
521 833 687 915 publicus
678 842 832 912 inimicus,
859 843 906 898 cui
931 839 1003 898 haec
1030 843 1156 900 felicitas

124 928 277 1003 displicet:
298 926 430 1001 quisquis
446 943 509 981 cam
521 933 634 980 mutare
647 924 825 982 velauferre
839 927 1014 997 tentaverit,
1043 928 1157 982 cunuli-

86 1073 91 1086 Ι
121 1012 192 1068 bera
204 1009 365 1072 multitudo
372 1018 487 1066 avertat
499 1008 533 1064 ab
548 1009 685 1076 auribus,
713 1018 861 1066 evertate
884 1008 1016 1078 sedibus,
1045 999 1157 1066 auferat

32 1143 35 1154 .
122 1093 327 1158 aviventibus.
370 1091 417 1147 llli
430 1090 592 1148 habeantur
605 1091 737 1162 diiveri,
764 1094 814 1167 qui
838 1090 914 1152 hanc
940 1092 1158 1166 adipiscendam

121 1179 235 1253 papalia
248 1177 490 1251 procuraverint,
518 1174 710 1249 adeptamque
732 1177 924 1232 servaverint.
969 1174 1115 1246 colantur
1128 1186 1157 1232 ut

24 1283 26 1292 ι
121 1261 287 1330 voluerint,
313 1259 409 1314 ludos¹
423 1267 586 1334 exposcant
611 1260 711 1332 quales
737 1260 902 1330 noluerint,
928 1277 1000 1333 quos
1015 1278 1085 1316 cum
1098 1261 1155 1316 suis

25 1360 27 1366 ’
121 1346 171 1400 vel
183 1343 218 1400 de
233 1344 293 1400 suis
307 1345 422 1417 possint
434 1341 541 1398 habere
555 1342 733 1398 cultoribus:
759 1351 874 1398 tantum
887 1341 1032 1414 efficiant,
1060 1353 1094 1401 ut
1107 1344 1156 1398 tali

62 1481 64 1485 ,
112 1427 257 1484 felicitati
282 1425 356 1482 nihil
381 1427 416 1482 ab
440 1425 543 1496 bostc,
569 1423 643 1502 nihil
657 1435 787 1500 apeste,
812 1424 884 1482 nihil
898 1426 932 1482 ab
946 1428 1013 1482 ulla
1024 1426 1109 1494 clade
1122 1429 1156 1482 ti-

120 1519 243 1567 meatur.
286 1511 359 1577 ‘Quis
385 1508 461 1566 hauc
482 1509 689 1582 rempublicam
707 1527 812 1580 sanus,
840 1527 900 1564 non
916 1509 1011 1565 dicam
1025 1507 1156 1576 Romano

83 1616 86 1628 ⁴
120 1595 255 1676 imperio,
268 1593 319 1648 scd
333 1591 629 1666 domuiSardanupali
642 1589 871 1668 comparaverit?
886 1594 936 1667 qai
946 1591 1094 1666 quondam
1105 1611 1163 1649 rax-

120 1677 163 1734 ita
179 1678 236 1734 fuit
253 1679 449 1751 voluptatibus
468 1675 618 1746 deditur,
626 1685 659 1731 ut
673 1677 704 1732 in
723 1677 855 1750 sepulcro
870 1695 922 1736 suo
937 1677 1028 1732 scribi
1041 1677 1156 1748 feccrit,

122 1781 156 1817 ea
169 1759 231 1816 sola
244 1779 276 1834 se
289 1759 397 1817 habere
406 1770 568 1830 mortuum,
584 1777 658 1834 quac
670 1758 799 1816 libido
774 1778 836 1815 erus
851 1761 939 1826 ctiam
952 1779 1019 1815 cum
1019 1762 1155 1844 siverat,

120 1843 281 1900 hauriendo
309 1853 520 1900 consumserat.
565 1844 670 1908 Quem
683 1860 786 1940 regem
798 1844 850 1898 isti
864 1861 889 1898 ιι
881 1829 1045 1899 haberent
1059 1845 1136 1900 ιίΙιὶ
1129 1864 1156 1900 m

51 1985 53 1990 ,
120 1929 228 1984 talibus
224 1927 461 2006 indulgentem,
484 1926 585 1982 necin
600 1927 642 1981 eis
657 1928 792 2000 cuiquam
804 1927 863 1982 ulla
877 1927 1036 1982 severitate
1055 1927 1156 1982 adver-

121 2021 251 2081 santem,
277 2009 345 2067 huic
358 2012 497 2067 libentius
512 2027 599 2084 quarn
612 2007 738 2068 Romani
750 2017 867 2067 veteres
881 2007 1005 2068 Romulo
1019 2013 1155 2085 templum

58 2147 62 2166 ,
121 2093 311 2151 etilaminem
324 2102 542 2152 consecrarent.

463 2219 822 2308 „cnrsxxu.

184 2391 188 2404 ι
233 2344 308 2409 Quae
317 2341 552 2414 tententiafuera't
564 2341 701 2396 Ciceronis
711 2344 743 2395 de
752 2342 876 2396 Romana
887 2343 1046 2412 reipublice.

184 2432 243 2491 Sed
269 2433 296 2488 si
321 2433 522 2488 contemnitur
544 2434 594 2508 qni
607 2431 770 2498 Romanam
782 2435 990 2509 rempublicam
1002 2437 1155 2508 pmsimam

120 2538 154 2584 ac
167 2515 428 2595 flagitiosissimam
441 2513 534 2586 dixit,
564 2534 619 2572 nec
633 2527 739 2574 curant
750 2519 801 2574 isti
814 2528 924 2592 quanta
936 2537 1052 2580 morum
1064 2521 1154 2594 pessi-

119 2620 234 2658 morum
247 2619 281 2657 ac
294 2597 508 2675 flagitiosorum
521 2600 585 2656 labe
599 2617 633 2656 ac
658 2600 800 2674 dedecore
826 2602 997 2675 impleatur,
1025 2602 1079 2658 sed
1093 2613 1154 2658 tan-

120 2685 268 2741 tummodo
282 2693 315 2739 ut
329 2682 472 2738 consistat
486 2691 660 2755 etmaneat3
687 2685 807 2741 audiant
832 2704 913 2756 cam,
942 2689 1018 2763 hon,
1045 2697 1078 2742 nt
1092 2685 1153 2742 Sal·

23 2827 26 2833 ,
75 2759 76 2764 ἵ
120 2769 226 2825 lustius
240 2769 356 2836 narrat,
382 2765 539 2838 pessimam
552 2785 585 2822 ac
593 2765 859 2846 flagitiosissimam
873 2759 998 2840 factam,
1025 2771 1092 2840 scd,
1116 2772 1152 2826 si·

120 2860 169 2907 cut
183 2849 285 2906 Cicero
298 2848 440 2921 disputat,
465 2849 524 2904 iam
537 2859 607 2906 tamo
628 2870 748 2926 prorsus
771 2855 899 2927 perisse,
926 2854 1079 2910 etnullam
1092 2873 1151 2910 om·

95 2940 100 2948 '
118 2935 190 2991 uino
204 2932 381 2988 remansisse
394 2925 610 3005 rempublicam.
654 2933 770 2992 lnducit
782 2939 862 2993 enirn
874 2935 1060 3010 Scipionem,
1088 2957 1151 2994 euru

117 3019 213 3091 ipsum
226 3035 276 3091 qur
267 3012 494 3091 'Carthaginem
505 3020 708 3090 exstinxerat,
728 3019 764 3076 de
778 3021 925 3112 republica
938 3021 1150 3094 disputantem;

118 3099 233 3175 quando
245 3099 499 3173 praesentiebatur
518 3120 553 3157 ca
569 3103 775 3178 corruptione,
802 3101 888 3179 'quam
901 3103 1148 3178 dcscribitSallu-

118 3185 207 3254 atius,
233 3183 419 3255 iamiamque
433 3186 574 3258 peritura.
616 3185 661 3242 Eo
689 3189 794 3262 quippe
819 3197 949 3261 tempore
975 3187 1149 3262 disputatur,

117 3268 245 3342 quoiam
258 3284 335 3322 unus
350 3263 550 3325 Gracchorum
574 3271 688 3326 occisus
715 3270 786 3342 fuit,
813 3290 831 3326 a
843 3289 900 3368 quo
914 3271 1018 3327 scribit
1031 3273 1149 3328 seditio-

92 3363 102 3374 ·
118 3369 170 3405 nes
185 3367 290 3428 graves
306 3351 437 3424 coepisse
451 3349 619 3408 Sallustius.
661 3352 737 3409 Nam
749 3355 853 3410 mortis
870 3356 932 3411 eius
949 3353 1005 3409 fit
996 3373 1029 3411 ιιι
1044 3355 1149 3424 eisdem

87 3445 97 3462 ¹·
116 3434 199 3490 libris
226 3437 469 3491 commemoratio.
513 3433 702 3508 Cumautcm
709 3435 837 3511 Scipio'
828 3457 859 3492 ιιι
874 3438 995 3494 secundi
1013 3439 1082 3495 libri
1095 3438 1149 3494 fine

112 3512 262 3588 dixisset,
292 3527 326 3574 ut
349 3518 382 3575 in
403 3501 512 3578 fidibus
539 3536 573 3574 ac
599 3519 678 3575 tibiis
705 3530 893 3594 atquecantu
907 3523 970 3618 ipso
984 3540 1018 3578 ac
1032 3523 1149 3595 vocibus

118 3610 279 3658 concentus
294 3610 340 3656 est
353 3600 478 3676 quidam
482 3601 627 3658 tenendus
642 3620 680 3657 ex
693 3601 843 3660 distinctis
861 3607 959 3676 sonis,
986 3623 1074 3680 quem
1098 3608 1148 3660 inr-

115 3692 258 3739 mutatum
283 3692 334 3738 aut
356 3684 569 3758 discrepantem
593 3703 679 3740 aures
704 3687 836 3748 eruditae
849 3687 928 3745 ferre
943 3707 1003 3744 non
1016 3698 1148 3762 possunt,

117 3767 200 3838 isque
226 3774 386 3822 concentus
413 3784 451 3821 cx
477 3765 735 3838 dissinrillimarum
747 3789 854 3828 vocum
866 3771 1068 3828 moderatione
1083 3791 1147 3828 eon·

118 3864 183 3903 cors
197 3857 295 3904 tannen
309 3847 439 3906 allicitur.
447 3859 476 3906 et
502 3866 685 3929 congruens3
712 3854 755 3909 sic
770 3872 807 3912 ex
822 3857 942 3912 sunuuis
957 3868 986 3910 et
998 3855 1108 3914 infimis
1122 3867 1146 3910 et
