2362 4314
59 777 62 783 ’
175 785 258 860 gavit
271 781 459 850 daemonem„
479 777 581 832 lumen
594 772 725 830 reddere.
767 771 865 846 Tunc,
878 771 1097 847 siautpotuitcbn
1134 753 1147 836 'j'

142 229 145 236 '
167 227 230 288 384
395 212 497 276 nlvl
515 206 705 288 sva-uult
724 204 972 274 Avavstlur

169 359 266 435 ¹cutem
279 372 367 430 etiam
378 369 431 425 olii
443 364 561 425 vocibus
574 363 638 419 eius
650 359 751 432 acciti,
771 369 857 417 etse
872 378 964 418 omnes
978 358 1003 417 io
1016 358 1103 416 oniam
1140 416 1143 427 ,

170 477 223 534 pro
237 456 290 512 illo
303 459 467 509 straverant
473 443 498 530 ,)
518 446 647 523 quamvis
660 461 727 499 eum
741 460 816 499 sana
828 453 925 500 mente
933 453 998 500 stare
1008 441 1102 518 gaudeat,

170 555 272 597 rursus
284 543 381 591 tamen
394 542 512 608 propter
524 528 639 586 oculum
652 527 714 582 cius
728 526 916 600 contristati,
932 524 1047 594 medicus
1060 541 1102 598 quae

171 619 295 679 rendum
303 634 365 674 esse
379 613 519 702 dicebant.
543 608 588 667 lbi
600 607 721 666 maritus
734 609 932 680 accensetur,
945 605 1103 684 quicuniiode
1134 594 1147 631 '¹'

172 704 291 768 sitierat,
304 687 414 755 Potens
427 705 482 765 est,
495 693 602 769 inquit,
615 689 696 747 Dens
709 683 880 748 sanctorum
890 687 1101 762 oradonibnqdb

174 868 286 939 lapsura
299 871 386 935 atque
402 855 594 934 pendentem,
618 858 685 912 loco
702 873 755 912 suo
772 867 942 916 revocatum
957 857 1039 934 ligarit
1050 851 1095 909 sidu
1133 841 1146 878 ¹¹

79 935 84 952 ⁴
173 965 229 1004 nac
241 945 375 1018 nisipost
387 949 497 1014 septem
510 939 573 996 dies
589 939 702 1014 putavit
721 956 785 996 esse
802 937 978 996 solvendum.
1010 935 1099 1006 (ludos

169 1029 307 1094 fecisset,
332 1024 517 1082 senbsimum
528 1022 650 1080 invenit.
691 1019 796 1079 Sancti
808 1013 1102 1094 sustinueritis

173 1110 229 1166 bus
243 1107 338 1163 dicere
350 1105 470 1181 longum
485 1113 538 1161 est.

236 1187 453 1262 Hipponensem
464 1185 607 1263 quandam
617 1186 760 1264 virginem
774 1187 852 1258 scic,
877 1204 943 1246 cum
955 1203 983 1244 se
998 1185 1044 1242 oleo
1058 1191 1107 1254 pist

174 1273 286 1341 xisset,
300 1271 348 1327 cui
361 1287 415 1344 pra
428 1270 479 1325 illa
491 1287 578 1326 orans
590 1267 746 1346 Presbyter
758 1270 955 1328 instillaverat
964 1272 1109 1344 bonnm
1139 1320 1141 1331 ,

174 1370 271 1412 moxa
284 1351 435 1408 daemonio
448 1351 686 1409 fuissesauatam.
730 1350 799 1408 Scio
819 1354 908 1410 etiam
919 1337 1111 1428 Episcopmltli
1138 1340 1147 1376 ¹

174 1455 227 1513 pro
240 1435 439 1507 adolescente,
449 1452 535 1510 quem
546 1453 606 1494 non
616 1433 704 1508 vidit,
716 1453 828 1510 orasse,
841 1435 978 1513 illumque
988 1436 1049 1492 illies
1057 1428 1125 1486 bat
1139 1403 1147 1460 Ἠ

174 1537 215 1578 ne
225 1535 362 1575 caruisse.

123 1597 127 1604 ’
195 1593 200 1606 ’
238 1601 310 1680 Erat
327 1599 443 1676 qnidam
458 1619 551 1660 senex
566 1601 733 1659 Florentius
750 1600 953 1680 Hipponensis
970 1609 1062 1668 noster,
1076 1585 1147 1666 buti

176 1685 332 1762 religiosus
342 1693 373 1739 et
384 1701 504 1760 pauper,
517 1687 637 1741 sartoris
647 1702 678 1740 se
691 1693 754 1753 arte
763 1683 918 1758 pascebat,
931 1663 1118 1755 casulcmpudib
1139 1651 1147 1707 i

177 1777 234 1840 rat,
248 1774 278 1822 et
290 1765 368 1824 unde
381 1768 437 1825 sibi
462 1777 570 1824 emeret
582 1785 642 1824 non
654 1765 791 1823 babebat:
805 1766 1119 1844 adviginfillartyrult
1140 1733 1147 1792 Ι

102 1863 106 1870 “
175 1867 242 1908 rum
255 1848 393 1906 Memoria
406 1849 483 1923 apud
496 1867 550 1907 nos
564 1859 609 1906 est
621 1849 822 1921 celeberrima,
842 1852 923 1907 claro
935 1869 1014 1924 voce,
1025 1839 1119 1905 utrobi
1141 1836 1147 1912 l

176 1943 238 2003 tur,
250 1932 353 1988 oravit.
394 1930 558 1988 audierunt
568 1951 634 1987 eum
647 1931 855 2005 adolescentes,
878 1937 930 2009 qui
943 1935 1013 1990 forte
1024 1919 1120 1987 alenti·
1142 1920 1147 1957 ¹

177 2017 301 2085 risores3
315 2031 438 2088 eumque
450 2013 647 2090 discedentem
659 2015 842 2090 exagitantes
854 2017 1121 2092 prosequebanturil*
1142 2002 1147 2038 ¹

179 2101 206 2155 si
218 2116 237 2153 a
249 2095 423 2173 Martyribus
436 2098 653 2174 quinquagenos
666 2096 762 2166 folles,
775 2096 852 2154 unde
865 2102 1055 2156 vestimentum
1063 2091 1121 2150 suot
1143 2085 1147 2122 ¹

180 2180 341 2256 petivisset.
382 2176 478 2234 Atilia
492 2181 597 2235 tacitus
611 2177 776 2250 ambulans,
802 2182 928 2239 eiectum
941 2175 1121 2261 grandeutitl⁸
1146 2169 1147 2222 Ῠ

95 2271 96 2276 ’
177 2262 367 2338 palpitantem
378 2258 455 2318 uidit
466 2261 497 2316 in
510 2263 624 2333 littore,
646 2249 766 2336 eumque
783 2262 845 2318 illis
863 2264 1022 2323 faventibus
1037 2245 1121 2334 atqu*
1145 2253 1147 2287 ⁴

177 2343 343 2400 iuvantibus
356 2338 559 2416 apprehendit,
578 2353 608 2400 et
620 2341 732 2399 cuidam
743 2361 837 2420 coquo
850 2344 955 2405 Catoso
969 2347 1077 2410 nomine,
1090 2337 1120 2392 id
1144 2336 1147 2390 l

178 2421 357 2496 Christiano,
371 2423 408 2480 ad
420 2427 575 2500 coquinam
588 2424 786 2496 conditariam,
796 2427 932 2487 indicans
946 2431 1008 2506 quid
1020 2413 1122 2506 gestan&
1144 2418 1147 2490 Ι

177 2508 317 2565 trecentis
329 2506 446 2565 follibus
459 2508 603 2578 uendidit,
615 2511 712 2565 lanam
726 2527 893 2582 comparare
905 2515 973 2570 inde
986 2499 1124 2586 dispertiti
1144 2495 1147 2536 ¹

98 2605 101 2608 ·
177 2608 256 2648 uxor
269 2591 337 2668 eius
346 2589 486 2666 quomodo
497 2599 608 2667 posset,
617 2591 713 2666 eiquo
729 2590 912 2665 indueretur,
926 2597 1049 2653 efficeret
1062 2582 1124 2645 Sed*
1144 2561 1147 2620 Ι

100 2671 103 2680 '
178 2691 251 2749 quus
265 2669 420 2730 concidens
433 2675 554 2748 piscem,
577 2674 715 2730 annulum
729 2677 892 2733 aureamin
905 2677 1053 2744 ventriculo
1062 2661 1124 2726 cinit
1144 2659 1147 2704 ¹

89 2805 90 2808 ,
179 2758 278 2827 venit,
296 2773 422 2830 moxque
436 2757 619 2816 miseratione
632 2753 781 2826 flexuose
793 2759 939 2836 religione
952 2743 1123 2836 perterritus*
1144 2749 1147 2788 ¹

91 2845 92 2848 ’
177 2840 250 2896 mini
264 2856 329 2893 euru
340 2837 482 2975 {eddidib
505 2837 616 2911 dicens,
638 2837 719 2895 Ecce
735 2840 877 2915 quomodo
890 2841 1002 2924 Viginti
1012 2829 1123 2913 bistili‘i
1145 2833 1147 2888 i

178 2922 340 2980 vestierunt
1144 2965 1145 2972 ,

162 3035 163 3042 1
242 3002 286 3060 Ad
297 3020 385 3078 aquas
397 2999 571 3060 Tibiiitanas
584 3001 727 3079 Episcopo
737 2997 876 3064 afferente
884 3005 1026 3066 Praeieeto
1032 2981 1123 3082 [Putitii
1146 2997 1147 3026 ἶ

66 3129 68 3132 -
178 3087 321 3161 reliquias
337 3083 475 3162 Martyris
493 3087 696 3162 gloriosissimi
718 3085 875 3161 Stephani,
902 3090 940 3149 ad
957 3077 1124 3148 eiusllecsd·
1146 3103 1147 3108 ¹

177 3167 444 3246 veniebatmagnae
457 3167 650 3226 multitudinis
662 3187 819 3227 concursus
833 3182 863 3229 et
872 3192 1012 3235 occursus
1048 3167 1123 3225 bitti*

178 3250 297 3322 mulier,
320 3259 354 3306 ut
365 3251 400 3308 ad
413 3251 584 3326 Episcopum
601 3261 763 3326 portantem
778 3251 917 3330 [pignora
930 3252 1019 3329 sacre]
1030 3249 1123 3309 lucen,

58 3379 59 3382 ,
179 3334 288 3390 oravit:
313 3330 399 3390 flores
412 3352 483 3408 quos
496 3332 611 3388 ferebat
620 3333 712 3406 tedtt3
738 3337 864 3412 recepit,
880 3342 970 3396 oculis
982 3333 1124 3398 admovitt*

178 3417 256 3471 tinus
267 3414 349 3486 sidit.
392 3413 579 3490 Stupentibus
593 3417 643 3490 qui
656 3416 793 3489 aderant,
807 3423 939 3494 praeibat
950 3405 1123 3484 exsultasti·

179 3514 311 3570 carpens,
326 3505 356 3552 et
369 3498 433 3554 viae
446 3497 546 3554 ducem
558 3498 678 3554 ulterius
691 3517 752 3555 non
764 3499 926 3576 requirens}

200 3633 207 3648 ,
239 3567 572 3642 ΜεηιοῐατῖΜοηιοῑίαιιι
584 3580 739 3657 Martyris,
765 3601 840 3658 quae
858 3589 952 3662 posita
969 3593 1010 3643 est
1026 3585 1053 3640 iu
1064 3561 1122 3654 aff,

60 3727 68 3744 Ι
161 3655 333 3730 Sinitensi,
352 3645 429 3735 quod
442 3660 625 3736 Hipponensi
638 3663 909 3725 coloniaevieinum
924 3679 979 3740 est,
996 3653 1124 3724 eiusdemlli

176 3737 306 3798 Lucillus
319 3741 491 3818 Episcopus,
517 3747 621 3819 populo
635 3746 827 3820 praecedente
840 3760 926 3826 atque
945 3759 1063 3827 sequente
1076 3741 1126 3824 W

126 3847 128 3852 s
176 3819 235 3876 bat.
273 3823 398 3896 Fistula,
412 3829 495 3882 cuins
506 3829 639 3885 molestia
652 3830 709 3886 iam
722 3828 773 3887 diu
786 3831 979 3907 laboraverat,
990 3843 1016 3891 et
1026 3823 1127 3886 (ΜΨ
