2362 4312
229 141 630 261 nummulariam
657 185 743 262 ma
761 185 823 242 111.
958 223 961 228 ·
1010 194 1068 258 rs,

54 341 113 407 l'eet,
136 339 205 413 quia
217 335 360 394 Romanis
372 336 463 392 multa
476 331 559 398 sacra
573 338 736 393 constituit.
779 336 825 400 Illi
847 353 917 394 vero
940 338 1051 398 bomini

30 461 31 494 3
44 441 81 496 pro
94 433 171 478 tanto
186 422 248 496 otio
273 416 481 500 gratulandum
504 419 576 490 fuit,
602 421 628 475 si
640 419 727 481 modo
741 420 772 475 id
784 421 872 476 rebus
887 413 1049 480 salubribus

38 509 126 561 scisset
148 502 340 578 impendere,
374 504 413 556 et'
427 503 675 575 perniciosissima
687 505 873 562 'curiositate
898 505 1050 582 neglecta,

32 585 114 646 Deum
128 606 232 643 verum
245 603 318 641 vera
331 583 439 658 pictate
460 587 639 658 perquirere.
682 585 769 648 Nunc
782 597 955 643 autemnon
969 589 996 642 ei
1010 588 1050 644 dii
1083 605 1109 626 ‘⁸
1148 615 1151 646 ;

30 675 211 728 contulerunt
223 666 298 724 illud
313 669 421 724 otium:
448 665 499 722 sed
513 669 687 724 cumminas
701 671 829 729 fortuma
855 669 1050 745 decepissent,

30 759 43 812 i
63 758 195 814 otiosam
217 754 341 812 minime
354 753 542 825 reperissent.
586 752 703 822 Quanto
718 754 796 808 enim
807 755 905 810 minus
920 773 987 809 eum
1000 772 1050 810 oc-

30 849 154 914 upatum
179 833 392 906 invenerunt,
408 844 490 891 tanto
515 837 609 914 magis
635 836 691 909 ipsi
707 846 933 910 occupaverunt.
976 835 1052 892 Nam

30 921 89 996 quid
104 923 152 976 ille
169 921 295 975 molitus
310 918 365 987 sit,
392 918 538 992 atquibus
552 919 663 984 artibus
678 919 747 974 deos
761 922 833 980 tales
849 921 920 991 sibi,
947 921 997 975 vel
1007 921 1052 976 illi
1097 957 1100 967 ι

30 1006 131 1070 ivitati
156 1004 334 1060 consociare
358 1003 504 1075 potuerit,
530 999 623 1064 Varro
648 1002 760 1080 prodit:
786 1002 1050 1077 quodsiDomino

30 1089 174 1157 ilaenerit,
202 1105 260 1142 suo
275 1084 448 1162 diligentius
463 1084 625 1142 disseretur
637 1087 718 1142 loco:
744 1085 830 1143 modo
856 1097 955 1144 autem
976 1089 1051 1162 'quia

30 1175 48 1226 ³e
63 1171 219 1226 benefieiis
235 1187 340 1224 eorum
354 1170 487 1242 quaestio
501 1177 560 1239 est,
579 1187 719 1246 magnum
731 1169 907 1226 beneficium
921 1179 965 1225 est
978 1184 1051 1244 pax3

30 1255 61 1310 cd
74 1253 135 1310 Dei
150 1254 220 1311 veri
233 1251 412 1310 beneficium
427 1260 486 1323 est,
505 1253 676 1330 plerumque
690 1256 778 1311 etiam
791 1255 869 1309 sicut
887 1254 947 1325 sol,
974 1255 1053 1309 sicut

30 1340 111 1395 iuria
124 1339 273 1410 vitaeque
287 1337 345 1398 alia
358 1335 503 1406 subsidia,
523 1331 611 1408 s'uper
623 1337 758 1414 ingratos
773 1346 802 1392 et
815 1355 949 1412 nequam.
993 1335 1053 1393 Sed

30 1421 105 1478 ibae
119 1430 186 1476 tam
208 1437 353 1496 magnum
365 1419 473 1474 bonum
488 1417 529 1474 dii
549 1419 592 1474 illi
605 1415 715 1490 Romae
724 1421 775 1476 ¹rel
788 1418 930 1494 Pompilio
945 1429 1050 1478 contn-

30 1515 125 1578 rrunt,
156 1522 216 1560 eur
244 1504 367 1576 imperio
381 1499 513 1568 Romano
527 1509 579 1576 per
596 1495 659 1576 ipsa
674 1513 804 1577 tempora
817 1502 1007 1559 laudabiliora
1021 1501 1053 1557 id

30 1607 167 1663 inaquam
181 1596 289 1661 postea
301 1577 534 1659 praestiteruntl
576 1585 622 1641 An
636 1587 754 1640 utiliora
769 1595 854 1644 crant
868 1604 967 1657 saera,
986 1606 1053 1642 eum
1102 1593 1106 1610 '

30 1675 269 1740 nstituerentnr,
284 1687 371 1742 quam
385 1688 451 1724 cum
464 1670 601 1724 instituta
615 1665 856 1723 celebrarentur?
878 1668 968 1742 Atqui
980 1671 1053 1724 tuuc
1072 1677 1075 1684 “

30 1755 145 1812 landum
175 1761 283 1822 erant,
309 1751 361 1808 sed
385 1760 420 1806 ut
444 1760 544 1810 essent
569 1748 764 1806 addebantur:
790 1759 982 1826 posteavero
996 1753 1054 1807 iam

30 1849 111 1908 rant,
140 1855 224 1912 quae
251 1843 286 1900 ut
310 1834 485 1908 prodessent
511 1830 762 1891 custodiebantur.
807 1832 884 1901 Quid
901 1829 977 1910 ‘crgo
999 1843 1053 1895 est,

30 1921 91 1997 nod
105 1923 150 1976 illi
165 1917 367 1996 quadraginta
379 1907 456 1988 tres,
483 1919 546 1989 vel,
570 1926 603 1972 ut
616 1918 667 1976 alii
680 1915 799 1990 volunt,
812 1918 937 1996 triginta
950 1935 1055 1973 novem

30 2007 84 2061 nni
97 2007 130 2060 in
145 2013 210 2059 tam
223 2004 316 2083 longa
328 2020 400 2076 pace
423 2001 566 2057 transacti
579 2009 650 2057 sunt
662 2010 807 2078 regnante
820 1999 931 2072 Numa,
959 2009 989 2054 ct
1001 2001 1080 2073 po-l*

31 2099 77 2144 tea
91 2088 190 2144 sacris
205 2085 372 2154 institutis,
399 2084 514 2158 diisque
527 2085 617 2158 ipsis,
642 2086 695 2159 qui
708 2083 817 2142 eisdem
831 2086 922 2140 sacris
937 2083 1055 2139 fuerant

30 2173 151 2241 usitati,
179 2171 242 2225 iam
256 2167 439 2242 praesidibus
462 2162 552 2242 atque¹
571 2161 738 2240 tutoribus,
763 2171 816 2224 vix
829 2178 895 2242 post
908 2176 967 2223 tam
979 2168 1053 2222 mul-
1098 2209 1102 2220 ,

30 2275 63 2310 os
75 2233 173 2312 ambos
187 2253 225 2308 ab
240 2249 318 2306 Vrbe
332 2251 450 2308 condito
463 2270 557 2325 usque
571 2251 607 2306 ad
617 2251 784 2329 Augustum
795 2270 872 2307 unns
882 2269 935 2324 pro
947 2239 1052 2326 magno
1065 2299 1071 2311 Χ
1127 2297 1131 2310 ,

30 2341 159 2394 miraculo
177 2345 427 2392 commemoratur
440 2353 537 2395 annus
561 2344 629 2408 post
640 2337 767 2409 primum
778 2336 886 2392 bellum
898 2332 1054 2404 Punicum,
1114 2367 1122 2384 e

30 2440 82 2494 quo
92 2423 158 2478 belli
171 2428 278 2497 portas
292 2415 419 2474 Romani
432 2415 568 2474 claudere
580 2414 766 2492 potneruntl

439 2566 561 2626 GAP.
602 2565 648 2668 ΧιΙ

30 2685 224 2754 inomandum
238 2671 349 2762 fuerit,
368 2683 527 2750 queritante
548 2655 676 2733 bellorum
695 2681 770 2738 rabie
781 2681 962 2738 Romanorum
975 2700 1056 2753 cage-

30 2767 94 2808 *etur
103 2753 254 2825 imperium
260 2789 270 2816 ,
289 2769 348 2826 cum
358 2769 387 2804 co
398 2751 486 2806 studio
496 2768 547 2820 quo
558 2752 604 2802 rub
614 2749 702 2803 Nioba
712 2760 821 2803 auctum
832 2760 881 2816 ert,
889 2765 892 2770 ”
901 2755 928 2804 c't
937 2751 1057 2820 quietum
1069 2817 1073 2822 ι

359 2837 414 2873 erae
429 2821 563 2896 potuisset
583 2830 610 2872 ct
630 2829 727 2872 tutum.

79 2934 125 2989 An
142 2928 344 3005 respondent,
364 2927 441 3003 quod
456 2929 516 2991 nisi¹
528 2927 655 2984 assiduis
669 2927 783 3002 sibique
797 2929 939 3008 continuo
953 2948 1056 2983 succe-

30 3015 157 3073 dentibus
171 3015 261 3070 bellis
272 3010 436 3070 Romanum
446 3012 599 3085 imperium
612 3020 672 3066 tam
683 3013 771 3088 longe
784 3013 900 3086 lateque
913 3031 973 3067 non
988 3029 1056 3083 pos-

30 3099 204 3176 setangeri,
230 3105 335 3150 ettam
348 3094 454 3172 grandi
466 3094 562 3172 gloria
580 3091 745 3150 diffamari?
779 3092 888 3150 Idonea
900 3112 970 3151 vcro
986 3110 1055 3146 cau-

30 3200 67 3238 sa:
90 3191 126 3238 nt
139 3197 290 3256 magnum
304 3187 381 3234 essct
393 3179 563 3252 imperium,
589 3196 642 3232 cur
655 3195 720 3236 esse
734 3177 853 3233 deberet
870 3170 1056 3251 inquietum?

30 3264 124 3322 Nonne
152 3257 186 3319 in
215 3262 389 3334 corporibus
410 3258 562 3322 hominum
583 3261 675 3316 satius
690 3270 736 3316 est
747 3260 891 3317 modicam
915 3266 1057 3314 staturam

30 3367 84 3405 cum
95 3349 232 3404 sanitate
246 3342 369 3414 habere,
397 3361 483 3419 quam
495 3342 531 3398 ad
548 3345 655 3399 molem
668 3345 795 3420 aliquam
809 3346 978 3421 giganteam
989 3358 1056 3412 per·
1125 3377 1129 3386 «

30 3434 112 3504 petuis
127 3427 347 3486 afflictionibus
360 3423 531 3499 pervenire?
558 3446 612 3488 nee
639 3446 706 3483 curn
729 3427 916 3501 perveneris,
938 3423 1056 3496 requic—
1143 3479 1147 3488 ,

30 3531 118 3586 seere;
138 3511 195 3568 sed
210 3517 326 3585 quanto
341 3508 545 3584 grandioribus
559 3511 712 3581 membris,
726 3519 808 3566 tanto
822 3505 979 3562 maioribus
992 3507 1056 3582 agi·
1099 3549 1101 3554 ,

30 3600 76 3652 lari
97 3597 187 3654 malis
200 3591 213 3648 l
262 3589 343 3656 Quid
355 3581 451 3647 autem
464 3593 534 3652 mali
548 3601 642 3664 esset,
667 3597 702 3647 ac
717 3611 777 3648 non
790 3591 887 3665 potius
900 3589 1059 3664 plurimum

30 3680 103 3751 boni,
132 3680 160 3734 si
176 3695 215 3732 ca
229 3684 365 3745 tempora
377 3675 584 3746 perdurarent,
603 3693 677 3750 quae
691 3672 865 3747 perstrinxit
879 3667 1059 3727 Sallustiusl

30 3763 68 3818 ubi
80 3767 136 3819 ait:
166 3759 304 3835 „lgitur
323 3755 406 3810 initio
424 3776 510 3834 reges
538 3753 619 3832 (nam
632 3758 664 3810 in
677 3757 765 3811 terris
779 3773 885 3816 nomen
900 3755 1013 3827 imperii
1028 3752 1059 3808 id

33 3831 291 3920 „primumfuit),
319 3833 437 3913 dirersi3
463 3859 530 3916 pars
555 3839 724 3918 ingenium,
750 3839 920 3914 aliieorpus
936 3854 1056 3890 exerce-
