2362 4312
265 206 325 264 DE
351 205 569 266 ClVlTATE
592 207 670 276 DEI
698 199 824 266 1111311.
883 221 898 238 ³
1023 217 1059 273 21

1 399 14 436 p
56 381 78 416 ιι
88 360 188 416 ccidcre
202 362 381 430 noluerunt,
406 377 444 416 nc
458 374 512 416 suo
526 361 660 418 facinore
674 361 804 419 alienum
819 358 966 440 flagitium
979 365 1061 426 devi-

1 479 13 518 p
54 453 137 515 urent,
157 443 288 518 quisquis
304 445 347 498 eis
361 440 418 498 boc
433 445 550 520 crimini
563 443 687 515 dederit,
704 446 767 519 ipse
782 447 906 502 crimine
917 449 1061 524 insipien·
1149 519 1151 522 Ι

1 549 13 601 p
53 530 96 582 tiae
107 546 159 583 non
176 527 296 584 carebit.
326 530 355 568 ι*
366 525 442 582 Nam
461 529 564 602 ntique
584 529 610 583 si
630 545 690 584 non
703 529 774 586 licet
785 530 902 603 privata
914 540 1060 604 potestate

0 609 171 667 bominem
202 609 340 666 occidere
373 610 421 666 vel
453 620 632 682 nocentem,
673 613 758 667 cuius
785 612 941 670 occidendi
966 617 1059 672 licon-

1 733 11 765 ,
37 695 106 749 tiana
116 696 158 750 lex
172 696 252 751 nulla
267 693 428 764 concedit,
454 693 590 767 profecto
605 695 694 752 etiam
713 696 810 771 quise
823 697 924 774 ipsum
939 697 1060 780 occidit,

1 815 10 850 p
51 773 171 834 bonieida
184 787 242 835 est:
271 786 303 832 et
316 785 401 832 tanto
415 777 450 834 fit
463 780 641 849 nocentior,
645 796 712 834 cum
726 797 758 833 se
773 780 932 854 occiderit,
947 792 1059 856 quanto

0 905 2 924 ι
54 863 212 917 innocentior
237 861 271 917 in
298 879 334 916 ea
359 879 448 916 causa
474 860 541 931 suit,
571 880 628 936 qua
653 881 684 917 se
713 862 908 922 occidendum
934 867 1059 939 putavit.
1098 871 1100 878 ’

6 965 7 972 “
56 943 146 1000 barn
126 963 147 999 ιι
161 944 245 1001 iudae
264 944 379 1000 factum
398 945 503 1000 merito
523 943 719 1017 detestamur,
747 952 996 1022 eumquevcritas
1012 949 1059 1005 iu-

0 1071 1 1090 ,
59 1025 127 1100 dicat,
150 1047 211 1084 cum
230 1047 262 1084 se
283 1029 392 1103 laqueo
411 1025 585 1103 suspendit,
612 1031 773 1086 sceleratae
792 1031 873 1102 illius
887 1032 1081 1090 traditionis·
1126 1047 1128 1051 ’

7 1146 10 1160 ·
57 1113 149 1167 auxisse
157 1113 273 1185 potins,
294 1129 384 1187 quam
397 1113 532 1184 expiasse
547 1114 749 1185 commissum
778 1107 918 1190 quoniam
931 1115 990 1172 Dei
1003 1118 1059 1172 mi-

1 1231 9 1262 n
54 1195 214 1252 scricordiam
234 1193 420 1268 desperando
448 1195 639 1251 exitiabiliter
665 1197 834 1269 poenitens,
862 1201 977 1256 nullum
1003 1199 1060 1256 sibi

1 1314 9 1345 2
54 1279 152 1334 salubris
164 1279 367 1354 poenitentiae
381 1280 478 1333 locum
491 1279 629 1354 reliquit:
657 1283 876 1362 quantomagis
891 1300 972 1338 esua
986 1302 1059 1338 acce

2 1411 4 1416 Α
54 1380 75 1416 ιι
85 1363 216 1419 abstinere
231 1361 336 1433 debet,
360 1363 412 1436 qui
430 1362 484 1416 tali
498 1363 643 1436 supplicio
669 1363 776 1437 qnod
767 1382 799 1419 ιιι
817 1383 849 1420 se
863 1367 979 1438 puniat,
997 1384 1059 1422 non

7 1493 8 1496 ,
54 1443 91 1500 bub
93 1442 133 1500 eti
155 1445 241 1502 ludas
257 1446 338 1501 enim
352 1463 419 1500 cum
433 1455 469 1499 se
479 1445 603 1516 occidit,
629 1448 806 1504 sceleratum
817 1446 966 1504 bominem
979 1451 1059 1504 occi·

4 1579 5 1582 ,
59 1527 97 1583 dit:
122 1539 260 1586 ettamen
281 1547 343 1584 non
365 1529 460 1602 solum
478 1526 605 1600 Christi,
628 1548 733 1586 verum
753 1532 843 1586 etiam
862 1551 933 1587 suae
953 1535 1058 1587 mortis

60 1626 109 1666 reus
121 1612 204 1670 linivit
217 1611 296 1668 hanc
310 1613 418 1683 vitam3
444 1613 515 1686 quia
532 1614 604 1668 licet
622 1623 742 1686 propter
758 1632 844 1669 suum
858 1617 972 1683 scelus,
999 1616 1057 1671 alio

61 1697 410 1766 suoscelcrcoccisusest.
494 1719 497 1724 ·
662 1691 739 1772 (isal
753 1693 888 1752 GAPVT
898 1695 1018 1772 XVII.)
1119 1705 1120 1712 ’

100 1779 174 1837 ‘Cur
186 1789 289 1837 autem
301 1777 390 1834 homo
405 1779 457 1854 qui
468 1780 538 1846 mali
553 1776 628 1838 nihil
642 1778 724 1847 fecit,
754 1778 810 1832 sibi
823 1778 1005 1850 malefaciat,
1032 1791 1061 1836 ct

57 1879 78 1915 ιι
86 1882 166 1936 ipsum
191 1861 404 1918 interficiendo
418 1861 565 1922 hominem
592 1862 755 1918 interficiat
781 1858 992 1933 innocentem,
1023 1881 1061 1918 ne

56 1941 121 2003 alium
130 1950 261 2021 patiatur
273 1954 446 2017 nocentcm3
469 1956 562 2021 atquc
574 1947 606 2002 in
620 1965 652 2001 sc
662 1953 814 2022 perpetret
825 1953 980 2040 peccatum
992 1963 1060 2020 pro

55 2030 139 2102 pion,
161 2049 199 2088 ne
217 2032 251 2088 iu
272 2035 308 2086 eo
328 2038 517 2104 perpetretur
535 2026 685 2086 alienuml

622 2111 655 2187 ιι
669 2112 708 2171 ιι
730 2110 865 2170 claua
880 2107 1019 2195 xum.)
1077 2177 1082 2184 ,-

307 2207 310 2216 ’
379 2212 502 2272 cna
550 2209 707 2271 xuni
820 2237 823 2242 -

58 2285 168 2348 liceum
178 2294 374 2349 violentiarum
390 2295 511 2376 libidine,
531 2293 654 2376 poemia
671 2308 794 2382 oppresso
810 2309 921 2360 corpore
936 2310 1007 2347 ιιιιιιι
1023 2294 1061 2347 iu-

423 2365 482 2416 vita
497 2363 697 2433 perpetitur.

106 2451 136 2508 it
145 2457 228 2527 enim,
243 2472 284 2512 ne
298 2455 348 2510 vel
362 2453 460 2510 aliena
471 2455 585 2546 polluat
598 2451 700 2524 libido,
727 2447 889 2508 metuitur?
915 2451 984 2510 Non
996 2453 1060 2527 pol-

1 1840 7 1886 ᾗ,

1 2526 3 2603 ζ
61 2533 115 2607 Ιιιι,
136 2541 273 2595 rachena
287 2539 359 2594 crit.
375 2539 414 2593 si
427 2547 526 2594 autem
544 2525 672 2611 polluet,
701 2537 797 2592 aliena
810 2554 872 2592 non
892 2523 958 2591 orii.
1002 2535 1061 2592 Sed
1157 2563 1159 2576 ·

1 2613 2 2625 ¹
57 2621 252 2702 impudicitia
272 2623 370 2678 virtus
384 2621 424 2676 sit
441 2622 547 2692 animi,
576 2621 771 2694 comitemque
788 2618 894 2675 habeat
909 2619 1061 2676 fortitudi

56 2717 102 2756 nen
108 2723 191 2779 ,qua
204 2706 307 2779 potius
321 2705 470 2779 quaelibet
482 2705 559 2760 mala
570 2706 715 2773 tolerare,
742 2721 830 2777 quam
842 2704 919 2758 malo
934 2717 1060 2759 censen-

54 2783 93 2839 tire
104 2745 246 2860 decernit3
272 2790 374 2844 nulllus
396 2798 496 2845 autem
508 2787 714 2864 magnanimus
734 2796 765 2841 et
782 2785 935 2860 pudicus
925 2803 956 2840 m
962 2782 1060 2860 pote-

55 2875 109 2924 aute
120 2869 238 2944 babeat,
267 2871 339 2946 quid
353 2871 388 2926 de
402 2890 456 2927 sua
471 2869 641 2941 cernebat,
669 2868 721 2926 sed
736 2878 852 2925 tantum
865 2868 935 2943 quid
948 2879 1062 2926 annuat
1083 2931 1085 2936 ¹

55 2964 140 3025 uento,
166 2956 215 3011 vel
228 2965 354 3026 renuat3
380 2957 445 3030 quis
465 2954 566 3011 cadem
580 2972 652 3010 sana
669 2962 766 3008 monte
779 2955 929 3030 putaverit
947 2971 979 3008 se
992 2971 1059 3025 per·
1117 3001 1118 3004 ,

55 3029 104 3089 dere
114 3038 301 3110 pudicitiam,
330 3057 356 3093 ιι
347 3038 472 3094 'forte
464 3058 495 3094 ιιι
509 3035 690 3112 apprehensa
705 3045 735 3092 et
752 3052 892 3110 oppressa
905 3054 994 3092 carue
1008 3053 1061 3090 sua

55 3131 203 3176 exerceatur
227 3131 258 3177 et
276 3123 432 3196 expleatur
456 3121 547 3177 libido
566 3140 628 3177 non
646 3116 726 3176 suai
753 3117 796 3175 Si
807 3119 886 3176 enim
904 3118 960 3174 hoc
974 3117 1060 3173 modo

11 3243 12 3248 ι
57 3200 168 3268 pudicitia
180 3207 276 3278 perit,
303 3205 437 3279 profecto
450 3205 594 3280 pudicitia
613 3206 709 3261 virtus
731 3205 823 3259 aniani
836 3221 897 3259 non
912 3203 979 3272 crit·
1006 3218 1061 3256 nce

11 3286 186 3350 uninebit
197 3287 237 3343 ad
250 3305 285 3344 ea
297 3290 387 3360 bona,
414 3290 520 3363 quibus
533 3289 608 3344 bene
620 3289 743 3358 vivitur,
769 3284 848 3342 sed
839 3305 871 3342 m
889 3277 975 3342 bonis
993 3301 1060 3339 cor-

55 3369 341 3434 lomnmnerabttnr:
369 3374 467 3446 qualia
482 3381 567 3443 sunt,
599 3373 695 3442 vires,
721 3367 907 3444 pulcritudo,
928 3368 1060 3422 saracin-

55 3451 169 3527 lignaque
193 3453 353 3526 valetudo,
379 3472 415 3510 ac
440 3457 467 3510 si
490 3453 561 3530 quid
587 3449 756 3512 huiusmodi
782 3462 841 3509 cst:
872 3467 948 3524 quac
973 3449 1060 3522 bona,

58 3532 157 3590 eliam
136 3555 160 3593 ιι
172 3540 367 3608 minuantur,
391 3525 520 3594 bonam
511 3547 677 3612 iustamque
689 3538 781 3593 vitam
795 3535 923 3592 omnino
930 3551 991 3589 non
1005 3535 1060 3590 mi-

55 3627 136 3673 nuunt.
175 3621 265 3688 erod
284 3623 310 3676 si
331 3623 389 3676 tale
407 3621 521 3702 aliquid
538 3631 585 3677 est
601 3621 761 3696 pudicitia,
788 3626 821 3673 nt
840 3616 910 3690 quid
928 3634 981 3690 pro
1000 3619 1061 3688 illa,

13 3701 14 3708 ’
56 3703 251 3776 recantatur,
281 3703 595 3780 etiamcumpcricule
610 3702 745 3775 corporis
763 3696 933 3759 laboraturi
960 3699 994 3756 Si
1008 3718 1061 3756 an-

59 3781 102 3833 tem
112 3788 192 3842 anna
203 3787 319 3845 bonum
333 3796 395 3858 cst,
421 3789 510 3843 ctiam
526 3799 667 3860 oppresso
688 3801 811 3858 corpore
829 3801 890 3839 non
905 3784 1060 3838 amittitur.
1155 3841 1157 3848 s

62 3855 207 3928 iunctim
226 3881 354 3928 sanctae
381 3872 584 3930 continentiae
611 3877 738 3936 ιιιιιιιιιιι,
767 3885 835 3924 cum
860 3863 1062 3923 immunditiae
