2362 4320
162 281 165 284 Ι
220 181 281 258 aaa
309 283 312 290 Ὺ
446 122 1041 253 n1v1avau'n11avavsr1ai

221 347 330 402 summo
340 352 397 402 est
401 344 461 402 frui
473 354 590 428 posset,
594 363 611 401 a
625 363 681 422 quo
695 347 812 416 avorsa,
825 363 886 402 non
893 300 1017 430 quidem
1030 329 1110 416 nulla,

219 429 286 485 mon
302 431 398 484 minua
413 437 500 495 earet,
516 437 601 502 atque
614 429 649 487 oh
664 427 718 484 hoo
731 429 837 483 misera
850 423 943 483 lieret.
979 427 1070 484 Huius
1082 447 1115 502 pu

219 507 265 566 lae
278 513 437 571 voluntatis
452 529 538 565 eausa
552 511 678 567 officiens
692 512 718 564 Τί
710 519 894 590 quaeratur,
909 509 1001 566 uilril'
993 513 1115 566 ruvonitu

221 599 266 649 ert
286 596 364 649 enim
382 593 459 668 quod
477 593 548 648 faoit
564 579 744 648 voluntatem
764 594 883 663 malam,
910 611 976 648 eum
994 595 1055 666 ipsa
1073 593 1115 648 faoi

220 673 348 731 malum?
365 677 409 758 pie
423 695 474 749 por
487 673 542 730 ho'e
555 677 630 729 mala
641 677 775 730 veluntas
790 674 917 730 effitiens
930 685 975 730 est
985 677 1076 748 operia
1088 694 1115 728 mv

219 761 265 814 lae'
279 769 374 814 autem
385 757 690 814 voluntatis-officiens
704 767 748 812 eat
761 755 842 812 nihil.
886 759 1030 823 Quoniam
1050 759 1074 811 Τί
1088 775 1115 812 re

221 847 275 912 est,
291 841 450 910 anthabet,
465 849 516 914 aut
530 838 688 896 nonhabet
704 841 830 914 aliquam
842 824 1037 896 voluntatem:
1052 859 1076 894 u
1067 839 1115 894 lia

175 933 176 936 ’
219 924 324 988 borram
333 925 469 1004 profecto
482 921 584 993 habat
599 931 651 977 aut
663 924 781 977 malam
807 923 834 976 Τι
846 922 968 992 bonam,
983 937 1052 996 quie
1058 924 1115 977 ιΤΤΤ

219 1016 267 1061 ΤΤ
276 997 354 1062 dicat
375 1007 452 1081 quod
474 1007 550 1060 bona
570 1007 706 1060 voluntas
728 1005 817 1059 faeiat
837 1007 1021 1060 voluntatem
1042 995 1115 1060 malai

219 1091 308 1158 enim,
325 1091 349 1142 si
363 1091 404 1147 ita
418 1098 483 1160 ΤΤΤ,
486 1089 562 1143 bona
574 1089 708 1160 voluutas
720 1105 807 1170 eausa
820 1089 946 1172 peceati:
961 1106 1019 1162 quo
1032 1089 1114 1144 alatur

219 1174 276 1226 tari
288 1168 362 1226 nihil
377 1180 482 1244 potest.
519 1168 552 1226 Si
565 1179 661 1224 autem
673 1188 720 1224 res
729 1171 792 1232 ista
808 1188 880 1243 quae
894 1180 1015 1246 putatur
1031 1171 1115 1244 facer«

220 1263 309 1308 tatem
322 1255 458 1332 melanas
450 1259 513 1326 apta
527 1261 639 1325 quoquo
652 1251 739 1307 habet
751 1255 932 1308 voluntatem
944 1255 1066 1324 malam3
1085 1255 1115 1306 oti

220 1348 294 1409 quae
315 1325 419 1390 feeerit
436 1354 501 1405 res,
529 1327 742 1414 consequenter
751 1336 922 1411 interroga:
948 1343 1036 1409 atque
1049 1341 1081 1390 ut
1092 1336 1115 1388 Τί

219 1417 389 1492 inquirendi
414 1418 531 1488 arodus,
557 1435 674 1472 eausam
692 1419 807 1490 primae
828 1420 920 1472 malae
943 1419 1102 1474 voluntatis

219 1493 286 1557 Non
301 1515 345 1556 eat
360 1503 438 1556 onim
451 1503 544 1573 prima
557 1502 692 1556 voluntas
706 1501 795 1569 mala,
820 1500 1115 1572 quamfoeitvoluutt

219 1584 270 1638 aad
284 1586 334 1639 illa
347 1586 439 1657 prima
453 1593 512 1653 ort,
540 1599 626 1657 quam
641 1584 725 1640 nulla
738 1582 821 1638 ‘fauit
862 1582 939 1638 Nam
952 1584 978 1636 si
991 1600 1115 1656 praecare

157 1683 167 1696 ⁸
199 1667 320 1742 vlieret,
346 1669 397 1721 illa
410 1669 489 1739 prior
504 1675 564 1735 ost,
578 1681 652 1740 quae
666 1665 878 1724 alteramfoait.
921 1663 1115 1739 Sirospandol

219 1752 376 1804 aam'nulla
388 1765 436 1803 res
449 1749 569 1818 lecerit,
596 1757 626 1802 et
638 1748 703 1802 ideo
718 1759 830 1821 sempor
843 1749 946 1821 firegit3
973 1765 1082 1823 quaero
1102 1765 1115 1802 u

220 1835 317 1906 aliqua
330 1831 543 1890 naturaluerit.
587 1829 621 1885 Si
634 1832 757 1885 enimin
770 1831 938 1906 ΤΤίίΤΤΤίΤἸ
960 1832 1080 1904 omnino
1098 1849 1115 1884 n

142 1909 143 1912 '
190 1943 193 1950 ·
220 1918 246 1970 Τί
259 1925 355 1971 autom
368 1917 399 1972 ia
415 1916 528 1986 aliqua,
553 1913 675 1968 vitiabat
694 1922 807 1968 aamet
823 1914 1041 1986 corrumpebat,
1068 1931 1115 1968 ora

177 1989 182 2000 ’
218 1999 326 2069 noxia,
353 2017 387 2052 aa
401 2015 452 2070 per
466 1995 609 2052 hoebono
623 1996 764 2067 privabat.
806 1995 846 2064 Et
864 1995 929 2050 ideo
942 1997 974 2050 in
987 1997 1064 2050 mala
1077 2015 1115 2050 na

218 2083 315 2137 luntas
329 2082 481 2135 arelaosaa
495 2098 554 2134 non
567 2088 695 2152 poterat3
724 2078 818 2134 sedin
833 2079 918 2147 bona,
932 2079 1066 2134 mutabili
1079 2088 1115 2133 tar

85 2197 87 2202 κ
177 2227 185 2244 ,¹
219 2167 322 2220 vitium
336 2161 503 2236 hoeposset
515 2177 630 2217 nocere.
672 2160 799 2216 Sieuim
811 2179 872 2216 non
885 2163 1074 2231 nocuit,non
1088 2170 1115 2215 ut

218 2250 291 2301 tium
311 2247 381 2300 luit:
409 2263 443 2299 ao
461 2263 513 2318 per
531 2245 586 2300 hoe
605 2257 660 2298 noo
678 2245 753 2298 mala
775 2247 909 2300 voluntas
933 2244 1024 2298 luisse
1041 2244 1115 2298 dieo

96 2393 97 2396 Ἴ
160 2321 166 2404 η’
216 2328 310 2388 vParra
325 2330 350 2382 Τί
364 2329 480 2400 nocuit,
499 2329 605 2383 bonum
617 2325 776 2381 auferendo
789 2328 836 2380 vel
849 2327 1009 2382 minuendo
1022 2328 1115 2400 ntiqui

218 2409 286 2472 Nou
300 2412 396 2486 igitur
415 2417 480 2464 esso
497 2411 594 2483 potuit
612 2411 788 2488 sempiterna
806 2411 943 2464 voluntat
960 2411 1082 2466 malain
1096 2428 1115 2463 e

146 2487 149 2500 ’
220 2495 396 2567 quabopum
411 2495 541 2547 naturale
555 2501 768 2565 praecesserat,
788 2489 862 2566 quod
877 2494 953 2548 mala
965 2493 1103 2547 voluntas

218 2585 318 2652 posset
331 2575 467 2632 adimere.
491 2574 525 2633 si
539 2594 608 2650 ergo
622 2591 682 2629 non
697 2585 760 2629 orat
771 2576 964 2648 sempiterna,
979 2576 1044 2646 quia
1058 2593 1115 2630 ean

219 2678 337 2732 quaero.
381 2657 484 2713 Restat
499 2666 531 2712 ut
541 2659 662 2726 dicatur,
677 2657 753 2730 quod
765 2675 800 2711 ea
813 2675 859 2710 res
873 2657 978 2712 feeerit
990 2659 1098 2712 malam
1111 2677 1115 2684 ·

218 2753 294 2812 tem,
310 2744 341 2796 in
355 2758 411 2815 qua
424 2743 505 2795 nulla
518 2742 653 2796 voluntas
668 2739 731 2794 luit.
774 2737 855 2794 Haec
869 2748 965 2794 utrum
981 2741 1115 2813 superior

146 2875 151 2882 .
216 2825 318 2898 ’ΤΤίΤος
332 2843 369 2878 ΤΤ
383 2823 516 2892 inferior,
531 2818 727 2896 anaequalisl
750 2821 808 2877 Sed
821 2823 847 2876 Τί
858 2824 1002 2895 superior,
1018 2823 1115 2896 utiquo

219 2907 361 2981 quomodo
381 2924 451 2981 ergo
470 2905 596 2974 nullius,
624 2923 658 2959 ae
677 2923 736 2960 non
753 2907 850 2978 potius
869 2905 963 2959 bonae
980 2905 1115 2960 voluntat

218 2989 456 3062 idom-prolecto,
480 2997 508 3040 et
522 2989 659 3060 aequalia
676 2984 713 3059 [Τί
727 2988 833 3057 fuerit,
848 2980 1040 3063 diei-potesta]
1062 2985 1115 3042 Du‘

218 3071 354 3147 quamdiu
369 3079 438 3125 sunt
451 3072 732 3141 partemvoluptatis
746 3069 851 3139 banaa,
865 3089 924 3126 non
938 3071 1009 3126 facit
1018 3071 1099 3130 ‚alter
1113 3089 1115 3124 :

217 3158 398 3212 voluntatem
409 3155 523 3208 malam.
566 3151 755 3224 Relinquitur
769 3161 801 3208 ut
814 3152 937 3210 inferior
950 3171 1014 3223 rea,
1041 3155 1115 3208 cuir

217 3241 316 3294 luntaa'
330 3245 394 3305 eat,
406 3234 672 3312 feeerit-angelioao
687 3243 824 3305 naturae,
838 3253 913 3308 quae
926 3237 1020 3309 prima
1033 3253 1115 3308 peecr

213 3323 360 3379 lu'ntatem
371 3320 484 3374 malam.
528 3317 588 3374 Sed
606 3319 693 3374 etiam
710 3335 757 3374 res
776 3319 839 3389 ipsa
858 3336 1057 3393 quaeeunque
1069 3328 1115 3372 est

213 3401 501 3476 usqueadiulimaru
512 3411 636 3469 terram,
648 3402 788 3472 ¹quoniam
801 3410 907 3456 natura
922 3410 952 3456 et
964 3401 1095 3456 essentia
1109 3421 1115 3454 Τ

218 3489 268 3542 o'ul·
279 3485 365 3552 dubio
379 3484 455 3544 bona
469 3493 530 3554 est,
555 3482 664 3538 halans
683 3483 799 3538 nandum
814 3492 844 3537 et
856 3485 984 3556 speeiem
1000 3499 1080 3538 auam
1094 3485 1115 3538 ir

211 3567 423 3642 mtqaeordlna
438 3577 499 3624 aua.
543 3565 691 3632 Quomodo
704 3583 776 3641 argo
790 3583 836 3620 ros
852 3567 928 3622 bona
942 3566 1070 3622 efficiens
1086 3584 1115 3619 ea

217 3653 290 3712 tatia
301 3646 410 3708 atalael
426 3695 427 3698 ,
443 3649 609 3718 Quomodo,
629 3648 765 3721 inquam,
779 3647 885 3706 bonum
899 3659 944 3704 eat
957 3666 1047 3706 causa
1059 3649 1115 3704 aral

212 3734 295 3786 ¹anim
309 3750 341 3786 ΤΤ
350 3734 491 3788 voluntas
506 3734 609 3788 relicto
627 3733 777 3802 superiore
786 3729 826 3784 aad
840 3731 982 3787 iuferiora
996 3743 1115 3788 convert

217 3815 295 3870 uitur
312 3816 402 3870 mala:
430 3816 573 3890 nunquia
590 3814 697 3894 malum
717 3822 774 3884 eat,
800 3831 858 3888 quo
880 3815 1090 3884 reconvenit,
