2340 4312
104 219 108 232 ι·
141 198 202 254 ror
369 183 681 290 o1v1nvnnu11
703 137 988 254 nvevsrrur'

145 415 152 426 .
498 342 521 402 C
543 345 567 402 Α
588 343 621 400 Ρ.
656 341 696 410 ’Χ
709 340 825 412 v111.
1164 406 1169 411 ,

138 433 295 497 flecterem
310 434 428 509 alloquio
436 435 493 492 Dei
506 440 544 492 od
553 439 704 502 Abraham,
719 457 772 510 quo
786 441 813 492 ei
828 449 858 495 et
870 442 966 496 remini
979 441 1031 506 dns
1040 441 1094 496 Cio
1103 472 1115 481 ,.
1130 482 1138 491 .

344 565 348 572 ,
523 519 599 561 terro
610 509 795 578 promittitur.
867 524 869 530 ’
1130 579 1133 586 .

203 597 351 678 Egressus
366 617 437 676 ergo
443 598 587 656 Abraham
601 599 636 656 de
650 597 760 656 Chorrc
780 603 995 684 septuagesimo
1008 603 1134 678 quietern.

140 703 180 742 no
195 685 299 739 aetatis
314 701 400 752 suae,
427 684 585 738 centesimo
603 691 700 738 autem
718 684 943 761 quadragesimo
963 695 990 740 et
1009 687 1131 760 quintopr·

140 769 195 824 tris
215 768 276 836 sui,
298 785 362 821 eum
376 763 451 821 Loth
464 763 525 818 filio
539 765 642 823 fratris
656 775 685 820 et
699 763 774 822 Sara
788 769 917 845 coniuge
931 769 1052 842 perrexit
1063 769 1086 821 in
1094 767 1133 820 ter?
1149 742 1170 821 ι

55 861 65 872 ”
139 870 205 910 ram
218 847 367 917 Chonoan,
382 856 412 901 et
424 847 661 922 perveniensque
675 847 711 902 ed
724 847 861 921 Siehern,
884 851 936 906 ubi
950 869 1046 906 rursus
1058 849 1128 921 aceepit
1147 826 1170 971 Ι

141 934 274 990 divinum
288 931 448 999 omentum,
462 928 498 984 de
511 949 568 1004 quo
580 933 622 985 ite
635 933 774 1004 scriptum
789 942 849 988 est:
864 932 907 989 Et
920 935 1057 1010 apperuit
1066 931 1128 988 Doni·
1149 987 1166 1000 „.

139 1032 194 1072 nus
208 1011 357 1082 Abrahae,
372 1021 402 1069 et
416 1014 495 1068 dixit
507 1013 570 1068 iili:
582 1011 695 1073 Semini
707 1025 757 1074 tuo
772 1013 847 1074 dado
859 1017 975 1072 terrem
987 1015 1062 1070 donc.
1082 1010 1127 1068 iiiiii

81 1125 84 1130 ·
139 1096 187 1153 hic
201 1095 236 1150 de
250 1096 300 1150 illo
313 1097 425 1150 semine
438 1097 616 1168 promissum
629 1106 684 1166 est,
703 1096 734 1153 in
748 1113 805 1170 quo
819 1107 902 1171 poter
916 1097 1010 1153 foetus
1023 1083 1061 1151 est
1072 1094 1127 1152 enni·

140 1199 189 1235 um
205 1179 352 1254 gentium:
372 1178 423 1234 sed
437 1177 472 1234 de
485 1178 534 1233 illo
549 1180 623 1248 solo,
638 1178 673 1234 dc
687 1196 742 1252 quo
755 1183 839 1252 pater
856 1189 901 1235 est
914 1183 985 1238 unio
998 1179 1131 1246 lsraiiitior
1148 1215 1161 1229 .

141 1263 241 1344 gentis
246 1274 254 1331 ;
274 1259 308 1316 ab
322 1257 378 1317 hoc
394 1263 473 1318 enim
485 1261 597 1317 semine
610 1270 690 1322 terra
703 1263 754 1320 illa
766 1280 905 1340 possessa
918 1273 979 1325 est.
1058 1305 1061 1310 »

463 1377 640 1471 ‘can
683 1407 797 1466 xlx.

140 1507 185 1564 Dc
196 1499 283 1562 Serae
289 1507 427 1579 pudicitia
435 1506 465 1560 in
475 1503 598 1576 Aegypto
610 1523 662 1574 per
674 1503 761 1557 Deum
778 1505 931 1570 custodita,
951 1525 1027 1576 prtem
1038 1502 1128 1558 Aornin

114 1581 119 1588 “
334 1596 386 1631 non
396 1593 506 1629 uxorem
517 1592 593 1627 suom
604 1592 658 1626 esse
669 1575 791 1638 dixerat,
803 1575 850 1626 aed
859 1592 987 1628 sororem.

201 1682 317 1743 Deinde
331 1673 484 1742 oedificato
498 1683 539 1738 ibi
553 1683 650 1752 altari,
665 1690 694 1740 et
708 1683 845 1744 invocato
859 1681 937 1753 Deo,
952 1681 1082 1750 Abraham
1090 1695 1128 1753 pro·

141 1769 237 1828 sectus
251 1779 296 1824 cst
309 1768 393 1838 inde,
408 1776 438 1822 et
450 1764 593 1822 habitavit
608 1766 640 1819 in
655 1783 769 1834 eremo,
791 1773 880 1838 etque
894 1766 1020 1834 inde-ire
1033 1769 1059 1822 in
1070 1765 1128 1837 iess-

139 1852 320 1928 ptumfemis
335 1851 510 1905 necessitate
525 1849 688 1920 compulsus
701 1855 755 1902 est.
784 1845 840 1902 Vbi
858 1866 981 1904 uxorem
1001 1868 1072 1905 suam
1086 1843 1129 1899 iiii
1148 1814 1170 1881 Ι

123 1959 125 1964 s
141 1954 284 2003 sororem,
298 1921 372 2010 nihil
384 1932 534 1987 mentitus.
556 1929 630 1986 Erat
643 1931 721 1984 enirn
732 1925 846 2004 ethaeo,
856 1933 925 2004 quio
938 1935 1085 2006 propinque
1094 1931 1129 1982 ent

140 2019 300 2096 sanguine:
325 2017 403 2071 sicut
418 2016 505 2069 etiam
518 2011 593 2069 Loth
607 2011 706 2067 eedem
718 2013 956 2086 propinquitate,
979 2008 1133 2089 qouniam

134 2104 299 2158 eiusesset
311 2098 407 2166 filius,
431 2097 523 2151 frater
542 2095 605 2150 eius
624 2103 668 2149 est
682 2093 785 2149 dictus.
812 2093 916 2170 ltaque
936 2108 1051 2154 uxorem
1065 2092 1129 2156 tacuit,

55 2188 60 2194 ’
139 2203 200 2240 non
215 2182 345 2257 negavit,
361 2179 495 2254 coniugis
509 2176 831 2250 tuendampudieitiam
846 2182 1028 2236 committens
1040 2179 1129 2244 Dens
1147 2148 1170 2201 Ι

138 2265 281 2322 humanos
296 2261 417 2316 insidias
433 2279 540 2316 cavens
554 2271 587 2315 ut
599 2258 701 2316 homo:
716 2261 854 2333 quoniam
870 2262 896 2316 si
908 2265 1062 2334 perieulum
1072 2273 1128 2336 quar·
1155 2296 1156 2299 ,

138 2357 201 2404 tum
216 2346 313 2402 caveri
326 2351 457 2418 poterat,
471 2361 532 2398 non
546 2351 679 2412 caveret,
698 2343 796 2418 magis
807 2352 939 2400 tentaret
952 2345 1057 2413 Deum,
1077 2353 1134 2416 qut!

139 2437 270 2504 speraret
288 2426 319 2483 in
339 2425 443 2482 Deum.
478 2425 600 2500 Deque
619 2443 656 2481 re*
673 2433 775 2480 eontra
795 2427 1022 2484 calumniantem
1033 2427 1128 2484 Fausto!

137 2510 343 2572 Manichaeum
355 2511 427 2564 'sotis
446 2507 585 2564 diximus.
624 2506 759 2583 Denique
774 2508 885 2562 iactum
900 2521 960 2582 est,
975 2511 1046 2585 quod
1057 2509 1083 2562 de
1093 2503 1127 2582 De

137 2597 219 2653 mino
234 2595 410 2667 praesumsit
423 2589 576 2651 Abraham.
604 2589 679 2648 Nam
691 2588 804 2646 Pheroo
817 2608 873 2645 rex
887 2593 1028 2670 Aegypti,
1045 2592 1084 2665 qui
1093 2601 1128 2640 err

138 2680 194 2734 sibi
207 2696 331 2734 uxorem
344 2683 511 2749 occeperat,
537 2676 669 2751 graviter
682 2671 806 2728 afflictus
822 2677 929 2732 marito
944 2677 1067 2732 reddidit.
1097 2663 1127 2722 iil

138 2762 215 2818 obsit
226 2771 258 2817 ut
270 2760 433 2834 credamus,
448 2759 544 2830 alieno
556 2757 713 2814 concubitu
727 2755 819 2811 fuisse
831 2759 987 2829 pollutum:
1002 2760 1062 2833 quia
1073 2751 1127 2809 nolo

139 2855 184 2900 est
198 2843 377 2914 credibilius,
391 2840 445 2898 hoe
457 2841 642 2898 Pharaonem
654 2839 752 2896 facere
768 2837 975 2898 afflictionibus
987 2841 1085 2918 magnis
1094 2845 1127 2890 no!

137 2928 229 2986 fuisse
241 2927 429 3005 permissum,
1157 2884 1170 3021 ἶ

526 3067 549 3126 C
570 3059 595 3124 Α
616 3065 648 3124 Ρ.
691 3063 724 3123 X
736 3063 778 3124 X.

135 3162 180 3218 De
191 3163 334 3218 secessione
343 3162 417 3216 Lotd
427 3129 454 3216 et
465 3163 605 3227 Adradee,
626 3180 693 3232 quae
713 3163 768 3242 illis
783 3133 859 3216 soleo
876 3165 996 3220 caritate
1006 3151 1128 3230 conspuent.
1160 3132 1170 3263 1

121 3315 124 3326 y
198 3253 328 3310 Reverso
342 3255 439 3330 igitur
446 3253 590 3324 Abraham
602 3271 639 3308 ex
649 3254 781 3330 Aegypto
796 3255 828 3310 in
842 3257 942 3313 locum
954 3255 1029 3312 unde
1039 3251 1128 3317 venerii
1161 3272 1170 3345 Ι·

136 3347 209 3394 tune
224 3335 298 3394 Loth
312 3336 411 3401 fratris
426 3336 504 3392 iilius
519 3337 553 3392 ab
568 3337 618 3391 illo
633 3338 664 3392 in
679 3347 786 3392 terram
800 3336 1011 3414 Sodomorum,
1029 3338 1129 3392 salmo¹
1161 3356 1170 3437 p

136 3422 236 3489 ritate,
250 3420 394 3476 discessit.
421 3419 537 3476 Diuites
552 3420 658 3493 quippe
672 3419 742 3474 facti
756 3431 852 3491 erant,
866 3431 1050 3496 pastoresque
1061 3413 1129 3472 num
1161 3455 1170 3525 Ι

48 3539 83 3570 ,κ
136 3521 276 3576 pecorum
289 3501 396 3558 habere
411 3511 579 3576 coeperant,
595 3503 697 3575 quibus
708 3505 790 3558 ‘inter
804 3523 836 3558 se
850 3505 1026 3574 rixantibus,
1039 3521 1068 3556 eo
1078 3488 1129 3552 nteit
1161 3542 1170 3597 1

137 3583 316 3640 familiarum
325 3573 447 3642 'suarum
461 3603 623 3662 pugnacem
640 3584 816 3642 discordiam
835 3589 1014 3643 vitaverunt.
1053 3577 1131 3639 Poeni

139 3668 245 3739 quippe
258 3666 339 3738 hinc,
355 3678 387 3724 ut
399 3678 469 3724 sunt
481 3667 616 3736 humone,
632 3663 720 3726 etium
731 3670 810 3723 inter
824 3672 903 3744 ipsos
918 3673 1014 3744 alique
1025 3670 1080 3723 rixo
1090 3671 1131 3714 σοῦ’
1165 3706 1170 3761 Ι

139 3764 273 3822 surgere.
301 3751 430 3807 Proinde
449 3749 503 3808 hoc
523 3752 630 3806 molum
642 3755 848 3823 praecaventis
860 3752 994 3809 Abrahae
1013 3748 1086 3808 verbo
1101 3742 1133 3794 1⁵¹¹

139 3838 212 3884 rsuut
226 3829 262 3886 od
277 3829 366 3890 Loth:
393 3831 458 3892 Non
475 3835 517 3891 sit
533 3835 604 3891 riso
624 3834 704 3890 inter
721 3853 765 3891 me
787 3845 817 3892 et
830 3846 877 3912 te,
900 3847 929 3894 et
947 3839 1023 3892 inter
1032 3829 1133 3911 pastro*
