2340 4312
139 209 200 261 90'
368 197 467 256 mvl
489 195 676 255 svumss
696 193 959 252 AVGVSTINI
1000 183 1003 192 ’

138 355 175 409 do
187 352 371 426 praevaluit..
392 339 468 404 Nam
485 368 570 406 nemo
583 345 709 421 unquam
723 346 972 422 Androgynaeeas
984 341 1118 398 a'utHerne
1150 384 1168 405 -ι

136 431 287 510 phroditus
298 433 485 505 nuncuparit.
498 433 574 487 Ante
585 419 678 485 annos
689 430 813 502 aliquot,
824 437 926 483 nostra
936 437 1009 482 certe
1017 417 1118 494 moneris,
1143 407 1170 483 Ι.

137 521 169 574 in
180 518 303 573 Oriente
313 517 419 588 duplex
430 513 514 569 homo
529 523 614 567 notus
625 521 670 566 est
680 511 882 584 superioribus
892 511 1029 578 membris,
1040 509 1118 562 inferio
1141 489 1170 629 Ι

134 587 218 656 bibus
232 600 365 670 simplex.
384 595 459 676 Nam
472 596 529 651 duo
542 605 626 649 erant
639 595 743 665 capita,
758 592 816 648 duo
830 602 961 666 pectora,
974 603 1076 666 quatuor
1084 607 1118 643 ns·
1155 632 1170 653 ζ

139 702 204 750 nus,
216 691 322 737 venter
334 688 430 734 autem
443 695 528 747 unus,
543 687 573 731 et
584 676 672 750 pedes
686 677 755 745 dno,
769 677 851 730 sieut
862 677 915 731 uni
927 671 1040 729 boniini:
1058 681 1118 726 etas

140 767 190 822 diu
204 765 297 832 vixit,
310 771 344 815 ut
355 762 460 814 multos
474 759 510 814 ad
524 777 590 813 eum
603 751 760 813 videndum
773 758 851 812 fama
866 755 1049 812 contraheret.
1079 755 1118 819 Qus
1143 794 1165 815 »ι

140 857 238 902 antem
252 839 352 899 omnes
366 859 593 896 commemorare
605 842 700 915 possit
712 838 854 895 humanos
868 840 964 895 foetus
983 842 1056 914 longe
1070 836 1117 890 disi·
1139 885 1146 895 ,
1166 887 1170 897 ,

141 930 224 984 miles
238 925 283 980 bis
297 924 452 998 exquibus
466 942 518 978 eos
530 933 615 978 natos
631 941 695 977 esse
710 924 910 978 certissimum
923 919 983 978 esti
1005 920 1073 976 Sicut
1080 933 1118 992 eq·
1140 966 1148 979 ⁷,

139 1010 211 1064 haee
226 1025 263 1061 ex
278 1009 327 1060 illo
342 1007 446 1080 negari
459 1023 519 1060 non
532 1015 654 1077 possunt
667 1006 813 1080 originem
827 1005 948 1074 ducere,
973 1007 1011 1070 iu
1022 1017 1118 1076 quaeun-
1145 1052 1170 1065 ,¹

141 1109 195 1166 que
209 1099 312 1165 gentes
327 1090 358 1143 in
372 1081 589 1142 diversitatibus
604 1105 758 1160 corporum
771 1089 806 1141 ab
820 1081 930 1142 usitato
943 1096 1053 1142 naturae
1063 1097 1118 1146 euni,
1138 1066 1170 1123 Ι

120 1242 127 1251 ι
142 1191 226 1246 quens
239 1173 335 1244 plures
350 1180 380 1224 et
392 1187 481 1243 prope
496 1187 597 1224 omnes
611 1179 730 1239 tenent,
753 1171 838 1224 velut
856 1170 1031 1224 exorbitasse
1046 1163 1118 1220 trabs
1139 1149 1170 1217 Ι,

70 1291 76 1300 =
142 1265 205 1323 tur,
229 1255 255 1306 si
269 1251 440 1308 definitione
454 1253 503 1306 illa
517 1252 722 1322 includuntur,
750 1262 784 1308 ut
797 1253 954 1307 rationalia
967 1246 1119 1307 animabant
1146 1296 1154 1311 2

141 1347 226 1410 atque
240 1335 390 1405 mortalis,
404 1333 439 1388 ab
454 1333 554 1389 eodem
568 1337 629 1408 ipso
642 1353 701 1389 uno
713 1336 807 1409 primo
820 1344 903 1408 patre
917 1336 1037 1390 omnium
1048 1331 1119 1400 stirpe!
1161 1360 1170 1371 ·

141 1417 257 1496 trahere
276 1416 474 1471 confitendum
492 1427 550 1472 est:
578 1419 605 1470 si
622 1426 720 1471 tamen
739 1435 811 1472 vcra
831 1427 901 1472 sunt
919 1435 991 1490 quae
1005 1415 1036 1469 de
1051 1413 1119 1468 iliani

143 1503 295 1556 nationum
306 1501 450 1554 varietate
465 1508 494 1554 et
507 1509 589 1554 tanta
602 1501 681 1553 inter
693 1489 725 1552 se
739 1509 827 1572 atque
841 1501 992 1554 nobiseum
1004 1494 1120 1562 diversius
1145 1552 1148 1555 ,

66 1637 69 1640 .
141 1583 305 1638 traduntur.
340 1580 416 1637 Nam
430 1590 459 1635 et
471 1583 581 1649 simias,
596 1590 625 1636 et
639 1580 866 1653 cercopithecos,
880 1591 909 1635 et
923 1579 1059 1656 sphingas,
1070 1577 1120 1628 sint

142 1665 281 1720 sciremus
296 1683 356 1719 non
370 1663 501 1718 homines
516 1682 591 1730 esse,
608 1663 659 1716 sed
673 1663 791 1732 bestias,
806 1673 929 1736 possent
942 1666 984 1718 illi
996 1657 1097 1716 historici
1104 1652 1120 1705 b

142 1766 193 1802 suo
208 1748 375 1816 curiositate
388 1747 568 1822 gloriantes,
596 1746 677 1799 velut
688 1755 792 1821 gentes
806 1748 919 1818 'aliquas
934 1744 1066 1800 bominum
1077 1736 1120 1794 ndi!

145 1831 286 1902 impunita
297 1830 428 1883 vanitate
442 1829 567 1881 mentiri.
610 1824 669 1880 Sed
682 1829 707 1880 si
719 1825 851 1881 homines
866 1827 997 1896 sunt,'de
1011 1818 1122 1900 quibusib

145 1915 217 1966 inira
231 1911 396 1982 conscripta
410 1917 494 1979 sunt3
509 1909 587 1982 quid,
603 1910 627 1962 si
639 1918 792 1982 propterea
803 1907 887 1964 Deus
899 1911 991 1965 voluit
1002 1910 1121 1965 etiamne

144 1996 239 2068 nullas
253 2001 357 2068 gentes
371 1993 412 2046 ita
426 2001 536 2060 creare,
550 2010 588 2046 ne
600 1992 631 2045 in
645 1989 689 2044 his
702 1993 853 2060 monstris,
868 2009 941 2064 quae
953 1991 1023 2065 apud
1033 1987 1123 2060 nospstd

145 2093 182 2129 ex
196 2075 327 2130 omnibus
342 2075 441 2142 nasei,
461 2075 523 2128 eius
538 2074 723 2147 sapientiem,
743 2091 817 2146 quae
831 2083 967 2129 naturum
979 2074 1055 2149 fingit
1065 2067 1123 2123 hum·
1144 2140 1153 2143 -

145 2176 226 2224 nans,
247 2159 327 2210 velut
339 2165 432 2232 ortem
445 2156 714 2231 cuiuspiamnfnus
726 2154 847 2228 perfecti
861 2155 990 2227 opificis»,
1011 2157 1123 2230 putarent·

145 2232 277 2312 errasse?
309 2236 375 2290 Non
389 2237 487 2310 itaque
502 2239 584 2292 nobis
597 2237 690 2300 videri
704 2237 860 2292 absurdum
875 2238 976 2308 debet,
998 2247 1027 2292 ut
1038 2223 1123 2310 quenad-
1140 2214 1170 2289 ff

144 2316 260 2373 inodum
275 2319 305 2371 in
325 2319 450 2392 singulis
469 2320 630 2392 quibusque
650 2320 787 2395 gentibus
807 2321 950 2394 quaedam
969 2294 1170 2376 ιιιοηιπαιιιῑῆ

108 2471 109 2474 ¹
144 2400 303 2468 bominum,
317 2400 358 2453 ita
372 2401 403 2453 in
417 2403 555 2456 universo
569 2417 678 2477 genere
691 2400 818 2458 humano
828 2403 970 2476 quaedain
980 2394 1125 2458 monstresis
1152 2394 1156 2395 ’

143 2483 282 2559 gentium.
327 2483 558 2556 Quapropterut
576 2485 662 2538 istam
675 2486 877 2557 quaestionem
891 2486 1058 2559 pedetentim
1068 2483 1124 2534 cauo
1167 2474 1170 2479 ⁴

144 2559 198 2637 quo
213 2563 395 2631 concludam,
411 2573 462 2617 aut
476 2566 536 2633 illa,
548 2583 625 2638 quae
639 2567 708 2640 talia
722 2566 757 2620 de
769 2567 943 2640 quibusdam
957 2566 1078 2644 gentibus
1087 2553 1124 2610 sni·
1145 2544 1170 2619 Ι

141 2655 189 2719 pta
203 2655 281 2715 sunt,
296 2649 413 2700 omnino
429 2648 507 2700 nulla
517 2657 601 2716 sunt3
616 2657 667 2702 out
678 2650 703 2704 si
716 2658 797 2720 sunt,
811 2647 945 2705 homines
959 2669 1017 2708 non
1031 2653 1119 2712 sunt32
1144 2646 1170 2721 q

140 2747 178 2783 ex
191 2727 282 2784 Adam
296 2737 375 2799 sunt,
394 2730 420 2783 si
433 2727 565 2784 homines
580 2739 658 2785 sunt.
939 2721 940 2724 ¹

540 2876 661 2933 GAP.
705 2876 772 2934 IX.

140 2973 182 3025 An
192 2971 351 3043 inferiorem
357 2980 467 3040 portem
478 2980 569 3028 tersae
576 3009 583 3034 ‚
600 2961 668 3039 quoe
681 2963 789 3024 nostrae
799 2972 967 3028 habitationi
981 2964 1127 3026 contremo
1147 2974 1170 3029 Ι

416 3040 566 3106 Λιιιὲροιίαε
576 3041 674 3091 itabere
684 3043 898 3104 ostendentis
977 3069 978 3072 ¹
1147 3034 1170 3051 '⁴

158 3139 166 3148 ⁹
206 3143 291 3210 Quod
304 3163 375 3200 vero
391 3143 419 3199 et
431 3145 589 3217 Antipodas
605 3163 669 3200 esse
683 3145 865 3218 fabulantur,
891 3149 920 3203 id
935 3160 997 3220 est,
1017 3145 1130 3202 honines
1148 3138 1170 3199 Ι

141 3228 291 3282 contraria
305 3221 387 3299 parte
401 3237 507 3296 terrae,
523 3225 573 3280 ubi
587 3229 631 3281 sol
645 3230 752 3298 oritur,
768 3230 883 3304 quando
898 3233 1008 3287 oceidit
1020 3214 1130 3291 nobisd
1150 3206 1170 3291 Ι

138 3327 225 3364 versa
238 3309 359 3382 pedibus
374 3311 482 3363 nostris
497 3311 609 3363 calcare
623 3311 760 3386 vestigia,
778 3314 860 3367 nuile
873 3315 991 3369 ratione
1005 3303 1131 3368 credendo
1151 3294 1170 3371 Ι

138 3400 190 3445 est.
223 3389 326 3463 Neque
339 3390 393 3445 hoe
408 3391 467 3446 ulla
480 3389 620 3448 historica
638 3394 808 3468 cognitione
823 3394 960 3451 didicisse
980 3415 1011 3451 se
1024 3387 1131 3449 affirmas
1161 3456 1164 3457 ⁷

92 3481 110 3536 J
139 3472 190 3525 sed
205 3474 288 3544 quasi
303 3463 506 3528 ratio'cinando
516 3474 703 3543 coniectent,
728 3493 762 3530 eo
776 3477 852 3549 quod
865 3479 946 3532 intra
960 3492 1080 3534 eonrexa
1090 3459 1132 3524 eodi

138 3562 219 3608 terro
233 3559 374 3626 suspensa
388 3557 441 3624 sit,
469 3553 649 3633 eundemque
663 3557 756 3610 locum
776 3558 902 3614 mundus
915 3559 1033 3631 hebeat,
1058 3565 1082 3610 et
1095 3543 1132 3606 'fflfb

138 3653 233 3704 mum,
257 3644 287 3689 et
306 3636 445 3692 modium:
473 3645 502 3690 et
515 3653 552 3690 ex
565 3634 617 3690 boe
632 3639 789 3711 opinantur
807 3633 931 3697 alterum
945 3652 1040 3698 terrae
1050 3645 1132 3714 parim·

139 3731 212 3786 quae
228 3715 304 3770 infra
319 3727 372 3786 est,
386 3716 564 3772 habitatione
577 3717 726 3774 hominurn
740 3716 841 3784 carere
856 3743 915 3780 non
929 3743 1023 3798 posse.
1051 3719 1132 3776 Necti·
1164 3712 1170 3717 ”

138 3795 271 3866 tendunt,
287 3799 400 3853 etiamsi
414 3800 510 3876 figura
525 3799 698 3877 conglobata
712 3811 741 3856 et
754 3806 883 3862 rotunda
896 3803 1019 3862 mundus
1031 3820 1084 3859 esse
1094 3809 1132 3850 ⁶¹²·
