2362 4314
78 175 79 184 ‘
158 213 227 276 on
250 211 468 286 crunnus
491 201 569 274 out
590 215 672 276 mn
694 216 813 279 xxn.
935 221 1013 288 'aaa

45 379 107 423 um
120 366 238 445 agmina
249 368 429 444 populorum,
454 366 592 439 adversus
606 369 710 445 impios
722 343 923 447 persecdtores
938 397 1007 438 suos
1044 425 1045 428 ,
1074 363 1076 372 X

45 451 194 526 emporali
207 453 301 507 salute
313 453 469 529 pugnavit3
483 452 638 526 sedpotius
648 464 682 511 ut
692 457 838 514 obtineret
846 470 1009 540 aeternam,

45 535 238 612 repugnavit.
260 533 455 612 bigabantur,
472 537 708 610 includebantur,
723 540 928 615 caedebantur,
942 554 1006 602 tor-

45 628 161 691 antur‚
174 619 349 692 urebantur,
369 621 565 692 laniabantur,
584 621 813 697 trucidabantur,
828 634 859 681 et
870 628 1009 701 multipli-
1071 653 1075 672 ι

45 712 142 758 ntur,
177 701 246 759 Non
264 713 328 759 erat
348 704 391 759 eis
407 721 462 781 pro
481 706 576 762 salute
594 722 737 786 pugnare,
749 709 809 792 nisi
821 711 944 766 salutem
956 731 1010 787 pro

45 794 136 842 auore
149 793 345 843 contemnere.
604 852 606 856 ¹
785 797 787 808 ⁹
1117 841 1120 852 ,

45 865 113 927 icio
126 872 158 926 in
170 871 246 926 libro
260 869 410 929 Ciceronis
424 873 523 944 tertio,
537 873 596 930 nisi
608 873 709 947 fallor,
717 874 757 938 de'
765 875 928 952 republica,
948 877 1008 934 dis·
1070 919 1076 936 .

45 955 92 1026 ri,
116 955 232 1012 nullum
250 953 358 1012 bellum
375 957 484 1032 suscipi
501 974 520 1013 a
537 959 656 1015 civitate
674 959 797 1034 optima,
821 962 880 1016 nisi
892 970 942 1017 aut
953 980 1008 1035 pro

53 1048 112 1094 aut
124 1055 177 1112 pro
191 1040 293 1095 salute.
328 1039 405 1106 Quid
417 1049 515 1096 autem
532 1039 611 1098 dicat
621 1060 674 1117 pro
687 1045 800 1116 salute,
821 1045 869 1101 rel
881 1045 1009 1122 intelligi

45 1135 67 1176 ι
78 1123 202 1178 salutem
213 1122 295 1192 velit,
308 1123 365 1178 alio
377 1123 442 1180 loco
455 1123 666 1181 demonstrans.
681 1125 764 1197 „Sed
773 1125 819 1184 bis
832 1129 946 1203 poenis,
960 1130 1007 1186 in-

45 1209 75 1276 t,
89 1222 161 1280 quas
176 1207 263 1263 etiam
280 1207 447 1264 stultissimi
459 1209 606 1280 sentiunt,
620 1218 760 1287 egestate,
774 1212 889 1283 exsilio,
903 1205 1008 1269 vincu-

56 1289 247 1361 rerberibua,
275 1289 427 1347 elabuntur
441 1309 526 1366 saepe
539 1293 661 1374 privati,
680 1293 775 1350 oblata
788 1295 890 1350 mortis
904 1297 1008 1351 celeri-

45 1387 72 1428 a.
108 1371 282 1430 Civitatibus
295 1373 392 1430 autem
403 1393 481 1431 mors
502 1377 565 1449 ipra
582 1377 751 1449 poena'est,
775 1394 849 1451 quae
862 1377 1009 1436 videtura

45 1473 97 1512 :ma
108 1457 240 1534 singulos
251 1456 412 1514 vindicare.
446 1457 544 1515 Debet
561 1460 640 1515 eninr
658 1458 819 1517 constituta
831 1461 874 1516 sic
888 1479 953 1517 esse
965 1465 1009 1519 cl-

45 1556 94 1612 us,
117 1549 152 1596 ut
168 1549 288 1598 aeterna
305 1541 353 1596 sit.
387 1539 489 1618 Itaque
506 1545 603 1598 nullus
621 1545 760 1600 interitus
773 1553 820 1599 est
830 1545 1009 1618 reipublicae

45 1624 162 1696 unalis,
186 1631 220 1680 ut
236 1622 376 1700 bominis,
395 1626 427 1680 in
441 1643 497 1701 quo
511 1643 588 1683 mors
603 1646 663 1683 non
675 1627 761 1683 modo
774 1629 939 1698 necessaria
952 1639 1008 1702 cst,

45 1723 103 1763 um
124 1709 213 1765 etiam
234 1708 360 1783 optanda
381 1727 528 1786 persaepe.
562 1709 672 1768 Civitas
691 1720 788 1768 autem
807 1728 871 1766 cum
884 1712 1009 1782 tollitur,

45 1801 132 1862 etur,
155 1791 372 1884 exstinguitur:
399 1794 493 1848 simile
514 1803 559 1851 est
577 1795 698 1870 quodam
716 1794 801 1850 modo
826 1790 874 1870 (ut
892 1784 1007 1872 magnis
1047 1829 1048 1834 κ

45 1893 93 1946 aa
111 1871 306 1952 conferamus)
325 1893 363 1932 ac·
372 1877 398 1931 si
412 1878 507 1932 omnis
520 1875 567 1934 hie
581 1877 703 1934 mundus
724 1879 852 1934 intereat
865 1887 895 1933 et
907 1881 1007 1940 conci-

45 1962 81 2012 .“
114 1956 179 2016 Hoc
192 1959 260 2015 ideo
277 1958 485 2032 dixit'WRCicero,
504 1962 577 2038 nquia
595 1961 733 2018 mundum
746 1980 806 2018 non
820 1963 1009 2018 interiturum
1101 2015 1103 2026 ,

52 2041 217 2100 Platonicis
230 2045 329 2100 sentit.
364 2043 486 2101 Constat
499 2063 581 2122 ergo,
596 2064 661 2101 eum
677 2063 730 2120 pro
745 2063 779 2100 ea
792 2047 886 2102 salute
900 2044 1009 2101 bellum

45 2125 105 2183 isse
119 2128 228 2202 suscipi
241 2145 259 2182 a
272 2128 406 2200 civitate,
428 2128 533 2202 qualit
546 2135 579 2184 ut
591 2139 708 2185 maneat
719 2127 767 2185 bic
781 2130 883 2185 civita
895 2168 904 2200 ,
931 2129 1009 2186 sicut

46 2219 214 2280 ,aeterna
237 2213 368 2285 quamvis
391 2211 582 2268 morientibus
605 2221 635 2268 et
656 2212 843 2269 nascentibus
867 2212 1009 2290 cingulis3

45 2300 57 2346 t
69 2296 206 2370 perennis
217 2303 262 2349 est
275 2297 403 2370 opacitas
418 2297 499 2351 oleae
509 2296 556 2352 vel
566 2296 652 2366 lauri,
667 2305 752 2371 atque
765 2294 930 2364 huiusmodi
942 2314 1009 2352 cae·

45 2395 108 2436 *um
121 2380 274 2450 arborum,
297 2379 482 2456 singulorum
499 2380 581 2453 lapsu
601 2387 725 2453 ortuque
741 2378 886 2435 loliorum.
928 2379 1008 2438 Mors

45 2477 95 2534 pc,
107 2472 140 2519 ut
152 2462 239 2534 dicit,
258 2480 320 2518 non
332 2461 482 2518 bominum
494 2462 687 2538 singulorum,
706 2460 758 2517 sed
770 2464 925 2520 universae
938 2482 1008 2538 poe-

45 2557 89 2604 =st
110 2547 255 2618 civitatis,
281 2564 354 2622 quae
373 2563 391 2602 a
407 2549 500 2622 poena
522 2547 692 2618 plerumque
714 2546 845 2621 singulos
869 2545 1008 2605 vindicat.

45 2648 65 2684 a
78 2632 182 2687 merito
196 2632 357 2705 quaeritur,
376 2639 472 2685 utrum
484 2638 564 2690 recte
576 2627 701 2684 fecerint
710 2625 879 2705 Saguntini,
894 2630 1008 2703 quando
1035 2665 1046 2702 p
1068 2643 1069 2646 ’

45 2733 147 2771 orsam
156 2731 239 2770 suam
248 2715 396 2770 civitatem
406 2714 528 2770 interire
541 2713 815 2792 maluerunt,quam
827 2709 913 2767 fidem
927 2713 1008 2768 fran-

50 2839 66 2870 ,
90 2817 145 2874 qua
159 2815 224 2854 cum
241 2798 304 2872 ipsa
317 2795 449 2854 Romana
462 2795 609 2869 republica
622 2795 810 2852 tenebantur:
837 2795 870 2851 in
883 2813 941 2870 quo
956 2815 1008 2852 suo

45 2901 51 2929 ι
75 2882 233 2939 laudantur
251 2882 286 2939 ab
305 2879 470 2938 hominibus
490 2874 660 2958 [omnibus]
681 2888 818 2954 terrenae
834 2878 1010 2952 reipublicae

45 2983 103 3022 tus.
139 2965 197 3024 Sed
211 2965 351 3042 quomodo
364 2962 432 3020 huic
446 2964 635 3037 disputationi
651 2971 771 3037 possent
790 2959 924 3032 obedire,
948 2980 1009 3020 non

45 3065 83 3122 u,
108 3049 292 3119 ubidicitur,
317 3051 432 3106 nullum
445 3043 661 3120 suscipiendum
677 3064 740 3102 esse
753 3041 874 3116 bellum,
889 3045 947 3101 nisi
959 3055 1010 3103 aut

45 3133 114 3206 tide,
127 3143 177 3190 aut
187 3151 238 3206 pro
250 3134 358 3200 salute:
371 3151 426 3189 noc
440 3129 557 3200 dicitur,
569 3132 594 3186 si
605 3132 636 3186 in
647 3148 736 3186 unum
749 3129 838 3185 semel
847 3129 1010 3202 periculum

45 3233 93 3274 uo
107 3219 165 3274 ista
178 3218 397 3287 concurrerint,
419 3224 453 3271 ut
466 3215 559 3270 teneri
572 3216 695 3270 alterum
708 3213 771 3268 slne
785 3212 905 3270 alterius
918 3213 1009 3267 amis-

45 3315 64 3353 Β
76 3320 135 3358 non
148 3301 253 3375 possit,
271 3297 340 3374 quid
352 3301 392 3355 sit
403 3299 500 3373 potius
515 3297 689 3376 eligendum.
715 3289 849 3350 Profecto
863 3297 941 3350 enim
954 3293 1009 3351 Sa·
1070 3361 1072 3364 Ι

45 3386 102 3441 :ini
115 3387 140 3441 si
153 3386 276 3441 salutem
289 3384 443 3461 eligerent,
458 3381 529 3437 fides
544 3384 585 3436 eis
599 3381 694 3436 lucrat
708 3376 883 3434 deserenda:
897 3380 924 3434 si
936 3377 1008 3434 fides

45 3467 120 3540 mdc,
135 3467 293 3524 amittenda
307 3467 408 3540 utique
422 3468 510 3537 salus,
524 3455 600 3521 siout
614 3473 643 3520 et
655 3464 764 3519 factum
777 3469 830 3516 est.
855 3459 940 3518 Salus
955 3479 1009 3517 au-

47 3550 187 3609 civitatis
202 3549 258 3607 Dei
271 3552 338 3606 talis
352 3557 406 3620 est,
422 3559 456 3606 ut
469 3567 533 3605 cum
546 3548 602 3604 fide
616 3566 650 3603 ac
661 3564 713 3622 per
726 3545 812 3601 fidem
825 3547 938 3616 teneri,
963 3546 1012 3602 vel

45 3649 79 3690 rs
93 3635 205 3712 acquiri
218 3635 324 3710 possit;
338 3632 395 3688 tide
408 3631 502 3689 autem
514 3631 637 3707 perdita,
653 3630 763 3687 adeam
774 3631 897 3706 quisque
909 3629 1012 3686 venire

55 3722 159 3791 possit.
191 3719 272 3784 Quae
294 3718 433 3795 cogitatio
450 3715 609 3772 firmissimi
628 3733 662 3771 ac
681 3713 886 3789 patientissimi
903 3712 1010 3784 cordis,
1066 3747 1069 3752 -

45 3813 76 3855 ιο
88 3811 185 3859 tantos
200 3799 343 3876 Martyres
358 3801 441 3867 lecit,
467 3801 580 3874 qualem
598 3818 636 3854 ne
656 3816 745 3868 urium
768 3795 884 3872 quidem
901 3793 1011 3866 babuit,
1088 3791 1091 3796 Α

45 3876 150 3943 habere
162 3885 268 3964 potuit,
284 3883 398 3961 quando
413 3891 458 3966 cst
472 3883 540 3940 deus
555 3881 681 3940 creditus
696 3879 845 3939 Romulus.
