2266 4312
129 191 799 287 nucremareommunur.w
886 216 946 293 aaa
1016 209 1047 275 A

49 379 91 452 prid
101 378 348 456 praefiguraverit,
368 377 426 435 clio
435 381 515 450 loco,
530 385 668 454 quantum
679 399 725 435 me
737 378 816 436 Deus
830 380 947 440 adiure—
994 451 997 456 Ι

49 479 91 516 ιιι.
129 461 240 518 *Nunc
253 463 390 535 quoniam
406 463 481 517 liber
500 465 556 516 iste
573 462 749 518 claudendus
768 472 827 533 est,
851 466 883 518 in
896 463 949 537 hoc
1026 529 1028 532 ¹

49 542 157 615 ionrine,
171 546 221 619 qui
235 545 372 618 primitus
385 544 478 600 faetus
491 554 551 614 est,
576 545 702 604 nondum
717 546 833 620 quidem
845 563 949 602 seeun-

49 627 186 696 idendarn,
200 629 259 681 iam
273 635 370 682 tamen
385 627 543 684 secundum
555 625 612 682 Dei
624 629 848 701 praescientiam
862 625 948 684 exor-

49 726 82 764 sse
99 711 297 765 existimemus
318 709 358 766 inst
368 729 476 787 genere
493 708 619 766 humano
639 711 795 778 societates
813 716 950 785 tanquam

49 809 69 868 ιι
79 793 154 848 duas.
180 791 246 850 ·Ex
259 793 309 847 illo
324 795 402 848 enim
412 791 505 849 futuri
525 801 609 848 erant
625 791 773 862 homines,
797 794 848 860 alii
865 795 949 848 molis
1001 829 1003 842 ·
1063 793 1067 800 '

63 876 89 930 in
111 877 272 949 supplicio,
294 877 344 931 elii
363 875 447 938 bonis
460 877 491 930 in
507 878 636 949 proemio
650 874 795 948 sociandi,
820 878 949 950 quamvis

54 955 103 1012 Dei
118 958 242 1028 iudicio,
268 958 318 1013 sed
332 967 428 1014 tamen
441 960 527 1013 iusto.
571 957 644 1015 Cum
657 960 734 1014 enim
747 960 887 1032 seriptum
901 960 950 1030 sit,
985 995 987 1002 ·

49 1040 166 1097 tucciae
183 1039 320 1110 Domini,
339 1043 545 1097 misericordia
564 1051 595 1096 et
611 1044 745 1106 ceritas:
770 1060 824 1097 nee
841 1043 951 1098 iniusta

49 1119 160 1194 tia,''uec
170 1122 295 1179 erudelis
301 1131 397 1198 potest
406 1141 470 1178 esse
476 1124 596 1178 iustitie.
615 1120 696 1198 (tal.
705 1121 788 1194 CAR.
797 1119 949 1199 XXVII.)

601 1245 602 1248 ,
857 1235 867 1248 l

49 1261 90 1288 Μ
96 1261 661 1292 mwwwwwwrwsmsw
665 1267 950 1292 wwuwwhrws

113 1361 259 1432 LIBER
283 1359 505 1434 DECIMVS
531 1359 748 1432 TERTIVS.

222 1479 223 1482 ’
272 1493 276 1548 ’,
321 1475 362 1534 ‘C
383 1477 407 1534 Α
428 1476 462 1534 Ρ.
501 1475 524 1533 Ι.

53 1556 221 1626 inproprimi
230 1555 351 1619 danicis,
358 1575 410 1624 per
420 1573 495 1625 quem
505 1563 546 1608 eet
556 1562 697 1608 contracto
707 1553 870 1609 mortalitas.
939 1589 941 1596 ›

50 1650 85 1702 tis
99 1649 133 1703 de
146 1648 242 1702 nostri
260 1647 369 1703 saeculi
388 1655 490 1702 exortu
505 1657 535 1702 et
556 1646 591 1700 dc
610 1646 678 1700 initi
695 1646 811 1722 generis
829 1643 950 1700 humani

49 1733 97 1785 oris
116 1729 353 1804 quaestionibus,
381 1728 459 1785 nune
477 1731 536 1784 iam
554 1729 590 1784 de
609 1730 690 1801 lapsu
708 1727 794 1800 primi
810 1725 949 1797 hominis,

49 1832 147 1868 norum
160 1811 324 1886 hominum,
343 1822 371 1867 et
384 1811 419 1867 de
424 1814 547 1914 origine
560 1830 594 1866 ae
607 1812 767 1888 propagine
780 1811 882 1864 mortis
895 1805 949 1865 hu-

49 1897 267 1971 disputationem
287 1890 430 1950 anobis
422 1893 586 1956 rnstitutam
602 1909 711 1949 rerum
721 1891 790 1948 ordo
810 1892 948 1965 deposcit.

48 1998 77 2032 m
91 1998 124 2033 co
134 1976 223 2033 modo
237 1993 295 2052 quo
309 1975 444 2075 angelos,
470 1977 637 2033 condiderat
649 1974 729 2032 Deus
743 1974 889 2046 hornincs3
916 1983 950 2030 ut

58 2069 242 2135 peccassent,
265 2063 338 2116 mori
352 2061 471 2116 omnino
485 2057 544 2115 don
556 2069 691 2135 possent:
718 2055 791 2114 sed
782 2069 824 2113 ιιιι
836 2068 869 2113 ιιι
881 2075 948 2131 per-

48 2143 358 2200 obedientiaemunere
372 2145 436 2198 sine
449 2145 615 2200 interventu
629 2144 731 2199 mortis
747 2142 902 2218 angelica
893 2159 948 2196 rm·
958 2180 961 2206 ι

49 2245 79 2282 us
99 2236 128 2281 et
146 2226 230 2282 beato
243 2228 401 2282 aeternitas
420 2236 604 2300 sequeretar3
630 2225 830 2306 inobedientes
851 2233 961 2302 autera,

49 2319 154 2365 ceteret
170 2310 353 2365 damnatione
372 2309 544 2366 iustissima:
568 2308 684 2386 quod
661 2311 748 2365 etiam
761 2310 797 2364 in
810 2306 883 2364 libro
897 2323 946 2378 su-

49 2392 249 2448 reinduimus

330 2469 451 2548 CAP.
487 2467 537 2531 11.

49 2563 111 2617 ete,
127 2567 195 2622 quae
206 2551 311 2606 animae
326 2565 427 2621 temper
438 2563 572 2622 atramque
581 2553 705 2606 victurae
715 2551 835 2604 accidere
847 2555 947 2622 potest,

125 2649 127 2654 ·
203 2632 240 2674 et
249 2639 281 2674 ea
292 2623 338 2674 eui
348 2639 443 2690 corpur
454 2623 595 2676 obnoxium
606 2631 655 2674 est.

53 2711 113 2766 de
103 2729 168 2785 rpso
182 2726 290 2790 genere
303 2715 403 2768 mortis
416 2713 500 2779 video
514 2711 585 2766 mihi
601 2711 687 2785 poulo
702 2709 873 2786 diligentius
887 2710 946 2766 dis·
964 2737 966 2746 ν

49 2815 81 2850 ιι.
119 2796 259 2862 Quamvis
274 2797 352 2850 enim
364 2793 490 2851 hunrona
502 2791 757 2850 animaveraeiter
776 2795 946 2850 immortalis

49 2886 112 2946 etur,
133 2875 221 2933 habet
242 2873 339 2934 tamen
361 2878 505 2952 quandam
528 2880 615 2933 etiam
633 2878 696 2950 ipsa
712 2883 834 2952 mortem
856 2891 945 2930 suam.

49 2979 73 3016 co
87 2958 194 3015 dioitsrr
207 2957 394 3031 immortalis,
417 2963 483 3036 quia
496 2960 580 3016 modo
594 2959 717 3036 quodam
726 2959 947 3034 quantulocun-

61 3041 171 3098 desinit
188 3045 388 3117 viverentque
408 3045 540 3100 sentiret
555 3055 659 3122 eorpus
673 3052 769 3098 autern
781 3041 847 3097 idco
869 3049 951 3094 mor-'

49 3127 152 3180 aniam
174 3124 269 3180 deseri
291 3127 371 3181 omni
391 3129 452 3184 vite
469 3135 580 3198 potest,
605 3143 659 3181 nec
673 3144 747 3199 per
738 3143 769 3180 se
784 3127 879 3198 ipsum
892 3123 945 3176 ali-

49 3227 57 3263 ι
71 3210 155 3265 vivit.
188 3207 288 3264 Mors
279 3209 370 3285 igitur
382 3211 496 3265 annuae
509 3209 553 3280 fit,
572 3225 638 3265 eum
652 3229 715 3265 eam
729 3209 838 3263 deserit
851 3205 947 3282 Deus:

49 3293 150 3363 rporis,
164 3309 230 3348 eum
243 3291 273 3346 id
286 3292 394 3347 deserit
407 3293 512 3347 aniano.
520 3291 606 3369 Ergo
619 3294 769 3368 utriusque
782 3292 837 3360 rei,
851 3288 950 3358 idest,

49 3375 144 3430 »minis
157 3393 235 3430 mors
250 3384 309 3443 cst,
336 3391 402 3430 curn
416 3376 512 3430 anima
525 3394 543 3432 a
554 3374 620 3432 Deo
634 3376 747 3430 deserta
752 3374 868 3438 deserit
882 3388 947 3426 cor-

53 3459 133 3512 enirn
146 3475 201 3512 nec
215 3474 253 3511 ex
265 3456 329 3512 Deo
340 3458 415 3512 vivit
426 3459 519 3531 ipsa,
513 3471 567 3512 nee
581 3475 684 3531 eorpus
699 3473 736 3511 ex
750 3458 821 3534 ipsa.
835 3453 947 3509 Huius-

49 3549 105 3595 tem
118 3541 207 3594 totius
220 3538 346 3594 hominis
357 3550 481 3595 mortem
495 3542 545 3595 ilia
563 3544 712 3614 sequitur,
738 3553 824 3624 quara
842 3553 947 3591 secun·
956 3612 961 3618 .

49 3630 116 3682 tem
129 3622 295 3678 divinorum
309 3623 489 3695 eloquiorum
507 3625 632 3696 appellat
649 3613 818 3682 auotoritas.
847 3616 975 3692 Honos

63 3704 254 3800 significavit,
268 3705 317 3759 uhi
330 3706 386 3760 ait:
408 3704 483 3760 Eam
497 3707 612 3775 timete,
637 3706 688 3780 qai
708 3699 810 3760 laudet
807 3710 948 3781 protesta-

49 3804 134 3864 rrpos
149 3798 178 3843 et
193 3789 320 3864 animam
327 3787 501 3862 perderem
513 3785 682 3860 gehennam.
707 3783 789 3852 Quod
803 3801 867 3839 curn
880 3793 948 3839 ante

62 3887 120 3945 qua
133 3888 202 3925 emn
214 3870 311 3926 auium
323 3870 442 3944 corpori
455 3871 497 3926 sic
510 3868 600 3926 fuerit
611 3872 754 3944 copulata,
767 3869 889 3923 utnulla
903 3865 947 3920 di·
1030 3875 1032 3878 '
1071 3855 1077 3870 “

603 3951 655 4009 Bb
