2310 4306
93 209 188 268 etr
225 263 242 292 ,¹
355 165 932 276 nwrhuanniravovsurur
981 253 982 258 Ν

128 364 301 430 interpretes
317 351 524 427 Septuaginta,
544 348 640 404 noluit
654 364 688 402 ea
701 363 753 420 per
763 346 863 414 istos„
876 343 926 400 scd
937 361 981 416 per
995 337 1088 398 illeslro
1114 368 1149 421 up

126 436 293 520 phetasDei
306 435 433 508 Spiritus
447 431 543 487 dicere
597 429 743 504 Quicquid
755 447 826 484 vcro
841 437 888 483 est
899 425 969 500 apud
976 424 1088 498 Septutpia
1114 470 1115 491 p
1137 452 1149 503 p

127 536 173 591 ta,
196 524 227 578 in
242 518 385 576 Hebraeis
400 525 497 570 autern
510 511 657 570 codicibus
672 525 733 568 non
751 519 823 580 est,
836 529 890 585 per
906 511 972 564 istos
988 527 1016 563 ea
1026 505 1088 569 ualuit,

128 623 215 680 quam
227 619 280 676 per
294 601 375 668 illos,
403 596 479 652 idom
494 595 621 668 Spiritus
636 593 747 664 dicere,
772 595 816 648 sic
830 591 995 661 ostendens,
1009 597 1089 658 utraqu
1117 649 1143 682 „

128 679 219 744 fuisse
233 679 401 755 Prophetas.
439 676 498 734 lsto
512 678 598 734 errius
604 676 686 732 modo
700 673 759 732 alia
773 693 826 748 per
838 674 969 745 Esaiam,
980 664 1089 744 aliepule
1118 701 1135 741 ς,

127 769 263 832 ramirum,
281 766 338 821 alia
351 780 403 836 per
416 761 597 833 aliumatque
607 756 888 829 aliuanrophetam,
902 758 948 829 uel
961 757 1029 812 aliter
1037 748 1090 810 alu
1121 814 1123 825 Ι
1144 821 1149 834 Ι

128 869 181 926 per
194 837 270 904 hunc
284 864 318 901 ac
331 861 382 918 per
395 845 477 899 illum
492 840 581 911 dixit,
609 849 642 895 ut
649 840 758 896 uoluit.
804 839 951 913 Quicquid
973 854 1039 911 porro
1054 827 1090 904 tpl

126 943 267 1003 utrosque
281 927 448 994 invenitur,
466 942 517 997 per
530 932 669 997 utrosque
683 921 780 978 dicere
793 924 890 978 voluit
900 939 971 978 unus
984 913 1103 992 atqucilu'
1122 972 1125 991 ,

131 1012 272 1087 Spiritus:
298 1006 349 1064 sed
362 1008 418 1076 ita,
436 1016 469 1060 ut
482 1006 528 1060 illi
540 1003 748 1079 praecederent
760 1003 973 1078 prophetando,
992 1003 1031 1060 isti
1039 1011 1090 1069 seqre
1124 1005 1128 1019 ³

129 1102 234 1150 rentur
246 1088 416 1165 prophetice
430 1088 498 1144 illos
517 1085 748 1160 interpretando;
775 1090 845 1160 quia
863 1089 936 1142 sicut
955 1088 985 1142 in
1010 1085 1093 1139 thorn
1118 1115 1149 1166 ,m

132 1185 163 1232 ct
173 1172 381 1231 concordantia
395 1169 558 1226 dicentibus
584 1187 658 1224 unus
683 1170 763 1241 pasis
775 1167 908 1243 Spiritus
921 1167 988 1238 luit,
1006 1168 1037 1222 sic
1052 1171 1070 1216 ct
1080 1160 1094 1212 il
1116 1214 1117 1219 ,

42 1283 44 1286 ·
132 1257 197 1312 istis
211 1273 270 1310 non
286 1271 385 1308 secum
398 1252 633 1315 conferentibus,
650 1260 679 1308 ct
692 1260 791 1310 nmen
804 1261 944 1328 tanquam
957 1268 1010 1308 uno
1020 1255 1095 1304 ortus
1120 1271 1149 1328 qq

132 1349 179 1394 cta
191 1335 462 1410 interpretantibus,
475 1334 551 1390 idem
563 1333 695 1408 Spiritus
708 1348 785 1392 unus
799 1335 942 1408 apperuit.
1122 1377 1149 1410 ,r

492 1496 514 1554 c
542 1498 576 1566 Α,
594 1495 626 1555 n.
647 1495 811 1560 .xn1v.
913 1569 918 1581 ι
1123 1460 1149 1576 ξ

136 1594 209 1660 Quid
220 1593 420 1661 intelligendum
436 1591 474 1646 sit
488 1593 519 1644 dc
529 1591 711 1646 Ninivitarum
729 1591 846 1655 excidio,
867 1592 942 1644 cuins
960 1579 1100 1656 denuntiabit

201 1661 325 1714 Hebraeo
337 1659 519 1728 quadraginta
530 1659 631 1710 diarum
641 1659 727 1736 spatio
738 1660 869 1721 tenditur,
884 1659 914 1710 in
923 1656 1070 1727 Septuaqiatt

345 1795 347 1798 Ι
398 1736 487 1777 antem
498 1717 719 1777 triduibreoatate
729 1725 906 1778 concluditur.
1141 1706 1149 1739 ¹

197 1831 257 1890 S'ed
269 1833 311 1887 ait
322 1832 442 1906 aliquis:
471 1829 620 1902 Quomodo
638 1831 728 1886 sciam
746 1830 817 1905 quid
830 1828 922 1887 lonas
935 1827 1056 1907 propheta
1064 1821 1105 1876 litt
1138 1794 1144 1817 ¹

134 1918 175 1974 rit
187 1916 341 1986 Ninivitis,
354 1909 619 1993 utrum,Tridaunr,
632 1920 663 1968 et
674 1909 782 1970 Ninica
797 1922 960 1984 avertetur,
973 1932 1007 1970 an
1024 1907 1107 1979 Qsaltt

134 2002 221 2076 ginta
236 1995 319 2060 dica?
346 1997 416 2061 Quis
430 1996 509 2050 eninr
522 2013 580 2050 non
595 1993 707 2062 videat,
721 2012 782 2052 non
792 1997 922 2070 potuisse
934 1997 1110 2074 utrumquem*

136 2082 194 2136 dici
208 2077 397 2151 al’rcpheta,
414 2077 464 2151 qui
478 2078 584 2132 missus
598 2077 696 2132 lucrat
708 2086 819 2134 terrere
833 2081 1049 2136 comminatione
1059 2067 1113 2129 tari
1144 2121 1147 2150 ι

136 2164 234 2224 nentis
249 2163 333 2230 exitii
347 2155 512 2216 ciuitatenrl
536 2157 591 2214 Cui
604 2161 630 2214 si
643 2160 729 2214 tertio
748 2159 796 2216 die
813 2161 912 2218 fuerat
931 2163 1041 2219 iuturus
1054 2149 1119 2212 inab

137 2256 199 2314 tus,
211 2262 272 2299 non
286 2245 384 2318 utique
394 2240 618 2317 quadragesimo
633 2241 693 2297 die:
718 2243 743 2296 si
756 2254 854 2299 autem
868 2227 1116 2322 qiadragesimuru

138 2328 240 2399 utique
249 2326 351 2401 tertio.
395 2322 428 2394 Si
442 2341 513 2400 ergo
527 2325 772 2397 conquaeritur,
787 2326 858 2398 quid
869 2325 975 2385 horurn
988 2325 1063 2384 lones
1072 2321 1119 2376 lili·

134 2412 186 2476 rit,
196 2405 252 2464 hoc
265 2414 333 2479 puto
347 2407 444 2479 potius
458 2405 534 2479 quod
548 2408 655 2481 legitur
668 2408 699 2460 in
711 2405 859 2466 Hebraeo:
869 2409 1071 2488 Quadraginta
1080 2405 1122 2466 dn

81 2519 103 2546 a
137 2499 166 2549 at
183 2487 289 2546 Ninive
315 2496 473 2546 avertatur.
517 2487 711 2566 Septuaginta
729 2491 834 2564 quippe
852 2494 942 2570 longe
963 2485 1123 2568 posteriusls·

137 2572 287 2645 terpretati
301 2569 380 2626 eliud
394 2569 491 2626 dicere
502 2579 673 2645 potuerunt,
700 2571 776 2646 quod
796 2582 894 2642 tamen
915 2576 952 2632 ad
970 2592 1031 2631 rent
1041 2571 1125 2648 partiat

136 2665 191 2725 ret,
207 2664 237 2709 et
248 2655 280 2709 in
293 2671 383 2708 unum
396 2653 578 2726 eundemque
590 2670 720 2724 sensum,
734 2658 866 2728 quamvis
882 2658 936 2716 sub¹
951 2660 1042 2714 altera
1054 2645 1127 2729 signil-

136 2738 260 2805 catione,
274 2746 477 2808 concurreret3
504 2734 727 2809 admoneretque
741 2738 894 2810 lectorem,
908 2750 1031 2814 utraque
1043 2731 1129 2794 ructui

137 2830 198 2876 tote
213 2837 271 2876 non
285 2825 393 2890 spreta,
407 2816 441 2872 ab
454 2815 578 2874 historia
592 2835 655 2872 sese
665 2819 799 2876 attollere
813 2820 850 2876 ad
865 2841 900 2878 ea
913 2821 1131 2897 requirendaprt

136 2912 292 2976 ptcr2quae
305 2899 499 2975 significanda
512 2898 633 2955 historia
646 2902 709 2973 ipsa
723 2904 889 2977 conscripta
904 2916 960 2964 est.
1005 2901 1133 2962 Gestasud
1148 2927 1149 2934 1

138 2987 243 3058 quippe
258 2983 309 3037 illa
322 2980 466 3038 inNinire
481 2983 611 3051 civitate,
626 2981 675 3037 sed
687 2983 798 3059 aliquid
813 2988 903 3042 etiarn
918 2986 1135 3064 significaverunt

138 3064 215 3138 quod
227 3063 345 3120 moduni
357 3063 435 3117 illius
448 3064 576 3120 civitatis
592 3063 724 3122 excedat:
739 3068 817 3124 sicut
829 3077 951 3144 gestum
965 3066 1137 3145 est,quodipst

139 3143 285 3219 Propheta
299 3147 443 3216 inventre
457 3147 514 3200 ccti
527 3145 624 3200 triduo
637 3145 705 3218 fuit,
723 3158 753 3205 et
765 3141 981 3216 tamcn'aliurn
994 3144 1139 3228 significarit

6 3251 10 3258 ·
43 3287 47 3300 Ι
138 3231 168 3296 ip
181 3226 324 3301 profundo
337 3227 447 3282 inferni
460 3227 556 3283 triduo
574 3227 719 3298 futurum,
747 3234 797 3305 qui
810 3229 960 3295 Dominus
977 3245 1023 3292 est
1046 3232 1140 3290 omnin!

137 3308 355 3386 Prophetarum.
384 3311 565 3384 Quapropter
578 3311 604 3366 si
616 3313 756 3383 perillam
769 3311 923 3372 civitatem
936 3327 1019 3374 recte
1032 3314 1141 3388 accipiar

135 3391 267 3450 Ecclesia
281 3393 416 3468 gentium
425 3390 591 3464 prophetice
602 3392 743 3468 figurata,
762 3415 866 3454 eversa
878 3399 997 3455 scilicet
1009 3419 1060 3474 per
1071 3391 1142 3470 potul·

96 3499 104 3510 -
135 3477 273 3552 tentiam,
300 3483 334 3528 ut
360 3475 453 3547 qualis
476 3473 571 3530 iuerat
596 3476 653 3530 iam
668 3495 729 3534 non
753 3488 849 3551 csset3
877 3478 936 3536 hoc
955 3483 1089 3556 quoniam
1110 3486 1142 3549 pet

136 3553 283 3612 Christum
296 3555 404 3611 factum
417 3565 462 3612 est
475 3557 505 3610 in
521 3555 651 3612 Ecclesia
664 3561 898 3636 gentium,cuius
912 3565 965 3620 illa
979 3559 1142 3633 Ninivefipt·

134 3655 197 3694 ram
211 3638 340 3715 gerebat,
355 3639 418 3695 sive
430 3656 482 3710 per
496 3639 687 3715 quadraginta
701 3642 778 3714 dies,
794 3647 858 3700 sive
871 3663 925 3718 per
938 3645 1079 3714 triduum,
1089 3639 1141 3696 ide·

95 3777 97 3780 ,
134 3719 197 3790 ipse
212 3719 394 3796 significatus
410 3732 454 3777 est
468 3719 616 3794 Christus3
631 3724 825 3801 quadraginta
839 3729 966 3797 scilicet,
980 3730 1046 3801 quia
1058 3721 1142 3782 totditt

136 3803 333 3876 peregitcum
348 3801 498 3877 discipulis
518 3806 578 3860 suis
597 3816 664 3879 post
685 3813 951 3879 rerurrectionern‚
974 3821 1003 3864 et
1020 3801 1141 3866 adscendit
