2400 4312
210 232 268 290 ns
288 231 518 292 crrrrsrs
537 231 619 290 oar
638 193 720 290 rra.
744 183 832 290 rrrr.
976 238 1038 292 mr

66 383 173 440 oribus
187 383 325 442 facillime
339 381 568 458 comprehendit
592 382 634 440 Et
651 384 720 459 qnia
735 386 913 462 magistrum
930 383 1037 454 Socra-

66 469 260 544 singulariter
272 467 424 544 diligebat,
439 487 508 522 cum
520 468 691 541 loquentem
702 467 765 523 fere
777 471 809 523 in
824 469 960 524 omnibus
973 488 1036 524 ser-

66 551 136 606 ibus
149 553 211 606 suis
224 551 350 620 faciens,
369 551 458 606 etiam
470 552 522 605 illa
534 569 610 624 quae
621 552 670 606 rel
683 551 719 606 ab
733 553 799 608 aliis
814 552 973 622 didicerat,
990 554 1038 608 rcl

76 643 191 708 quanta
206 643 342 707 potuerat
358 634 558 709 intelligentia
569 633 700 703 rideret,
723 653 790 690 curn
802 636 881 690 illius
894 636 995 707 lepore
1008 645 1038 690 et

66 717 158 771 alibus
172 713 417 788 disputationibus
431 718 615 787 temperavit.
650 715 752 790 ltaque
766 736 832 773 cum
846 717 976 772 studium
989 735 1037 771 sa·

68 801 129 854 tiae
141 800 173 853 in
186 801 305 854 actione
318 808 348 852 ct
361 800 608 870 contemplatione
621 809 771 871 rersetnr,
797 800 877 855 unde
894 819 956 855 nna
967 818 1036 874 pars

77 884 190 952 aetina,
203 883 296 936 altera
308 883 534 956 contemplativa
546 881 605 936 dici
617 891 731 955 potest;
751 902 876 957 quarum
889 885 986 940 activa
999 881 1036 938 ad

66 964 144 1020 rdam
152 965 260 1033 ritam,
269 964 299 1018 id
310 973 366 1034 est,
379 963 417 1018 ad
425 983 524 1019 mores
537 964 735 1020 instituendos
748 968 888 1040 pertinet,
903 976 1036 1022 contem-

66 1050 109 1116 lra
121 1057 218 1102 autem
227 1045 264 1102 ad
275 1045 499 1120 conspiciendas
512 1056 634 1102 naturae
647 1066 750 1104 causas
763 1058 794 1105 et
807 1049 1036 1104 sincerissimam

66 1139 169 1185 tatem:
184 1129 322 1186 Socrates
334 1132 368 1185 in
381 1133 479 1186 actira
491 1131 666 1186 excelluisse
678 1141 871 1202 memoratum
884 1131 1053 1209 Pythago·-

66 1232 131 1268 rero
144 1215 237 1290 magis
252 1215 513 1286 contemplatirae,
536 1213 641 1288 quibus
653 1216 750 1289 potuit
762 1209 977 1292 intelligentiae
989 1216 1036 1270 ri·

66 1314 90 1366 s,
115 1297 268 1351 institisse.
300 1295 429 1351 Proinde
449 1295 533 1354 Plato
556 1306 712 1371 utrumque
734 1296 884 1375 iungendo
906 1297 1036 1372 pbiloso-

66 1399 94 1434 m
104 1379 263 1454 perfecisse
273 1377 423 1450 landatur,
438 1395 524 1454 qnam
537 1381 643 1436 intres
656 1389 755 1453 partes
764 1380 933 1438 distribuit:
947 1398 1035 1436 unam

66 1463 153 1532 alem,
171 1481 246 1536 qnae
258 1464 388 1518 maxime
405 1463 437 1518 in
455 1463 571 1519 actione
589 1473 742 1534 versatum
768 1465 889 1519 alteram
915 1473 1035 1520 natura-

66 1589 68 1606 .
81 1563 154 1620 quae
168 1545 411 1618 contemplationi
424 1543 562 1620 deputate
574 1555 634 1615 est3
648 1546 765 1600 tertiam
777 1548 964 1615 rationalem,
978 1564 1035 1620 qua

66 1648 101 1682 rm
114 1627 332 1684 disterminatur
346 1645 364 1682 a
374 1626 458 1684 falso.
479 1628 561 1693 Quae
573 1629 645 1684 licet
657 1629 787 1701 utrique,
804 1628 905 1698 idest,
924 1629 1034 1684 actioni

68 1713 288 1786 cntemplationi
300 1712 341 1765 sit
359 1712 544 1781 necessaria,
568 1711 697 1766 maxime
710 1719 809 1767 tamen
827 1711 1034 1782 contemplatio

66 1796 230 1867 pectionem
242 1793 300 1848 sibi
312 1792 451 1850 vendicat
463 1795 607 1848 veritatis.
632 1792 701 1849 Ideo
714 1791 787 1848 baec
800 1793 961 1867 tripartitio
975 1811 1035 1848 non

66 1879 202 1932 :ontraria
215 1878 262 1931 illi
275 1876 471 1948 distinctioni,
484 1895 541 1950 qua
554 1877 732 1954 intelligitur
745 1894 832 1932 omno
847 1875 976 1932 studium
988 1893 1035 1929 sa-

66 1961 127 2016 tiae
138 1962 168 2016 in
180 1961 300 2015 actione
314 1968 344 2013 et
357 1961 602 2034 contemplatione
614 1961 790 2016 consistere.
805 1957 881 2024 Quid
894 1966 991 2013 autem
1003 1959 1035 2013 in

66 2044 107 2098 rel
119 2040 152 2097 de
165 2041 212 2098 his
226 2041 355 2119 singulis
368 2041 499 2116 partibus
512 2040 594 2098 Plato
607 2043 751 2112 senserit,
771 2042 870 2114 idest,
883 2041 934 2096 ubi
946 2040 1035 2096 finem

66 2125 125 2180 ium
135 2127 303 2195 actionum,
327 2125 377 2202 ubi
391 2143 508 2180 causam
521 2128 650 2182 omnium
663 2134 853 2193 naturarum,
872 2123 923 2179 ubi
935 2125 1034 2178 lumen
1072 2183 1080 2190 ,

67 2210 126 2263 ium
138 2210 288 2264 rationum
302 2225 367 2262 esse
380 2210 555 2284 cognoverit
565 2210 613 2263 rel
624 2205 794 2278 crediderit,
807 2203 967 2266 differendo
982 2225 1034 2261 ex-

66 2310 105 2346 rre
118 2302 147 2347 et
158 2293 283 2368 longum
296 2309 362 2345 esse
372 2290 509 2362 arbitror,
525 2300 557 2368 et
564 2301 674 2346 temere
685 2310 751 2347 esse
762 2289 964 2348 affirmandum
975 2307 1035 2344 non

66 2385 129 2430 tror.
151 2373 228 2431 Cum
247 2375 327 2430 enim
342 2374 477 2451 magistri
495 2376 543 2430 srri
556 2372 705 2444 Socratis,
725 2392 814 2448 quern
832 2372 904 2427 facit
921 2373 953 2428 in
972 2373 1034 2426 suis

67 2459 190 2514 minibus
215 2457 429 2531 disputantem,
453 2459 641 2524 notissimum
665 2474 778 2512 morem
805 2453 1035 2510 dissimulandae

66 2542 134 2596 ntiae
152 2543 204 2597 rel
222 2541 371 2613 opinionis
390 2557 462 2595 suae
477 2558 596 2595 serrare
614 2536 748 2608 affectat,
775 2539 845 2612 quia
861 2547 892 2592 et
909 2538 953 2592 illi
971 2538 1035 2610 ipse
1053 2569 1054 2572 =

70 2625 189 2698 placuit,
203 2623 315 2678 factum
329 2631 375 2677 est
387 2631 421 2677 rrt
429 2623 517 2677 etiarn
526 2624 618 2696 ipsius
626 2620 762 2677 Platonis
773 2619 810 2674 de
821 2618 908 2674 rebus
917 2622 1035 2696 magnis

66 2709 157 2762 cnfiae
171 2725 234 2762 non
246 2704 335 2761 facile
347 2705 475 2779 perspici
486 2706 611 2778 possint.
635 2703 684 2760 Ex
696 2701 742 2756 his
756 2699 856 2757 tamen
871 2705 946 2774 qtrac
959 2703 1036 2780 apud

70 2792 227 2868 leguntur,
242 2789 308 2843 sire
321 2805 396 2861 quae
409 2787 444 2842 ab
457 2785 527 2842 aliis
541 2787 619 2843 dicta
633 2805 699 2842 esse
712 2784 847 2842 narrarit
859 2793 948 2858 atque
962 2803 1036 2842 con·
1050 2799 1052 2804 '
1123 2851 1125 2856 ¹

66 2875 118 2944 rsit,
132 2889 210 2947 quae
222 2871 280 2927 sibi
288 2869 398 2945 placita
407 2867 589 2940 viderentur,
603 2869 745 2945 quaedam
755 2868 993 2937 commemorari,
1008 2880 1039 2926 et

70 2958 152 3032 operi
164 2957 260 3012 inseri
273 2963 391 3028 oportet
403 2971 421 3008 a
433 2953 536 3025 nobis,
561 2954 611 3009 r'el
623 2950 676 3008 ubi
691 2948 874 3024 suffragatur
893 2949 1040 3022 religioni

66 3058 86 3112 r,
99 3058 189 3115 quam
202 3039 276 3095 fides
291 3046 396 3094 nostra
408 3038 533 3112 suscipit
544 3055 578 3092 ac
593 3031 738 3104 defendit,
751 3031 801 3088 rel
814 3030 864 3086 ubi
878 3032 907 3086 ei
918 3028 1041 3092 ridetur

68 3125 250 3194 contrarius,
271 3129 415 3196 quantum
427 3120 465 3178 ad
476 3123 564 3176 istam
578 3117 614 3174 de
628 3136 688 3173 uno
702 3114 768 3172 Deo
782 3122 812 3168 et
822 3113 954 3187 pluribus
968 3130 1042 3186 per.

86 3208 314 3284 quaestionem,
335 3213 457 3276 propter
480 3205 587 3275 vitam,
611 3217 688 3276 quae
712 3205 782 3272 post
805 3204 930 3250 mortem
954 3190 1044 3258 futu.

66 3301 87 3364 t,
100 3292 254 3350 veraciter
268 3287 394 3342 beatam.
425 3285 572 3344 Fortassis
587 3285 669 3342 enim
680 3282 731 3356 qui
742 3277 897 3332 Platonem
910 3283 1045 3342 caeteris
1066 3275 1075 3285 ‘

66 3375 161 3451 sophis
176 3372 322 3451 gentium
335 3369 422 3444 longe
435 3377 574 3444 recteque
582 3366 750 3444 praelatum
761 3358 874 3412 acutius
885 3364 977 3428 atque
988 3380 1047 3424 re-

66 3479 75 3515 s
88 3457 288 3516 intellexisse
302 3460 392 3523 atquc
406 3455 499 3520 secuti
513 3472 578 3508 esse
593 3451 674 3506 sama
689 3440 856 3500 celebriore
868 3435 1049 3522 laudentur,

66 3543 163 3601 litare
178 3541 218 3596 de
233 3535 305 3592 Deo
321 3535 467 3605 sentiunt,
480 3545 514 3592 ut
528 3538 559 3592 in
574 3535 628 3589 illo
642 3523 814 3583 inveniatur
827 3527 857 3573 et
869 3535 956 3572 eausa
971 3533 1050 3591 sub.

66 3628 113 3701 di,
134 3637 169 3683 et
182 3620 269 3680 ratio
287 3616 485 3691 intelligendi,
505 3629 535 3674 et
548 3616 624 3674 ordo
638 3603 770 3666 vivendi·
793 3599 924 3694 Qfflm
935 3605 1050 3686 trium,

76 3713 111 3770 ad
125 3703 329 3770 naturalem,
349 3699 474 3756 alterum
486 3701 523 3756 ad
534 3691 734 3756 rationalem,
757 3689 878 3775 telffflffl
890 3681 927 3737 ad
938 3701 1052 3768 mora-

66 3808 153 3854 ,ηοω
168 3782 370 3857 intelligitur
381 3785 536 3852 pertinere.
551 3781 588 3838 Si
602 3773 685 3832 onim
697 3766 838 3856 h⁰¹¹1⁰¹¹t³
852 3773 970 3825 ⁰¹⁰&ss
988 3791 1053 3851 cst,

73 3883 101 3941 pp
117 3870 212 3957 quod
228 3869 269 3926 in
283 3881 320 3920 oo
331 3865 494 3941 praecellit,
508 3862 645 3939 attingat
655 3843 824 3992 illp'd2quod
837 3857 947 3906 cuncta
957 3870 1061 3930 pm.
1113 3927 1118 3932 ι
