<?xml version="1.0" encoding="UTF-8"?>
<!DOCTYPE html PUBLIC "-//W3C//DTD XHTML 1.0 Transitional//EN"
    "http://www.w3.org/TR/xhtml1/DTD/xhtml1-transitional.dtd">
<html xmlns="http://www.w3.org/1999/xhtml" xml:lang="en" lang="en">
 <head>
  <title>
</title>
<meta http-equiv="Content-Type" content="text/html;charset=utf-8" />
  <meta name='ocr-system' content='tesseract 3.04.00' />
  <meta name='ocr-capabilities' content='ocr_page ocr_carea ocr_par ocr_line ocrx_word'/>
</head>
<body>
  <div class='ocr_page' id='page_1' title='image "./saureliiaugusti00augugoog/saureliiaugusti00augugoog_0830.png"; bbox 0 0 2362 4314; ppageno 0'>
   <div class='ocr_carea' id='block_1_1' title="bbox 189 151 1157 286">
    <p class='ocr_par' dir='ltr' id='par_1_1' title="bbox 189 151 1157 286">
     <span class='ocr_line' id='line_1_1' title="bbox 189 151 1157 286; baseline -0.007 -31"><span class='ocrx_word' id='word_1_1' title='bbox 189 195 254 256; x_wconf 84' lang='lat' dir='ltr'><strong>on</strong></span> <span class='ocrx_word' id='word_1_2' title='bbox 276 194 495 270; x_wconf 73' lang='lat' dir='ltr'><strong>crvrrnrs</strong></span> <span class='ocrx_word' id='word_1_3' title='bbox 518 197 597 264; x_wconf 79' lang='lat' dir='ltr'><strong>oss</strong></span> <span class='ocrx_word' id='word_1_4' title='bbox 622 199 705 262; x_wconf 84' lang='lat' dir='ltr'><strong>nra.</strong></span> <span class='ocrx_word' id='word_1_5' title='bbox 725 153 851 268; x_wconf 81' lang='lat' dir='ltr'><strong>xxm</strong></span> <span class='ocrx_word' id='word_1_6' title='bbox 889 263 893 286; x_wconf 15' lang='grc' dir='ltr'><em>κ</em></span> <span class='ocrx_word' id='word_1_7' title='bbox 969 151 1037 266; x_wconf 58' lang='lat'><strong>425&#39;</strong></span> <span class='ocrx_word' id='word_1_8' title='bbox 1119 237 1121 244; x_wconf 48' lang='lat'><strong>.</strong></span> <span class='ocrx_word' id='word_1_9' title='bbox 1155 243 1157 248; x_wconf 85' lang='lat'><strong>.</strong></span> 
     </span>
    </p>
   </div>
   <div class='ocr_carea' id='block_1_2' title="bbox 43 349 1028 426">
    <p class='ocr_par' dir='ltr' id='par_1_2' title="bbox 43 349 1028 426">
     <span class='ocr_line' id='line_1_2' title="bbox 43 349 1028 426; baseline 0.01 -19.282"><span class='ocrx_word' id='word_1_10' title='bbox 43 349 139 426; x_wconf 88' lang='lat' dir='ltr'><strong>lpse</strong></span> <span class='ocrx_word' id='word_1_11' title='bbox 153 352 239 409; x_wconf 86' lang='lat' dir='ltr'><strong>etiam</strong></span> <span class='ocrx_word' id='word_1_12' title='bbox 250 370 389 410; x_wconf 87' lang='lat' dir='ltr'><strong>numerus</strong></span> <span class='ocrx_word' id='word_1_13' title='bbox 403 360 547 420; x_wconf 85' lang='lat' dir='ltr'><strong>aetatum,</strong></span> <span class='ocrx_word' id='word_1_14' title='bbox 569 353 662 410; x_wconf 83' lang='lat' dir='ltr'><strong>veluti</strong></span> <span class='ocrx_word' id='word_1_15' title='bbox 679 353 818 426; x_wconf 83' lang='lat' dir='ltr'><strong>dierum,</strong></span> <span class='ocrx_word' id='word_1_16' title='bbox 830 357 856 412; x_wconf 86' lang='lat' dir='ltr'><strong>si</strong></span> <span class='ocrx_word' id='word_1_17' title='bbox 873 357 1028 417; x_wconf 90' lang='lat' dir='ltr'><strong>seeundum</strong></span> 
     </span>
    </p>
   </div>
   <div class='ocr_carea' id='block_1_3' title="bbox 5 437 1173 522">
    <p class='ocr_par' dir='ltr' id='par_1_3' title="bbox 5 437 1173 522">
     <span class='ocr_line' id='line_1_3' title="bbox 5 437 1173 522; baseline 0.013 -37"><span class='ocrx_word' id='word_1_18' title='bbox 5 454 36 492; x_wconf 61' lang='lat' dir='ltr'><strong>ts</strong></span> <span class='ocrx_word' id='word_1_19' title='bbox 63 437 207 493; x_wconf 76' lang='lat' dir='ltr'><strong>articulos</strong></span> <span class='ocrx_word' id='word_1_20' title='bbox 224 438 364 510; x_wconf 88' lang='lat' dir='ltr'><strong>temporis</strong></span> <span class='ocrx_word' id='word_1_21' title='bbox 383 445 583 522; x_wconf 83' lang='lat' dir='ltr'><strong>computetur,</strong></span> <span class='ocrx_word' id='word_1_22' title='bbox 606 438 699 512; x_wconf 86' lang='lat' dir='ltr'><strong>quiin</strong></span> <span class='ocrx_word' id='word_1_23' title='bbox 716 437 877 513; x_wconf 73' lang='lat' dir='ltr'><strong>seripturis</strong></span> <span class='ocrx_word' id='word_1_24' title='bbox 890 439 1028 500; x_wconf 85' lang='lat' dir='ltr'><strong>ridentur</strong></span> <span class='ocrx_word' id='word_1_25' title='bbox 1118 497 1120 508; x_wconf 76' lang='grc'>,</span> <span class='ocrx_word' id='word_1_26' title='bbox 1164 477 1173 500; x_wconf 69' lang='lat'><em>1</em></span> 
     </span>
    </p>
   </div>
   <div class='ocr_carea' id='block_1_4' title="bbox 0 507 1105 2810">
    <p class='ocr_par' dir='ltr' id='par_1_4' title="bbox 0 507 1105 2810">
     <span class='ocr_line' id='line_1_4' title="bbox 0 507 1025 620; baseline 0.007 -46"><span class='ocrx_word' id='word_1_27' title='bbox 0 546 3 565; x_wconf 79' lang='lat'>›</span> <span class='ocrx_word' id='word_1_28' title='bbox 19 521 139 594; x_wconf 85' lang='lat' dir='ltr'><strong>pressi,</strong></span> <span class='ocrx_word' id='word_1_29' title='bbox 154 520 209 575; x_wconf 90' lang='lat' dir='ltr'><strong>iste</strong></span> <span class='ocrx_word' id='word_1_30' title='bbox 223 519 413 578; x_wconf 77' lang='lat' dir='ltr'><strong>sabbatismus</strong></span> <span class='ocrx_word' id='word_1_31' title='bbox 427 507 591 586; x_wconf 84' lang='lat' dir='ltr'><strong>evidentius</strong></span> <span class='ocrx_word' id='word_1_32' title='bbox 604 520 764 620; x_wconf 77' lang='lat' dir='ltr'>apparebit,</span> <span class='ocrx_word' id='word_1_33' title='bbox 783 524 919 596; x_wconf 90' lang='lat' dir='ltr'><strong>quoniam</strong></span> <span class='ocrx_word' id='word_1_34' title='bbox 936 527 1025 599; x_wconf 88' lang='lat' dir='ltr'><strong>septi-</strong></span> 
     </span>
     <span class='ocr_line' id='line_1_5' title="bbox 8 604 1025 678; baseline 0.007 -19"><span class='ocrx_word' id='word_1_35' title='bbox 8 622 51 659; x_wconf 88' lang='lat' dir='ltr'><strong>us</strong></span> <span class='ocrx_word' id='word_1_36' title='bbox 69 604 236 660; x_wconf 89' lang='lat' dir='ltr'><strong>invonitur:</strong></span> <span class='ocrx_word' id='word_1_37' title='bbox 251 612 285 659; x_wconf 87' lang='lat' dir='ltr'><strong>ut</strong></span> <span class='ocrx_word' id='word_1_38' title='bbox 297 605 390 678; x_wconf 89' lang='lat' dir='ltr'><strong>prima</strong></span> <span class='ocrx_word' id='word_1_39' title='bbox 402 612 483 660; x_wconf 87' lang='lat' dir='ltr'><strong>aetas</strong></span> <span class='ocrx_word' id='word_1_40' title='bbox 496 610 635 678; x_wconf 89' lang='lat' dir='ltr'><strong>tanquam</strong></span> <span class='ocrx_word' id='word_1_41' title='bbox 644 605 705 660; x_wconf 86' lang='lat' dir='ltr'><strong>dies</strong></span> <span class='ocrx_word' id='word_1_42' title='bbox 715 606 824 677; x_wconf 89' lang='lat' dir='ltr'><strong>primus</strong></span> <span class='ocrx_word' id='word_1_43' title='bbox 835 608 875 662; x_wconf 91' lang='lat' dir='ltr'><strong>sit</strong></span> <span class='ocrx_word' id='word_1_44' title='bbox 888 606 923 662; x_wconf 87' lang='lat' dir='ltr'><strong>ab</strong></span> <span class='ocrx_word' id='word_1_45' title='bbox 933 607 1025 666; x_wconf 86' lang='lat' dir='ltr'><strong>Adam</strong></span> 
     </span>
     <span class='ocr_line' id='line_1_6' title="bbox 0 684 1023 762; baseline 0.008 -23"><span class='ocrx_word' id='word_1_46' title='bbox 0 705 82 762; x_wconf 89' lang='lat' dir='ltr'><strong>que</strong></span> <span class='ocrx_word' id='word_1_47' title='bbox 99 684 137 742; x_wconf 91' lang='lat' dir='ltr'><strong>ad</strong></span> <span class='ocrx_word' id='word_1_48' title='bbox 149 685 305 757; x_wconf 91' lang='lat' dir='ltr'><strong>diluvium,</strong></span> <span class='ocrx_word' id='word_1_49' title='bbox 332 686 460 744; x_wconf 85' lang='lat' dir='ltr'><strong>seeundo</strong></span> <span class='ocrx_word' id='word_1_50' title='bbox 472 686 541 743; x_wconf 89' lang='lat' dir='ltr'><strong>inde</strong></span> <span class='ocrx_word' id='word_1_51' title='bbox 554 705 645 762; x_wconf 87' lang='lat' dir='ltr'><strong>usque</strong></span> <span class='ocrx_word' id='word_1_52' title='bbox 666 687 702 743; x_wconf 87' lang='lat' dir='ltr'><strong>ad</strong></span> <span class='ocrx_word' id='word_1_53' title='bbox 715 685 875 761; x_wconf 75' lang='lat' dir='ltr'><strong>Abraham,</strong></span> <span class='ocrx_word' id='word_1_54' title='bbox 899 709 960 747; x_wconf 94' lang='lat' dir='ltr'><strong>non</strong></span> <span class='ocrx_word' id='word_1_55' title='bbox 974 711 1023 749; x_wconf 84' lang='lat' dir='ltr'><strong>ne·</strong></span> 
     </span>
     <span class='ocr_line' id='line_1_7' title="bbox 15 769 1080 852; baseline 0.001 -27.002"><span class='ocrx_word' id='word_1_56' title='bbox 15 769 134 826; x_wconf 73' lang='lat' dir='ltr'><strong>alitate</strong></span> <span class='ocrx_word' id='word_1_57' title='bbox 147 778 324 845; x_wconf 88' lang='lat' dir='ltr'><strong>temporum,</strong></span> <span class='ocrx_word' id='word_1_58' title='bbox 345 769 395 825; x_wconf 90' lang='lat' dir='ltr'><strong>sed</strong></span> <span class='ocrx_word' id='word_1_59' title='bbox 413 788 532 827; x_wconf 91' lang='lat' dir='ltr'><strong>numero</strong></span> <span class='ocrx_word' id='word_1_60' title='bbox 552 772 788 852; x_wconf 80' lang='lat' dir='ltr'><strong>generationum:</strong></span> <span class='ocrx_word' id='word_1_61' title='bbox 813 771 901 830; x_wconf 88' lang='lat' dir='ltr'><strong>denas</strong></span> <span class='ocrx_word' id='word_1_62' title='bbox 918 777 1022 850; x_wconf 79' lang='lat' dir='ltr'>quippe</span> <span class='ocrx_word' id='word_1_63' title='bbox 1076 819 1080 826; x_wconf 92' lang='lat'><strong>.</strong></span> 
     </span>
     <span class='ocr_line' id='line_1_8' title="bbox 14 852 1020 938; baseline 0.002 -26"><span class='ocrx_word' id='word_1_64' title='bbox 14 855 97 912; x_wconf 89' lang='lat' dir='ltr'><strong>bere</strong></span> <span class='ocrx_word' id='word_1_65' title='bbox 111 855 306 938; x_wconf 88' lang='lat' dir='ltr'><strong>reperiuntur.</strong></span> <span class='ocrx_word' id='word_1_66' title='bbox 328 852 428 918; x_wconf 85' lang='lat' dir='ltr'><strong>Hine</strong></span> <span class='ocrx_word' id='word_1_67' title='bbox 419 869 488 924; x_wconf 84' lang='grc' dir='ltr'>ιιιιιι,</span> <span class='ocrx_word' id='word_1_68' title='bbox 503 854 578 910; x_wconf 89' lang='lat' dir='ltr'><strong>sieut</strong></span> <span class='ocrx_word' id='word_1_69' title='bbox 589 853 782 911; x_wconf 73' lang='lat' dir='ltr'><strong>Matthaeus</strong></span> <span class='ocrx_word' id='word_1_70' title='bbox 764 855 957 934; x_wconf 82' lang='lat' dir='ltr'><strong>E&#39;rangelista</strong></span> <span class='ocrx_word' id='word_1_71' title='bbox 970 858 1020 914; x_wconf 90' lang='lat' dir='ltr'><strong>de-</strong></span> 
     </span>
     <span class='ocr_line' id='line_1_9' title="bbox 20 933 1026 1015; baseline 0.005 -22"><span class='ocrx_word' id='word_1_72' title='bbox 20 938 139 1008; x_wconf 83' lang='lat' dir='ltr'><strong>minat‚</strong></span> <span class='ocrx_word' id='word_1_73' title='bbox 152 947 212 994; x_wconf 90' lang='lat' dir='ltr'><strong>tres</strong></span> <span class='ocrx_word' id='word_1_74' title='bbox 226 933 336 994; x_wconf 85' lang='lat' dir='ltr'><strong>aetates</strong></span> <span class='ocrx_word' id='word_1_75' title='bbox 350 955 440 1012; x_wconf 90' lang='lat' dir='ltr'><strong>usque</strong></span> <span class='ocrx_word' id='word_1_76' title='bbox 453 936 490 993; x_wconf 88' lang='lat' dir='ltr'><strong>ad</strong></span> <span class='ocrx_word' id='word_1_77' title='bbox 505 935 614 993; x_wconf 85' lang='lat' dir='ltr'><strong>Christi</strong></span> <span class='ocrx_word' id='word_1_78' title='bbox 626 937 841 1014; x_wconf 86' lang='lat' dir='ltr'><strong>subsequuntur</strong></span> <span class='ocrx_word' id='word_1_79' title='bbox 854 940 1026 1015; x_wconf 73' lang='lat' dir='ltr'><strong>adventunr‚&#39;</strong></span> 
     </span>
     <span class='ocr_line' id='line_1_10' title="bbox 0 1021 1020 1106; baseline 0.006 -30"><span class='ocrx_word' id='word_1_80' title='bbox 0 1040 61 1106; x_wconf 70' lang='lat' dir='ltr'><strong>qe</strong></span> <span class='ocrx_word' id='word_1_81' title='bbox 82 1022 218 1099; x_wconf 79' lang='lat' dir='ltr'><strong>singulae</strong></span> <span class='ocrx_word' id='word_1_82' title='bbox 237 1021 320 1078; x_wconf 89' lang='lat' dir='ltr'><strong>denis</strong></span> <span class='ocrx_word' id='word_1_83' title='bbox 339 1030 369 1076; x_wconf 87' lang='lat' dir='ltr'><strong>et</strong></span> <span class='ocrx_word' id='word_1_84' title='bbox 388 1022 537 1098; x_wconf 77' lang='lat' dir='ltr'><strong>quaternis</strong></span> <span class='ocrx_word' id='word_1_85' title='bbox 557 1023 798 1100; x_wconf 78' lang='lat' dir='ltr'><strong>generationibus</strong></span> <span class='ocrx_word' id='word_1_86' title='bbox 821 1025 1020 1098; x_wconf 85' lang='lat' dir='ltr'><strong>explicantur:</strong></span> 
     </span>
     <span class='ocr_line' id='line_1_11' title="bbox 26 1102 1019 1182; baseline 0.002 -18"><span class='ocrx_word' id='word_1_87' title='bbox 26 1102 184 1164; x_wconf 82' lang='lat' dir='ltr'><strong>Abraham</strong></span> <span class='ocrx_word' id='word_1_88' title='bbox 195 1123 288 1180; x_wconf 89' lang='lat' dir='ltr'><strong>usque</strong></span> <span class='ocrx_word' id='word_1_89' title='bbox 301 1104 338 1161; x_wconf 91' lang='lat' dir='ltr'><strong>ad</strong></span> <span class='ocrx_word' id='word_1_90' title='bbox 350 1103 447 1162; x_wconf 87' lang='lat' dir='ltr'><strong>David</strong></span> <span class='ocrx_word' id='word_1_91' title='bbox 459 1123 529 1175; x_wconf 78' lang='lat' dir='ltr'><strong>una,</strong></span> <span class='ocrx_word' id='word_1_92' title='bbox 542 1105 634 1160; x_wconf 88' lang='lat' dir='ltr'><strong>altera</strong></span> <span class='ocrx_word' id='word_1_93' title='bbox 646 1104 714 1162; x_wconf 92' lang='lat' dir='ltr'><strong>inde</strong></span> <span class='ocrx_word' id='word_1_94' title='bbox 727 1124 818 1182; x_wconf 87' lang='lat' dir='ltr'><strong>usque</strong></span> <span class='ocrx_word' id='word_1_95' title='bbox 831 1106 868 1163; x_wconf 89' lang='lat' dir='ltr'><strong>ad</strong></span> <span class='ocrx_word' id='word_1_96' title='bbox 881 1112 1019 1166; x_wconf 89' lang='lat' dir='ltr'><strong>transmi-</strong></span> 
     </span>
     <span class='ocr_line' id='line_1_12' title="bbox 10 1186 1017 1263; baseline 0.004 -17"><span class='ocrx_word' id='word_1_97' title='bbox 10 1189 181 1246; x_wconf 80' lang='lat' dir='ltr'><strong>ationem</strong></span> <span class='ocrx_word' id='word_1_98' title='bbox 172 1206 205 1244; x_wconf 90' lang='grc' dir='ltr'><strong>ιιι</strong></span> <span class='ocrx_word' id='word_1_99' title='bbox 217 1187 423 1263; x_wconf 85' lang='lat' dir='ltr'><strong>Babyloniam,</strong></span> <span class='ocrx_word' id='word_1_100' title='bbox 446 1189 535 1243; x_wconf 89' lang='lat' dir='ltr'><strong>tertia</strong></span> <span class='ocrx_word' id='word_1_101' title='bbox 555 1186 624 1243; x_wconf 91' lang='lat' dir='ltr'><strong>inde</strong></span> <span class='ocrx_word' id='word_1_102' title='bbox 638 1197 729 1262; x_wconf 82' lang='lat' dir='ltr'><strong>usque</strong></span> <span class='ocrx_word' id='word_1_103' title='bbox 742 1189 779 1244; x_wconf 87' lang='lat' dir='ltr'><strong>ad</strong></span> <span class='ocrx_word' id='word_1_104' title='bbox 792 1188 900 1246; x_wconf 87' lang='lat' dir='ltr'><strong>Christi</strong></span> <span class='ocrx_word' id='word_1_105' title='bbox 914 1211 1017 1250; x_wconf 88' lang='lat' dir='ltr'><strong>earna-</strong></span> 
     </span>
     <span class='ocr_line' id='line_1_13' title="bbox 7 1270 1017 1355; baseline 0.008 -30"><span class='ocrx_word' id='word_1_106' title='bbox 7 1300 23 1325; x_wconf 76' lang='grc' dir='ltr'><strong>ιι</strong></span> <span class='ocrx_word' id='word_1_107' title='bbox 51 1273 250 1330; x_wconf 83' lang='lat' dir='ltr'><strong>nativitatem.</strong></span> <span class='ocrx_word' id='word_1_108' title='bbox 271 1271 383 1328; x_wconf 88' lang='lat' dir='ltr'><strong>Fiunt</strong></span> <span class='ocrx_word' id='word_1_109' title='bbox 374 1281 472 1348; x_wconf 85' lang='lat' dir='ltr'><strong>rtaque</strong></span> <span class='ocrx_word' id='word_1_110' title='bbox 485 1289 584 1327; x_wconf 86' lang='lat' dir='ltr'><strong>omnes</strong></span> <span class='ocrx_word' id='word_1_111' title='bbox 599 1271 736 1345; x_wconf 83' lang='lat' dir='ltr'><strong>quinque.</strong></span> <span class='ocrx_word' id='word_1_112' title='bbox 755 1270 848 1329; x_wconf 83' lang='lat' dir='ltr'><strong>Sexta</strong></span> <span class='ocrx_word' id='word_1_113' title='bbox 862 1293 940 1331; x_wconf 92' lang='lat' dir='ltr'><strong>nune</strong></span> <span class='ocrx_word' id='word_1_114' title='bbox 954 1279 1017 1355; x_wconf 87' lang='lat' dir='ltr'><strong>agi-</strong></span> 
     </span>
     <span class='ocr_line' id='line_1_14' title="bbox 1 1353 1018 1433; baseline -0.004 -21"><span class='ocrx_word' id='word_1_115' title='bbox 1 1375 38 1429; x_wconf 86' lang='lat' dir='ltr'><strong>r,</strong></span> <span class='ocrx_word' id='word_1_116' title='bbox 56 1357 142 1412; x_wconf 90' lang='lat' dir='ltr'><strong>nullo</strong></span> <span class='ocrx_word' id='word_1_117' title='bbox 156 1356 381 1432; x_wconf 76' lang='lat' dir='ltr'><strong>generationum</strong></span> <span class='ocrx_word' id='word_1_118' title='bbox 395 1373 517 1411; x_wconf 91' lang='lat' dir='ltr'><strong>numero</strong></span> <span class='ocrx_word' id='word_1_119' title='bbox 530 1353 696 1424; x_wconf 77' lang='lat' dir='ltr'><strong>arefienda‚·</strong></span> <span class='ocrx_word' id='word_1_120' title='bbox 713 1365 831 1430; x_wconf 89' lang='lat' dir='ltr'><strong>propter</strong></span> <span class='ocrx_word' id='word_1_121' title='bbox 843 1356 873 1411; x_wconf 91' lang='lat' dir='ltr'><strong>id</strong></span> <span class='ocrx_word' id='word_1_122' title='bbox 886 1359 962 1433; x_wconf 86' lang='lat' dir='ltr'><strong>quod</strong></span> <span class='ocrx_word' id='word_1_123' title='bbox 975 1361 1018 1416; x_wconf 88' lang='grc' dir='ltr'>ιιι.</span> 
     </span>
     <span class='ocr_line' id='line_1_15' title="bbox 45 1436 1018 1536; baseline 0.009 -44"><span class='ocrx_word' id='word_1_124' title='bbox 45 1468 51 1491; x_wconf 75' lang='grc' dir='ltr'><strong>ι</strong></span> <span class='ocrx_word' id='word_1_125' title='bbox 77 1448 166 1510; x_wconf 89' lang='lat' dir='ltr'><strong>est,</strong></span> <span class='ocrx_word' id='word_1_126' title='bbox 157 1436 221 1496; x_wconf 84' lang='lat' dir='ltr'><strong>Non</strong></span> <span class='ocrx_word' id='word_1_127' title='bbox 234 1450 280 1498; x_wconf 82' lang='lat' dir='ltr'><strong>est</strong></span> <span class='ocrx_word' id='word_1_128' title='bbox 292 1449 422 1508; x_wconf 79' lang='lat' dir='ltr'><strong>vestrum</strong></span> <span class='ocrx_word' id='word_1_129' title='bbox 435 1440 513 1496; x_wconf 79' lang='lat' dir='ltr'><strong>seire</strong></span> <span class='ocrx_word' id='word_1_130' title='bbox 511 1448 669 1536; x_wconf 78' lang='lat' dir='ltr'><strong>tempore,</strong></span> <span class='ocrx_word' id='word_1_131' title='bbox 682 1457 756 1514; x_wconf 84' lang='lat' dir='ltr'><strong>quoe</strong></span> <span class='ocrx_word' id='word_1_132' title='bbox 768 1437 1000 1518; x_wconf 78' lang='lat' dir='ltr'><strong>Paterpesa‘it&#39;</strong></span> <span class='ocrx_word' id='word_1_133' title='bbox 987 1463 1018 1501; x_wconf 88' lang='grc' dir='ltr'><strong>ιιι</strong></span> 
     </span>
     <span class='ocr_line' id='line_1_16' title="bbox 1 1511 1018 1602; baseline 0.001 -20"><span class='ocrx_word' id='word_1_134' title='bbox 1 1543 31 1582; x_wconf 75' lang='grc' dir='ltr'><strong>ιι</strong></span> <span class='ocrx_word' id='word_1_135' title='bbox 46 1532 218 1602; x_wconf 81' lang='lat' dir='ltr'><strong>potestate</strong></span> <span class='ocrx_word' id='word_1_136' title='bbox 252 1521 333 1579; x_wconf 89' lang='lat' dir='ltr'><strong>Post</strong></span> <span class='ocrx_word' id='word_1_137' title='bbox 341 1521 417 1578; x_wconf 93' lang='lat' dir='ltr'><strong>hane</strong></span> <span class='ocrx_word' id='word_1_138' title='bbox 417 1511 573 1596; x_wconf 88' lang='lat' dir='ltr'><strong>tanquam</strong></span> <span class='ocrx_word' id='word_1_139' title='bbox 590 1522 622 1576; x_wconf 90' lang='lat' dir='ltr'><strong>in</strong></span> <span class='ocrx_word' id='word_1_140' title='bbox 640 1519 688 1598; x_wconf 87' lang='lat' dir='ltr'><strong>die</strong></span> <span class='ocrx_word' id='word_1_141' title='bbox 702 1523 832 1595; x_wconf 82' lang='lat' dir='ltr'><strong>,septimo</strong></span> <span class='ocrx_word' id='word_1_142' title='bbox 853 1527 1018 1599; x_wconf 82' lang='lat' dir='ltr'><strong>requiescet</strong></span> 
     </span>
     <span class='ocr_line' id='line_1_17' title="bbox 21 1601 1095 1682; baseline 0.003 -20"><span class='ocrx_word' id='word_1_143' title='bbox 21 1625 79 1676; x_wconf 86' lang='lat' dir='ltr'><strong>us,</strong></span> <span class='ocrx_word' id='word_1_144' title='bbox 96 1624 162 1662; x_wconf 91' lang='lat' dir='ltr'><strong>eum</strong></span> <span class='ocrx_word' id='word_1_145' title='bbox 174 1605 300 1662; x_wconf 90' lang='lat' dir='ltr'><strong>eundem</strong></span> <span class='ocrx_word' id='word_1_146' title='bbox 311 1606 465 1679; x_wconf 86' lang='lat' dir='ltr'><strong>septimum</strong></span> <span class='ocrx_word' id='word_1_147' title='bbox 473 1604 560 1677; x_wconf 87' lang='lat' dir='ltr'><strong>diem,</strong></span> <span class='ocrx_word' id='word_1_148' title='bbox 571 1601 660 1681; x_wconf 90' lang='lat' dir='ltr'><strong>quod</strong></span> <span class='ocrx_word' id='word_1_149' title='bbox 659 1622 712 1660; x_wconf 89' lang='lat' dir='ltr'><strong>nos</strong></span> <span class='ocrx_word' id='word_1_150' title='bbox 726 1606 844 1678; x_wconf 82' lang='lat' dir='ltr'><strong>erimus,</strong></span> <span class='ocrx_word' id='word_1_151' title='bbox 859 1607 891 1663; x_wconf 94' lang='lat' dir='ltr'><strong>in</strong></span> <span class='ocrx_word' id='word_1_152' title='bbox 906 1625 938 1663; x_wconf 92' lang='lat' dir='ltr'><strong>se</strong></span> <span class='ocrx_word' id='word_1_153' title='bbox 950 1610 1015 1682; x_wconf 91' lang='lat' dir='ltr'><strong>ipse</strong></span> <span class='ocrx_word' id='word_1_154' title='bbox 1094 1665 1095 1668; x_wconf 71' lang='grc'>,</span> 
     </span>
     <span class='ocr_line' id='line_1_18' title="bbox 9 1687 1055 1769; baseline 0 -21"><span class='ocrx_word' id='word_1_155' title='bbox 9 1711 47 1748; x_wconf 49' lang='grc' dir='ltr'>ὀ</span> <span class='ocrx_word' id='word_1_156' title='bbox 66 1687 176 1768; x_wconf 87' lang='lat' dir='ltr'><strong>[Dens]</strong></span> <span class='ocrx_word' id='word_1_157' title='bbox 195 1689 284 1746; x_wconf 82' lang='lat' dir='ltr'><strong>faciet</strong></span> <span class='ocrx_word' id='word_1_158' title='bbox 295 1690 489 1764; x_wconf 81' lang='lat' dir='ltr'><strong>requiescere.</strong></span> <span class='ocrx_word' id='word_1_159' title='bbox 507 1687 554 1746; x_wconf 88' lang='lat' dir='ltr'><strong>De</strong></span> <span class='ocrx_word' id='word_1_160' title='bbox 572 1689 638 1745; x_wconf 87' lang='lat' dir='ltr'><strong>istis</strong></span> <span class='ocrx_word' id='word_1_161' title='bbox 654 1706 741 1762; x_wconf 92' lang='lat' dir='ltr'><strong>porro</strong></span> <span class='ocrx_word' id='word_1_162' title='bbox 746 1689 937 1748; x_wconf 85' lang='lat' dir='ltr'><strong>aetatibus&#39;</strong></span> <span class='ocrx_word' id='word_1_163' title='bbox 914 1710 1016 1769; x_wconf 78' lang='lat' dir='ltr'><strong>singu·</strong></span> <span class='ocrx_word' id='word_1_164' title='bbox 1052 1765 1055 1769; x_wconf 16' lang='grc' dir='ltr'>ι</span> 
     </span>
     <span class='ocr_line' id='line_1_19' title="bbox 25 1770 1017 1851; baseline -0.001 -18"><span class='ocrx_word' id='word_1_165' title='bbox 25 1792 116 1833; x_wconf 85' lang='lat' dir='ltr'><strong>nune</strong></span> <span class='ocrx_word' id='word_1_166' title='bbox 127 1773 285 1851; x_wconf 83' lang='lat' dir='ltr'><strong>diligenter</strong></span> <span class='ocrx_word' id='word_1_167' title='bbox 298 1775 420 1850; x_wconf 89' lang='lat' dir='ltr'><strong>lengum</strong></span> <span class='ocrx_word' id='word_1_168' title='bbox 433 1780 479 1827; x_wconf 89' lang='lat' dir='ltr'><strong>est</strong></span> <span class='ocrx_word' id='word_1_169' title='bbox 491 1772 649 1846; x_wconf 87' lang='lat' dir='ltr'><strong>disputare.</strong></span> <span class='ocrx_word' id='word_1_170' title='bbox 686 1770 768 1829; x_wconf 86' lang='lat' dir='ltr'><strong>Haeo</strong></span> <span class='ocrx_word' id='word_1_171' title='bbox 781 1781 879 1830; x_wconf 88' lang='lat' dir='ltr'><strong>tamen</strong></span> <span class='ocrx_word' id='word_1_172' title='bbox 894 1778 1017 1849; x_wconf 89' lang='lat' dir='ltr'><strong>septima</strong></span> 
     </span>
     <span class='ocr_line' id='line_1_20' title="bbox 2 1850 1015 1930; baseline -0.001 -14"><span class='ocrx_word' id='word_1_173' title='bbox 2 1863 45 1916; x_wconf 91' lang='lat' dir='ltr'><strong>it</strong></span> <span class='ocrx_word' id='word_1_174' title='bbox 51 1856 206 1914; x_wconf 87' lang='lat' dir='ltr'><strong>sabbatum</strong></span> <span class='ocrx_word' id='word_1_175' title='bbox 218 1866 363 1928; x_wconf 85' lang='lat' dir='ltr'><strong>nostrum,</strong></span> <span class='ocrx_word' id='word_1_176' title='bbox 379 1856 462 1911; x_wconf 90' lang='lat' dir='ltr'><strong>euius</strong></span> <span class='ocrx_word' id='word_1_177' title='bbox 474 1855 542 1912; x_wconf 88' lang='lat' dir='ltr'><strong>finis</strong></span> <span class='ocrx_word' id='word_1_178' title='bbox 558 1874 619 1913; x_wconf 91' lang='lat' dir='ltr'><strong>non</strong></span> <span class='ocrx_word' id='word_1_179' title='bbox 633 1850 690 1910; x_wconf 91' lang='lat' dir='ltr'><strong>erit</strong></span> <span class='ocrx_word' id='word_1_180' title='bbox 702 1875 835 1930; x_wconf 84' lang='lat' dir='ltr'><strong>vespera,</strong></span> <span class='ocrx_word' id='word_1_181' title='bbox 849 1857 900 1913; x_wconf 89' lang='lat' dir='ltr'><strong>sed</strong></span> <span class='ocrx_word' id='word_1_182' title='bbox 913 1857 1015 1915; x_wconf 88' lang='lat' dir='ltr'><strong>Domi·</strong></span> 
     </span>
     <span class='ocr_line' id='line_1_21' title="bbox 1 1936 1016 2014; baseline -0.002 -14"><span class='ocrx_word' id='word_1_183' title='bbox 1 1959 68 2000; x_wconf 83' lang='lat' dir='ltr'><strong>eus</strong></span> <span class='ocrx_word' id='word_1_184' title='bbox 84 1939 148 1996; x_wconf 91' lang='lat' dir='ltr'><strong>dies</strong></span> <span class='ocrx_word' id='word_1_185' title='bbox 161 1942 242 1998; x_wconf 88' lang='lat' dir='ltr'><strong>relut</strong></span> <span class='ocrx_word' id='word_1_186' title='bbox 255 1949 374 1996; x_wconf 79' lang='lat' dir='ltr'><strong>octavus</strong></span> <span class='ocrx_word' id='word_1_187' title='bbox 387 1947 536 2011; x_wconf 86' lang='lat' dir='ltr'><strong>aeternus,</strong></span> <span class='ocrx_word' id='word_1_188' title='bbox 556 1958 607 2014; x_wconf 86' lang='lat' dir='ltr'><strong>qur</strong></span> <span class='ocrx_word' id='word_1_189' title='bbox 597 1936 737 1996; x_wconf 82' lang='lat' dir='ltr'><strong>Christi</strong></span> <span class='ocrx_word' id='word_1_190' title='bbox 742 1943 957 1998; x_wconf 83' lang='lat' dir='ltr'><strong>resurreetione</strong></span> <span class='ocrx_word' id='word_1_191' title='bbox 970 1960 1016 1998; x_wconf 88' lang='lat' dir='ltr'><strong>sa-</strong></span> 
     </span>
     <span class='ocr_line' id='line_1_22' title="bbox 1 2020 1015 2100; baseline -0.005 -15"><span class='ocrx_word' id='word_1_192' title='bbox 1 2035 82 2085; x_wconf 85' lang='lat' dir='ltr'><strong>atus</strong></span> <span class='ocrx_word' id='word_1_193' title='bbox 98 2033 152 2096; x_wconf 90' lang='lat' dir='ltr'><strong>est,</strong></span> <span class='ocrx_word' id='word_1_194' title='bbox 168 2033 318 2082; x_wconf 87' lang='lat' dir='ltr'><strong>aeternam</strong></span> <span class='ocrx_word' id='word_1_195' title='bbox 330 2041 391 2080; x_wconf 94' lang='lat' dir='ltr'><strong>non</strong></span> <span class='ocrx_word' id='word_1_196' title='bbox 405 2023 499 2078; x_wconf 86' lang='lat' dir='ltr'><strong>solum</strong></span> <span class='ocrx_word' id='word_1_197' title='bbox 512 2024 642 2097; x_wconf 87' lang='lat' dir='ltr'><strong>spiritus,</strong></span> <span class='ocrx_word' id='word_1_198' title='bbox 669 2040 772 2079; x_wconf 83' lang='lat' dir='ltr'><strong>verum</strong></span> <span class='ocrx_word' id='word_1_199' title='bbox 777 2020 873 2079; x_wconf 88' lang='lat' dir='ltr'><strong>etiam</strong></span> <span class='ocrx_word' id='word_1_200' title='bbox 886 2027 1015 2100; x_wconf 87' lang='lat' dir='ltr'><strong>eorporis</strong></span> 
     </span>
     <span class='ocr_line' id='line_1_23' title="bbox 1 2105 1056 2188; baseline -0.001 -23"><span class='ocrx_word' id='word_1_201' title='bbox 1 2109 115 2188; x_wconf 80' lang='lat' dir='ltr'><strong>quiem</strong></span> <span class='ocrx_word' id='word_1_202' title='bbox 129 2107 340 2186; x_wconf 87' lang='lat' dir='ltr'><strong>praefigurans.</strong></span> <span class='ocrx_word' id='word_1_203' title='bbox 363 2105 599 2178; x_wconf 86' lang='lat' dir='ltr'><strong>lbivaeabimus,</strong></span> <span class='ocrx_word' id='word_1_204' title='bbox 613 2105 830 2178; x_wconf 84' lang='lat' dir='ltr'><strong>etridebimus:</strong></span> <span class='ocrx_word' id='word_1_205' title='bbox 842 2108 1015 2172; x_wconf 82' lang='lat' dir='ltr'><strong>ridebimus</strong></span> <span class='ocrx_word' id='word_1_206' title='bbox 1053 2117 1056 2138; x_wconf 88' lang='lat'><em>¹</em></span> 
     </span>
     <span class='ocr_line' id='line_1_24' title="bbox 1 2171 1015 2289; baseline -0.003 -36.952"><span class='ocrx_word' id='word_1_207' title='bbox 1 2191 202 2252; x_wconf 83' lang='lat' dir='ltr'><strong>amabimus.</strong></span> <span class='ocrx_word' id='word_1_208' title='bbox 216 2191 384 2289; x_wconf 71' lang='lat' dir='ltr'><strong>amabimus,</strong></span> <span class='ocrx_word' id='word_1_209' title='bbox 398 2198 429 2246; x_wconf 93' lang='lat' dir='ltr'><strong>et</strong></span> <span class='ocrx_word' id='word_1_210' title='bbox 440 2188 630 2247; x_wconf 87' lang='lat' dir='ltr'><strong>laudabimus.</strong></span> <span class='ocrx_word' id='word_1_211' title='bbox 660 2171 738 2246; x_wconf 79' lang='lat' dir='ltr'><strong>Eece</strong></span> <span class='ocrx_word' id='word_1_212' title='bbox 751 2191 834 2266; x_wconf 89' lang='lat' dir='ltr'><strong>quod</strong></span> <span class='ocrx_word' id='word_1_213' title='bbox 841 2192 920 2247; x_wconf 89' lang='lat' dir='ltr'><strong>erit</strong></span> <span class='ocrx_word' id='word_1_214' title='bbox 910 2211 943 2248; x_wconf 90' lang='grc' dir='ltr'><strong>ιιι</strong></span> <span class='ocrx_word' id='word_1_215' title='bbox 956 2173 1015 2249; x_wconf 89' lang='lat' dir='ltr'><strong>fine</strong></span> 
     </span>
     <span class='ocr_line' id='line_1_25' title="bbox 24 2274 1014 2368; baseline 0 -36"><span class='ocrx_word' id='word_1_216' title='bbox 24 2298 44 2333; x_wconf 92' lang='lat' dir='ltr'><strong>e</strong></span> <span class='ocrx_word' id='word_1_217' title='bbox 58 2277 131 2332; x_wconf 85' lang='lat' dir='ltr'><strong>fine.</strong></span> <span class='ocrx_word' id='word_1_218' title='bbox 152 2274 228 2331; x_wconf 90' lang='lat' dir='ltr'><strong>Nam</strong></span> <span class='ocrx_word' id='word_1_219' title='bbox 241 2276 305 2349; x_wconf 87' lang='lat' dir='ltr'><strong>quis</strong></span> <span class='ocrx_word' id='word_1_220' title='bbox 321 2274 396 2330; x_wconf 90' lang='lat' dir='ltr'><strong>alius</strong></span> <span class='ocrx_word' id='word_1_221' title='bbox 410 2283 511 2331; x_wconf 87' lang='lat' dir='ltr'><strong>noster</strong></span> <span class='ocrx_word' id='word_1_222' title='bbox 524 2282 570 2330; x_wconf 89' lang='lat' dir='ltr'><strong>est</strong></span> <span class='ocrx_word' id='word_1_223' title='bbox 582 2275 666 2368; x_wconf 83' lang='lat' dir='ltr'><strong>finis,</strong></span> <span class='ocrx_word' id='word_1_224' title='bbox 681 2275 740 2331; x_wconf 90' lang='lat' dir='ltr'><strong>nisi</strong></span> <span class='ocrx_word' id='word_1_225' title='bbox 751 2276 905 2349; x_wconf 86' lang='lat' dir='ltr'><strong>pervenire</strong></span> <span class='ocrx_word' id='word_1_226' title='bbox 917 2275 959 2334; x_wconf 88' lang='lat' dir='ltr'><strong>ad</strong></span> <span class='ocrx_word' id='word_1_227' title='bbox 966 2296 1014 2332; x_wconf 90' lang='lat' dir='ltr'><strong>re-</strong></span> 
     </span>
     <span class='ocr_line' id='line_1_26' title="bbox 15 2351 1104 2431; baseline -0.007 -12"><span class='ocrx_word' id='word_1_228' title='bbox 15 2379 85 2431; x_wconf 77' lang='lat' dir='ltr'><strong>um,</strong></span> <span class='ocrx_word' id='word_1_229' title='bbox 101 2360 184 2415; x_wconf 89' lang='lat' dir='ltr'><strong>euius</strong></span> <span class='ocrx_word' id='word_1_230' title='bbox 198 2359 296 2414; x_wconf 89' lang='lat' dir='ltr'><strong>nullus</strong></span> <span class='ocrx_word' id='word_1_231' title='bbox 310 2365 355 2412; x_wconf 90' lang='lat' dir='ltr'><strong>est</strong></span> <span class='ocrx_word' id='word_1_232' title='bbox 366 2351 455 2412; x_wconf 77' lang='lat' dir='ltr'><strong>finisl</strong></span> <span class='ocrx_word' id='word_1_233' title='bbox 1101 2421 1104 2430; x_wconf 22' lang='lat' dir='ltr'>y</span> 
     </span>
     <span class='ocr_line' id='line_1_27' title="bbox 41 2436 1105 2516; baseline -0.002 -16"><span class='ocrx_word' id='word_1_234' title='bbox 41 2441 156 2500; x_wconf 90' lang='lat' dir='ltr'><strong>Videor</strong></span> <span class='ocrx_word' id='word_1_235' title='bbox 167 2439 239 2497; x_wconf 91' lang='lat' dir='ltr'><strong>mihi</strong></span> <span class='ocrx_word' id='word_1_236' title='bbox 250 2439 402 2498; x_wconf 89' lang='lat' dir='ltr'><strong>debitum&#39;</strong></span> <span class='ocrx_word' id='word_1_237' title='bbox 393 2439 523 2516; x_wconf 82' lang='lat' dir='ltr'><strong>sngentis</strong></span> <span class='ocrx_word' id='word_1_238' title='bbox 536 2436 621 2496; x_wconf 91' lang='lat' dir='ltr'><strong>buius</strong></span> <span class='ocrx_word' id='word_1_239' title='bbox 635 2439 755 2516; x_wconf 88' lang='lat' dir='ltr'><strong>Operis,</strong></span> <span class='ocrx_word' id='word_1_240' title='bbox 782 2440 938 2500; x_wconf 82' lang='lat' dir='ltr'><strong>adiuvante</strong></span> <span class='ocrx_word' id='word_1_241' title='bbox 952 2441 999 2500; x_wconf 90' lang='lat' dir='ltr'><strong>Do</strong></span> <span class='ocrx_word' id='word_1_242' title='bbox 1011 2475 1015 2486; x_wconf 83' lang='lat'><em>·</em></span> <span class='ocrx_word' id='word_1_243' title='bbox 1098 2469 1105 2474; x_wconf 95' lang='grc'><strong>-</strong></span> 
     </span>
     <span class='ocr_line' id='line_1_28' title="bbox 1 2523 1014 2600; baseline -0.002 -16"><span class='ocrx_word' id='word_1_244' title='bbox 1 2532 74 2600; x_wconf 86' lang='lat' dir='ltr'><strong>ine,</strong></span> <span class='ocrx_word' id='word_1_245' title='bbox 87 2524 259 2582; x_wconf 85' lang='lat' dir='ltr'><strong>reddidisse.</strong></span> <span class='ocrx_word' id='word_1_246' title='bbox 297 2523 406 2592; x_wconf 80' lang='lat' dir='ltr'><strong>Quibus</strong></span> <span class='ocrx_word' id='word_1_247' title='bbox 419 2541 539 2598; x_wconf 87' lang='lat' dir='ltr'><strong>parum,</strong></span> <span class='ocrx_word' id='word_1_248' title='bbox 555 2524 722 2598; x_wconf 81' lang='lat' dir='ltr'><strong>vel&#39;quibus</strong></span> <span class='ocrx_word' id='word_1_249' title='bbox 734 2525 857 2581; x_wconf 89' lang='lat' dir='ltr'><strong>nimium</strong></span> <span class='ocrx_word' id='word_1_250' title='bbox 871 2534 930 2596; x_wconf 85' lang='lat' dir='ltr'><strong>est,</strong></span> <span class='ocrx_word' id='word_1_251' title='bbox 946 2525 1014 2582; x_wconf 91' lang='lat' dir='ltr'><strong>mibi</strong></span> 
     </span>
     <span class='ocr_line' id='line_1_29' title="bbox 9 2605 1012 2680; baseline -0.005 -11"><span class='ocrx_word' id='word_1_252' title='bbox 9 2619 150 2670; x_wconf 85' lang='lat' dir='ltr'><strong>noscant.</strong></span> <span class='ocrx_word' id='word_1_253' title='bbox 176 2608 288 2676; x_wconf 74' lang='lat' dir='ltr'><strong>Quibus</strong></span> <span class='ocrx_word' id='word_1_254' title='bbox 301 2618 399 2680; x_wconf 80' lang='lat' dir='ltr'><strong>autem</strong></span> <span class='ocrx_word' id='word_1_255' title='bbox 413 2607 483 2662; x_wconf 88' lang='lat' dir='ltr'><strong>satis</strong></span> <span class='ocrx_word' id='word_1_256' title='bbox 498 2615 559 2675; x_wconf 90' lang='lat' dir='ltr'><strong>est,</strong></span> <span class='ocrx_word' id='word_1_257' title='bbox 577 2625 636 2664; x_wconf 93' lang='lat' dir='ltr'><strong>non</strong></span> <span class='ocrx_word' id='word_1_258' title='bbox 645 2606 737 2678; x_wconf 83' lang='lat' dir='ltr'><strong>mihi,</strong></span> <span class='ocrx_word' id='word_1_259' title='bbox 761 2606 811 2664; x_wconf 90' lang='lat' dir='ltr'><strong>sed</strong></span> <span class='ocrx_word' id='word_1_260' title='bbox 825 2605 889 2664; x_wconf 88' lang='lat' dir='ltr'><strong>Deo</strong></span> <span class='ocrx_word' id='word_1_261' title='bbox 903 2625 1012 2666; x_wconf 79' lang='lat' dir='ltr'><strong>ureeunr</strong></span> 
     </span>
     <span class='ocr_line' id='line_1_30' title="bbox 16 2689 592 2771; baseline -0.014 -18"><span class='ocrx_word' id='word_1_262' title='bbox 16 2696 98 2754; x_wconf 83' lang='lat' dir='ltr'><strong>atias</strong></span> <span class='ocrx_word' id='word_1_263' title='bbox 110 2693 346 2771; x_wconf 78' lang='lat' dir='ltr'><strong>congratulantes</strong></span> <span class='ocrx_word' id='word_1_264' title='bbox 359 2698 458 2768; x_wconf 81' lang='lat' dir='ltr'><strong>agant.</strong></span> <span class='ocrx_word' id='word_1_265' title='bbox 494 2689 592 2747; x_wconf 73' lang='lat' dir='ltr'><strong>fineen.</strong></span> 
     </span>
     <span class='ocr_line' id='line_1_31' title="bbox 385 2785 662 2810; baseline 0 0"><span class='ocrx_word' id='word_1_266' title='bbox 385 2801 387 2810; x_wconf 66' lang='grc' dir='ltr'><strong>ι</strong></span> <span class='ocrx_word' id='word_1_267' title='bbox 469 2785 477 2810; x_wconf 67' lang='grc' dir='ltr'><strong>ι</strong></span> <span class='ocrx_word' id='word_1_268' title='bbox 657 2785 662 2794; x_wconf 88' lang='grc'><em>’</em></span> 
     </span>
    </p>
   </div>
   <div class='ocr_carea' id='block_1_5' title="bbox 0 0 1186 4314">
    <p class='ocr_par' dir='ltr' id='par_1_5' title="bbox 0 0 1186 4314">
     <span class='ocr_line' id='line_1_32' title="bbox 0 0 1186 4314; baseline 0 3"><span class='ocrx_word' id='word_1_269' title='bbox 0 0 1186 4314; x_wconf 95' lang='lat' dir='ltr'><strong> </strong></span> 
     </span>
    </p>
   </div>
  </div>
 </body>
</html>
