2340 4312
215 198 276 256 ns
299 196 517 282 crumina
540 199 620 258 oss
649 203 728 260 sia.
752 203 841 264 xm.
905 263 906 266 i
978 219 1034 274 123

17 367 89 404 sum
100 349 251 422 pertineat
263 358 487 406 sacramentum.
531 349 647 408 Sculam
667 372 736 412 vero
756 356 842 410 istam
860 341 1035 438 intelligitur
1073 359 1074 362 '

17 449 63 485 se
74 429 213 486 Salvator
227 431 311 489 uobis
332 431 364 486 in
383 435 554 500 memoriam
574 452 715 490 revocare
738 437 770 490 in
782 436 960 514 Evangelio,
986 447 1035 501 ubi

17 511 206 568 indixisset
220 513 255 566 de
268 511 464 570 Nathanadle:
490 514 568 572 Ecce
580 535 649 572 nere
661 514 817 586 Israelita,
832 521 868 574 in
882 540 938 595 quo
952 525 1035 581 dolos

17 613 56 650 m
70 605 131 667 est,
157 595 228 668 quia
238 591 330 649 lsrael
342 595 458 651 viderat
470 597 556 652 istam
574 598 735 667 visionem,
762 600 825 672 ipse
840 609 884 655 est
898 605 975 658 enim
988 605 1034 660 ln·
1073 603 1077 614 ‘

17 675 64 732 b:
90 677 193 732 eodem
206 678 273 733 loco
287 677 344 745 ait,
366 675 472 746 Amen,
485 697 569 734 emen
583 681 647 735 dico
660 680 750 756 codis,
773 682 917 739 videbitis
926 686 1035 742 coelum
1055 684 1062 696 “

17 769 149 826 vertum,
176 769 207 814 et
219 756 348 834 Angelos
361 757 422 815 Dei
440 761 651 818 adscendentes
670 772 699 818 et
718 755 925 823 descendentes
946 785 1035 846 super
1074 791 1076 797 s

17 840 105 896 ilium
118 839 252 896 bominis.

60 921 197 979 Perrexit
205 933 296 1002 autem
304 921 389 978 laoob
408 922 441 978 in
458 917 709 996 Mesopotamiam,
731 929 868 996 uminde,
890 933 1034 1005 acciperet
1075 989 1084 998 ,

17 1019 128 1060 aorem.
161 1003 245 1060 Vnde
259 1007 412 1062 autem'illi
425 1005 565 1060 acciderit
577 1017 703 1080 quatuor
715 1008 822 1066 habere
835 1002 975 1084 fciniuas,
998 1016 1034 1071 de

17 1087 103 1144 sibus
121 1087 274 1143 duodecim
284 1087 367 1145 “filios
387 1097 417 1143 et
434 1105 522 1144 unam
540 1088 630 1143 filiam
643 1095 824 1166 procreavit,
852 1115 917 1152 cum
935 1117 1035 1156 earum

17 1170 110 1224 allam
121 1170 343 1243 concupisceret
355 1170 468 1241 illicite,
484 1169 583 1228 diviua
594 1169 746 1246 Scriptura
756 1176 876 1235 indicat.
889 1180 934 1236 Ad
945 1200 1034 1238 unam
1067 1227 1068 1232 κ

17 1252 106 1326 lippe
117 1252 319 1329 accipiendam
331 1259 468 1324 venerat3
487 1253 537 1308 sed
551 1272 618 1309 cum
630 1257 675 1309 illi
688 1257 782 1312 altera
793 1277 847 1331 pro
861 1263 954 1317 altera
965 1282 1033 1337 sup-

17 1337 95 1398 »nita
108 1335 229 1410 troisset,
256 1354 311 1392 nce
329 1335 421 1409 ipsam
435 1334 561 1407 dimisit,
589 1354 646 1409 qua
657 1339 793 1394 nesciens
806 1359 877 1398 usus
892 1343 989 1402 fuerat
1002 1350 1033 1404 in
1113 1329 1116 1338 Ι

17 1427 96 1487 aete,
109 1436 148 1472 ne
162 1416 287 1488 ludibrio
300 1421 364 1472 earn
377 1417 526 1474 rideretur
537 1416 685 1491 habuisse,
699 1429 729 1476 ct
738 1439 772 1478 eo
781 1433 923 1496 tempore,
940 1446 1032 1501 quan-

17 1510 31 1546 1
50 1499 284 1574 multiplicandae
296 1501 476 1573 posteritatis
488 1518 575 1556 causa
583 1502 682 1574 plures
693 1519 799 1568 mores
811 1507 862 1562 lex
874 1510 953 1563 nulla
965 1528 1033 1582 pro·
1124 1545 1125 1548 =

17 1576 130 1652 habat,
155 1583 269 1660 acecpit
282 1584 370 1638 etiam
383 1583 478 1660 illam,
504 1585 552 1638 cui
564 1585 617 1638 uni
629 1585 687 1640 iam
701 1585 793 1641 futuri
805 1583 934 1665 coniugii
947 1591 1034 1648 fidem
1092 1589 1098 1596 ’

17 1675 117 1719 terat.
142 1666 225 1731 Quae
238 1683 326 1740 quum
340 1673 417 1720 osset
430 1665 555 1736 sterilis,
575 1667 712 1721 ancillam
725 1685 816 1738 suam,
837 1669 872 1724 dc
887 1689 945 1744 quo
956 1673 1033 1730 lilios
1130 1690 1134 1699 ·

17 1742 253 1822 &susciperetJ
274 1748 381 1802 marito
401 1746 495 1803 dedit:
521 1747 600 1820 quod
624 1749 713 1805 etiam
733 1752 826 1834 maior
850 1771 934 1808 soror
958 1755 1033 1825 eius,

17 1831 132 1886 lamvio
147 1831 324 1902 peperisset,
337 1830 475 1898 imitata,
499 1831 635 1904 quoniam
648 1832 841 1906 multiplicare
854 1825 965 1908 prolem
982 1856 1033 1891 cu-

17 1912 104 1982 ¹sabat,
118 1910 228 1966 effecit.
250 1911 368 1970 Nullam
381 1908 466 1969 Iacob
478 1913 588 1988 legitur
599 1914 720 1986 petiisse
731 1923 847 1987 praeter
860 1935 963 1987 unani,
979 1938 1033 1974 nec

17 2004 69 2048 tus
81 1995 214 2067 plurimis
228 1995 287 2049 nisi
300 1994 467 2070 gignendae
486 1995 576 2066 prolis
596 1993 707 2066 officio,
733 1998 881 2073 coniugali
895 2000 957 2054 iurc
971 2017 1032 2054 ser-

17 2084 77 2146 ato,
91 2085 125 2132 ut
137 2087 233 2149 neque
245 2074 301 2131 hoe
314 2077 434 2146 faceret,
451 2076 508 2130 nisi
521 2093 627 2131 uxores
641 2079 704 2132 eius
717 2077 747 2132 id
759 2077 825 2133 lieri
837 2078 1033 2160 flagitassent,
1140 2073 1144 2106 ²

17 2168 72 2212 aas
86 2159 218 2230 corporis
232 2158 289 2214 viri
303 2159 349 2212 sui
361 2156 506 2213 habebant
517 2159 680 2234 legitimam
693 2170 877 2232 potestatem.
922 2163 1034 2225 Genuit

17 2247 69 2314 Ι’30
94 2238 249 2295 duodecim
274 2239 350 2296 filios
374 2249 404 2300 et
427 2257 516 2295 unam
538 2240 628 2295 liliam
651 2259 689 2296 ex
708 2251 831 2316 quatuor
853 2246 1031 2302 mulieribus.
1068 2303 1069 2306 ,

17 2323 113 2376 εἰῐιᾱο
127 2322 279 2397 ingressos
295 2331 339 2376 est
352 2322 384 2378 in
397 2321 561 2400 Aegyptum
573 2341 626 2396 per
638 2322 730 2380 lilium
742 2343 826 2395 suum
838 2326 956 2401 loseph,
981 2331 1032 2402 qui

17 2403 136 2458 auditus
151 2403 186 2458 ab
200 2403 401 2460 inridentibus
415 2403 555 2462 fratribus
570 2423 605 2461 eo
617 2406 773 2480 perductus
787 2407 857 2480 fuit,
876 2418 962 2486 atque
976 2410 1039 2466 ibi-¹

17 2487 256 2550 amsublimatus.
452 2485 454 2488 ’
581 2483 604 2544 .'
632 2487 634 2490 ’
962 2493 967 2500 “

331 2561 453 2627 οἈῬ.
496 2566 697 2626 XXXIX.
999 2631 1002 2636 Δ

81 2645 159 2711 Quae
169 2648 243 2708 ratio
247 2648 360 2720 fecerit,
372 2658 403 2700 ut
414 2647 493 2702 leeod
504 2648 587 2700 etiam
597 2649 687 2700 Israel
696 2648 942 2716 cognominaretur.

59 2735 151 2796 lacob
165 2731 261 2792 autem
275 2737 361 2792 etiam
376 2737 477 2808 lsraiil,
491 2737 567 2792 sieut
579 2738 666 2810 paulo
681 2745 750 2792 ante
763 2735 836 2805 dixi,
857 2740 1028 2798 vocabatur:
1112 2729 1115 2734 ¹

17 2817 75 2878 uod
94 2835 203 2873 nomeu
225 2820 319 2894 magis
336 2822 456 2894 populus
479 2837 517 2874 ex
534 2821 586 2874 illo
604 2828 774 2892 procreatus
788 2817 922 2874 obtinuit.
965 2821 1030 2880 Hoc

17 2911 99 2956 utem
111 2900 451 2978 nomenilliabdngelo
466 2903 630 2974 impositum
645 2911 705 2970 est,
731 2901 1031 2974 quieumillolherat
1121 2919 1124 2932 ‘¹

17 2985 154 3046 {itinere
167 2980 202 3036 dc
212 2979 419 3055 Mesopotamia
430 2983 568 3044 redeunte
579 2985 716 3052 luctatus,
731 2991 832 3056 typum
846 2981 954 3038 Christi
968 2986 1029 3039 eri·

17 3066 171 3121 entissime
185 3081 301 3138 gerens.
323 3064 397 3119 Nom
411 3065 486 3140 quod
499 3067 526 3119 ei
539 3067 700 3138 praevaluit
709 3062 804 3128 Iacob,
818 3065 916 3138 utique
929 3067 1029 3119 volen-

17 3187 30 3218 ,
43 3157 82 3203 ut
93 3139 266 3220 mysterium
276 3145 426 3222 figuraret,
441 3148 588 3223 significat
600 3149 765 3220 passionom
777 3143 897 3215 Christi,
910 3145 959 3200 ubi
972 3147 1030 3201 risi
1109 3191 1115 3198 ,

17 3239 68 3286 snt
81 3229 111 3283 ei
124 3228 292 3300 praevalere
301 3227 412 3282 ludaei.
445 3228 484 3283 Et
504 3222 600 3284 tam'en
618 3228 853 3284 benedictionem
871 3228 906 3283 ab
926 3227 1028 3282 eodem
1110 3258 1113 3263 ,

19 3311 125 3390 ngclo,
140 3326 227 3382 quem
236 3320 434 3382 superaverat,
449 3312 628 3384 impetravit:
643 3328 676 3366 ae
688 3311 730 3364 sic
740 3308 823 3364 huius
836 3310 961 3364 noudnis
975 3309 1029 3362 im·

17 3395 108 3448 ositio
128 3389 300 3445 'benedictio
325 3389 389 3446 fuit.
428 3391 642 3463 Interpretatur
668 3401 764 3447 autem
788 3390 895 3459 lsrail,
922 3389 1030 3444 Videns

17 3483 111 3530 teum:
126 3472 204 3547 quod
217 3472 274 3526 erit
287 3473 318 3527 in
331 3471 561 3546 finepraomium
575 3473 702 3532 omnium
716 3481 890 3528 sanctorum.
919 3470 1032 3548 Tetigit

17 3575 87 3612 orro
99 3557 146 3610 illi
157 3549 240 3608 idem
251 3553 383 3630 Angelus
404 3557 483 3610 velut
503 3555 683 3628 praevalenti
701 3553 886 3609 latitudinem
901 3553 1030 3623 femoris,
1067 3581 1069 3586 ·

17 3657 128 3711 umque
146 3637 202 3690 isto
221 3636 304 3690 modo
323 3637 455 3691 claudum
474 3635 608 3690 reddidit.
649 3633 721 3690 Erat
739 3638 836 3709 itaque
857 3651 931 3690 unsis
945 3645 1031 3708 atquc

17 3721 88 3788 lem,
98 3718 184 3774 lacob
205 3726 244 3770 et·
255 3717 423 3772 benedictus
445 3727 474 3773 ct
490 3717 624 3786 claudus3
651 3716 818 3771 benedictus
838 3715 867 3771 in
881 3718 923 3772 eis
938 3719 1032 3792 quiin

17 3803 150 3857 hristum
172 3816 209 3854 cx
229 3798 328 3854 codem
351 3801 455 3873 populo
479 3801 681 3865 crediderunt,
709 3808 795 3873 atque
814 3800 842 3852 in
868 3800 1031 3856 infidelibus
