2266 4312
82 213 143 270 aee
310 201 898 266 ervrnvnsnnnvevsumr
952 168 960 196 ⁵

83 366 133 419 illo
142 381 212 433 unc,
226 361 342 438 quando
350 379 450 416 omnes
457 359 563 416 fuirum
571 321 621 414 illc
633 347 723 429 unus,
737 360 787 433 qni
798 377 853 434 per
865 357 1062 432 feminamlspul

82 449 172 502 estin
186 456 350 519 peccatum,
364 462 439 518 quae
452 443 487 498 de
500 445 550 498 illo
563 443 642 498 facta
654 451 780 497 estante
792 453 949 515 peccatum.
968 439 1066 498 Nondum

83 530 243 586 eretnobis
257 529 428 604 singillatim
441 538 539 581 creata
552 536 582 581 et
594 526 746 580 distributa
758 525 867 594 forma,
886 528 919 581 in
932 518 1066 601 quarupli
1130 518 1133 531 ’

80 615 261 682 viveremus;
287 611 338 665 sed
351 613 408 665 iam
421 618 527 665 natura
548 621 611 665 erat
627 611 793 679 seminalis,
813 627 852 664 ex
865 627 922 683 qua
933 625 1065 685 propagen-

80 707 163 752 mur:
189 697 256 769 quia
270 695 677 766 seilicetprepterpeecatum
691 693 808 764 vitiata,
838 701 868 748 et
879 694 990 748 vinculo
1000 690 1066 746 mom

81 781 240 848 obstricta,
254 780 386 850 iusteque
400 775 554 846 damnata,
575 794 635 832 non
648 777 770 832 alterius
784 776 960 831 conditionis
971 774 1069 830 bombex

80 861 198 917 homine
211 869 389 915 nasceretur.
415 859 458 913 Ac
469 877 522 932 per
535 857 588 915 hoc
604 877 622 913 a
635 861 720 914 liberi
734 859 850 914 arbitrii
861 861 937 934 malo
950 877 1000 914 usu
1011 857 1069 932 serio

79 944 164 1000 huius
179 945 352 998 calamitatis
365 951 468 998 exorta
480 951 539 1012 est,
554 961 628 1017 quae
640 941 798 1014 humanum
815 961 912 1019 genus
931 933 1070 1018 originelc·

78 1036 216 1101 pravata,
235 1027 316 1082 velut
327 1024 427 1080 radice
440 1035 590 1099 corrupta,
612 1043 705 1100 usque
719 1025 756 1080 ad
769 1025 918 1081 secundae
930 1027 1024 1080 mertis
1034 1023 1072 1078 cxi·

77 1113 161 1179 tium,
188 1127 261 1183 quae
275 1126 335 1164 nen
347 1107 434 1188 habet
445 1108 551 1180 finem,
576 1111 645 1164 solis
659 1110 700 1164 eis
713 1111 910 1183 exceptisqui
919 1127 970 1184 per
982 1108 1075 1187 gratier

77 1191 136 1249 Dei
147 1193 324 1263 liberantur,
337 1193 521 1248 miseriarum
535 1194 721 1248 connexione
735 1191 880 1266 perducit.

469 1342 591 1400 CAP.
632 1341 711 1399 XV.

79 1440 157 1507 Quod
164 1441 251 1493 Adam
266 1455 382 1509 peccans
397 1437 476 1507 prius
497 1439 639 1506 reliquerit
655 1437 759 1504 Deum,
779 1455 860 1508 quom
879 1439 1078 1507 relinqueretur

169 1509 230 1562 Deo
237 1529 248 1572 ;
267 1519 295 1562 et
301 1510 420 1577 primam
429 1508 518 1579 fuisse
529 1509 635 1561 aniciae
645 1519 756 1562 mortem
765 1527 783 1562 a
792 1508 854 1563 Deo
868 1509 1011 1562 recessisse.

80 1625 84 1630 '
137 1617 331 1684 Quamobrem
345 1618 432 1673 etiam
444 1618 476 1671 in
491 1633 525 1670 co
538 1616 615 1688 qnod
626 1617 735 1672 dietum
749 1626 809 1688 cst,
823 1616 923 1674 Morte
935 1614 1079 1680 moriemini,

44 1705 46 1710 ’
76 1704 214 1776 qnoniam
231 1720 294 1757 non
312 1709 357 1756 est
370 1700 494 1769 dictum,
520 1699 678 1772 Mortibus,
705 1719 769 1756 earn
786 1702 879 1755 selam
896 1701 1079 1776 intelligamur,
1127 1732 1133 1745 ι

76 1803 149 1858 quae
161 1785 195 1839 fit
207 1803 272 1840 cum
283 1786 379 1839 anima
393 1783 538 1838 deseritur
552 1801 605 1838 sua
618 1785 690 1854 vita,
704 1783 782 1859 qnod
794 1785 840 1838 illi
852 1782 933 1840 Deus
947 1792 1008 1838 cst:
1022 1779 1079 1858 (Neu

76 1869 155 1922 enim
169 1868 284 1922 deserta
298 1875 386 1921 estut
397 1865 561 1936 desereret,
573 1866 625 1920 sed
638 1876 671 1921 ut
684 1867 879 1937 desereretur,
895 1865 1028 1920 deseruit.
1052 1860 1080 1918 ll

67 1953 182 2005 -malum
195 1952 301 2024 quippe
316 1951 379 2003 eius
390 1951 471 2022 prior
484 1959 528 2004 est
540 1951 674 2006 voluntas
690 1952 766 2006 eius:
785 1950 822 2005 ad
836 1949 943 2004 bonum
955 1947 1079 2005 veracius

73 2034 155 2106 prior
173 2045 217 2086 est
235 2034 372 2087 voluntas
387 2031 532 2087 Crantoris
547 2035 625 2104 cius;
650 2035 712 2089 sive
736 2043 770 2089 ut
792 2051 856 2088 earn
877 2032 1004 2103 faceret,
1028 2045 1081 2106 quac

74 2118 246 2185 'nullacrat3
273 2116 334 2169 sive
348 2114 519 2185 utreficiat,
545 2118 613 2189 quia
627 2111 727 2194 [quae]
741 2109 999 2190 lapsaperierati)
1017 2116 1081 2170 eoam

74 2200 100 2252 si
121 2216 191 2273 ergo
216 2196 290 2250 hanc
313 2198 512 2272 intelligamus
528 2199 626 2254 Deum
648 2199 833 2254 denuntiasse
855 2206 993 2268 mortem,
1015 2200 1043 2253 in
1058 2212 1081 2248 co
1128 2230 1133 2233 Α

74 2279 150 2354 quod
165 2281 221 2350 ait,
250 2277 316 2346 Qua
329 2280 376 2334 die
390 2280 514 2336 ederitis
528 2301 565 2337 ee
578 2281 642 2352 illo,
656 2292 749 2338 morte
762 2283 944 2356 mloriemiai5
967 2291 1081 2355 tanquan

73 2363 198 2430 diceret,
225 2361 289 2428 Qua
303 2361 349 2416 die
362 2381 408 2416 me
428 2362 615 2421 deserueritis
633 2357 686 2437 per
704 2364 945 2433 inobedientiam,
971 2365 1081 2419 deseram

72 2464 124 2502 ves
142 2455 194 2518 per
211 2446 368 2502 iustitiam:
392 2447 525 2519 profecte
539 2449 570 2502 in
587 2457 725 2503 contorte
739 2450 826 2504 etiam
842 2456 976 2502 caeterae
990 2447 1080 2502 denun-
1130 2480 1133 2489 ·

38 2517 46 2536 ²
72 2530 162 2583 tiatac
178 2537 262 2600 sunt,
289 2547 363 2603 quae
376 2532 479 2603 procul
494 2531 581 2585 dubie
592 2531 714 2586 'fuerant
728 2539 892 2586 secuturae.
936 2531 1080 2588 Neminco

71 2609 148 2685 quod
169 2612 338 2667 inobediens
360 2623 457 2670 motus
472 2613 503 2667 in
518 2631 605 2668 carne
625 2615 739 2668 animae
762 2613 958 2668 inobedientis
982 2621 1080 2668 exortus
1128 2618 1133 2633 ⁴

72 2703 132 2764 est,
159 2705 276 2768 propter
301 2713 387 2769 quem
409 2696 544 2768 pudenda
565 2705 720 2764 texerunt,
746 2715 832 2752 sensa
847 2707 983 2752 estrnors
997 2695 1080 2752 unuin

70 2795 128 2852 qua
148 2777 277 2834 deseruit
299 2781 424 2833 animem
444 2779 534 2834 Deus.
576 2779 621 2836 Ea
645 2779 811 2856 significata
837 2790 883 2835 est
905 2781 1003 2836 verbis
1025 2779 1080 2843 cius,

70 2861 186 2934 quande
206 2864 310 2916 timore
332 2861 458 2917 dementi
476 2879 541 2918 sese
557 2862 748 2918 abscondenti
761 2862 873 2918 homini
886 2863 977 2935 dixit,
1004 2861 1080 2918 elder

14 2983 15 2986 ι
69 2945 120 3000 ubi
133 2943 182 3000 es?
208 2963 267 2999 non
281 2945 381 3018 utique
394 2946 556 3021 ignorando
570 2963 729 3020 quaerens,
747 2947 797 3000 sed
810 2939 987 3020 increpando
999 2945 1079 3000 adme

68 3033 154 3097 nens,
168 3037 200 3082 ut
212 3026 378 3081 attenderet
390 3029 440 3083 ubi
451 3039 537 3101 essct,
552 3031 583 3084 in
597 3047 652 3103 qne
664 3047 724 3084 non
738 3039 817 3084 esset
829 3029 921 3084 Deus.
942 3029 1012 3085 Cum
1024 3039 1079 3084 veru

28 3155 32 3170 ,f
69 3129 173 3184 eorpus
188 3112 285 3165 anima
298 3112 361 3183 ipsa
379 3110 509 3166 deseruit
521 3122 616 3168 aetate
634 3121 800 3186 corruptum
814 3121 844 3166 et
860 3105 1011 3167 senectute
1026 3125 1079 3166 eon·

67 3193 192 3259 fectum,
216 3193 343 3248 venitin
358 3195 591 3268 experimentum
604 3213 681 3250 mors
695 3197 802 3265 altera,
816 3194 852 3249 de
865 3213 924 3270 qua
934 3193 1015 3251 Deus
1027 3209 1079 3268 pcc·

68 3286 165 3330 catum
178 3274 269 3331 adhue
282 3271 406 3349 puniens
421 3276 532 3333 homini
545 3278 675 3347 dixerat,
703 3276 863 3349 Termes,
891 3289 922 3335 et
940 3281 972 3335 in
985 3289 1081 3335 terras
1120 3296 1127 3303 ι

67 3358 145 3413 ibis:
171 3369 204 3415 ut
218 3377 254 3413 cx
271 3358 317 3414 bis
338 3359 448 3416 duabus
465 3380 543 3418 mors
560 3363 609 3418 illa
622 3362 730 3434 prima,
748 3380 822 3436 quae
841 3363 934 3418 tetius
948 3371 993 3418 est
1005 3358 1081 3436 homi·
1120 3377 1124 3403 ι

67 3441 126 3510 nis,
151 3445 354 3516 compleretur,
376 3462 461 3517 quam
475 3445 601 3500 secunda
614 3446 645 3499 in
659 3441 915 3519 ultimo'sequitur,
942 3443 1081 3501 nisibeno
1124 3466 1130 3499 ,ι

66 3538 119 3592 per
137 3517 337 3600 gratiani'Dei
359 3521 506 3581 liberetur,
550 3527 651 3602 Neque
670 3529 747 3582 enim
761 3545 866 3600 corpus
881 3529 959 3602 quod
971 3528 1006 3582 de
1018 3537 1081 3581 tem
1124 3550 1131 3557 ι

69 3613 124 3673 est,
139 3607 248 3662 rediret
261 3610 292 3662 in
306 3617 424 3680 terram,
438 3611 497 3664 nisi
511 3629 562 3665 sua
574 3621 679 3680 morte,
694 3629 768 3684 quae
782 3613 826 3665 illi
838 3611 957 3682 accidit,
972 3629 1033 3665 curn
1042 3607 1079 3660 de·

67 3688 175 3742 seritur
189 3708 240 3744 sua
252 3693 330 3758 bita,
349 3687 454 3761 idest,
469 3696 574 3748 anima.
600 3693 682 3748 Vnde
697 3703 812 3749 constat
825 3695 903 3749 inter
917 3694 1080 3751 christianos
1126 3750 1128 3753 ,

66 3771 212 3825 ueraciter
226 3772 397 3830 catholicam
410 3784 543 3832 tenentes
557 3776 659 3846 fide‘m,
684 3778 771 3831 ctiam
789 3778 881 3849 ipsam
896 3779 980 3834 nobis
994 3790 1080 3844 corpo·

65 3851 108 3902 ris
132 3862 270 3927 mertem,
296 3875 357 3912 non
376 3858 441 3936 lege
462 3871 599 3932 naturae,
626 3859 812 3935 qua'nullam
829 3870 954 3918 mortem
971 3853 1079 3916 homnis
1131 3896 1133 3899 .
