<?xml version="1.0" encoding="UTF-8"?>
<!DOCTYPE html PUBLIC "-//W3C//DTD XHTML 1.0 Transitional//EN"
    "http://www.w3.org/TR/xhtml1/DTD/xhtml1-transitional.dtd">
<html xmlns="http://www.w3.org/1999/xhtml" xml:lang="en" lang="en">
 <head>
  <title>
</title>
<meta http-equiv="Content-Type" content="text/html;charset=utf-8" />
  <meta name='ocr-system' content='tesseract 3.04.00' />
  <meta name='ocr-capabilities' content='ocr_page ocr_carea ocr_par ocr_line ocrx_word'/>
</head>
<body>
  <div class='ocr_page' id='page_1' title='image "./saureliiaugusti00augugoog_0101.png"; bbox 0 0 2340 4320; ppageno 0'>
   <div class='ocr_carea' id='block_1_1' title="bbox 70 83 944 330">
    <p class='ocr_par' dir='ltr' id='par_1_1' title="bbox 70 73 944 330">
     <span class='ocr_line' id='line_1_1' title="bbox 70 83 944 215; baseline -0.021 -30"><span class='ocrx_word' id='word_1_1' title='bbox 70 129 112 185; x_wconf 80' lang='lat' dir='ltr'><strong>oe</strong></span> <span class='ocrx_word' id='word_1_2' title='bbox 287 121 386 182; x_wconf 84' lang='lat' dir='ltr'><strong>nrvr</strong></span> <span class='ocrx_word' id='word_1_3' title='bbox 418 83 890 215; x_wconf 70' lang='lat' dir='ltr'><strong>rv‘rrnrrrovcusrrnr</strong></span> <span class='ocrx_word' id='word_1_4' title='bbox 936 157 944 167; x_wconf 84' lang='grc'><strong><em>,</em></strong></span> 
     </span>
     <span class='ocr_line' id='line_1_2' title="bbox 85 221 742 330; baseline -0.012 4"><span class='ocrx_word' id='word_1_5' title='bbox 85 241 86 244; x_wconf 48' lang='lat'>‘</span> <span class='ocrx_word' id='word_1_6' title='bbox 424 271 446 330; x_wconf 89' lang='lat' dir='ltr'><strong>c</strong></span> <span class='ocrx_word' id='word_1_7' title='bbox 468 221 546 329; x_wconf 80' lang='lat' dir='ltr'><strong>rr.</strong></span> <span class='ocrx_word' id='word_1_8' title='bbox 588 267 742 327; x_wconf 86' lang='lat' dir='ltr'><strong>xxrv.</strong></span> 
     </span>
    </p>
   </div>
   <div class='ocr_carea' id='block_1_2' title="bbox 110 357 1093 446">
    <p class='ocr_par' dir='ltr' id='par_1_2' title="bbox 110 357 1093 446">
     <span class='ocr_line' id='line_1_3' title="bbox 110 357 1093 446; baseline -0.006 -23"><span class='ocrx_word' id='word_1_9' title='bbox 110 429 111 432; x_wconf 8' lang='grc' dir='ltr'><strong>Ἴ</strong></span> <span class='ocrx_word' id='word_1_10' title='bbox 130 368 174 423; x_wconf 80' lang='lat' dir='ltr'><strong>De</strong></span> <span class='ocrx_word' id='word_1_11' title='bbox 194 357 327 423; x_wconf 79' lang='lat' dir='ltr'><strong>discordia</strong></span> <span class='ocrx_word' id='word_1_12' title='bbox 338 367 425 430; x_wconf 81' lang='lat' dir='ltr'><strong>civili,</strong></span> <span class='ocrx_word' id='word_1_13' title='bbox 444 383 523 435; x_wconf 86' lang='lat' dir='ltr'><strong>qrroor</strong></span> <span class='ocrx_word' id='word_1_14' title='bbox 537 365 687 420; x_wconf 76' lang='lat' dir='ltr'><strong>Groeebioe</strong></span> <span class='ocrx_word' id='word_1_15' title='bbox 697 366 840 419; x_wconf 70' lang='lat' dir='ltr'><strong>seditiones</strong></span> <span class='ocrx_word' id='word_1_16' title='bbox 850 367 1069 446; x_wconf 66' lang='lat' dir='ltr'><strong>excitaverunt·</strong></span> <span class='ocrx_word' id='word_1_17' title='bbox 1089 357 1093 374; x_wconf 88' lang='lat'>&#39;</span> 
     </span>
    </p>
   </div>
   <div class='ocr_carea' id='block_1_3' title="bbox 10 460 1164 2096">
    <p class='ocr_par' dir='ltr' id='par_1_3' title="bbox 10 460 1164 1870">
     <span class='ocr_line' id='line_1_4' title="bbox 135 460 1148 546; baseline -0.008 -13"><span class='ocrx_word' id='word_1_18' title='bbox 135 477 256 533; x_wconf 89' lang='lat' dir='ltr'><strong>Initium</strong></span> <span class='ocrx_word' id='word_1_19' title='bbox 268 484 366 530; x_wconf 85' lang='lat' dir='ltr'><strong>autem</strong></span> <span class='ocrx_word' id='word_1_20' title='bbox 381 474 512 530; x_wconf 85' lang='lat' dir='ltr'><strong>civilium</strong></span> <span class='ocrx_word' id='word_1_21' title='bbox 524 467 668 528; x_wconf 89' lang='lat' dir='ltr'><strong>bellorum</strong></span> <span class='ocrx_word' id='word_1_22' title='bbox 682 465 758 542; x_wconf 76' lang='lat' dir='ltr'><strong>fuir,</strong></span> <span class='ocrx_word' id='word_1_23' title='bbox 779 472 940 529; x_wconf 84' lang='lat' dir='ltr'><strong>seditiones</strong></span> <span class='ocrx_word' id='word_1_24' title='bbox 955 460 1148 546; x_wconf 63' lang='lat' dir='ltr'><strong>Graccho‘</strong></span> 
     </span>
     <span class='ocr_line' id='line_1_5' title="bbox 72 539 1150 636; baseline -0.023 -19"><span class='ocrx_word' id='word_1_25' title='bbox 72 580 139 618; x_wconf 91' lang='lat' dir='ltr'><strong>rum</strong></span> <span class='ocrx_word' id='word_1_26' title='bbox 161 561 286 636; x_wconf 84' lang='lat' dir='ltr'><strong>agrariis</strong></span> <span class='ocrx_word' id='word_1_27' title='bbox 310 557 426 632; x_wconf 81' lang='lat' dir='ltr'><strong>legibus</strong></span> <span class='ocrx_word' id='word_1_28' title='bbox 451 557 606 610; x_wconf 80' lang='lat' dir='ltr'><strong>excitatae.</strong></span> <span class='ocrx_word' id='word_1_29' title='bbox 648 551 793 609; x_wconf 85' lang='lat' dir='ltr'><strong>Volebant</strong></span> <span class='ocrx_word' id='word_1_30' title='bbox 807 557 886 610; x_wconf 82' lang='lat' dir='ltr'><strong>cnir&#39;n</strong></span> <span class='ocrx_word' id='word_1_31' title='bbox 898 574 983 632; x_wconf 88' lang='lat' dir='ltr'><strong>agros</strong></span> <span class='ocrx_word' id='word_1_32' title='bbox 996 539 1150 630; x_wconf 75' lang='lat' dir='ltr'><strong>populo</strong></span> 
     </span>
     <span class='ocr_line' id='line_1_6' title="bbox 73 633 1150 714; baseline -0.008 -16"><span class='ocrx_word' id='word_1_33' title='bbox 73 637 221 712; x_wconf 90' lang='lat' dir='ltr'><strong>dividere,</strong></span> <span class='ocrx_word' id='word_1_34' title='bbox 248 658 321 714; x_wconf 86' lang='lat' dir='ltr'><strong>quos</strong></span> <span class='ocrx_word' id='word_1_35' title='bbox 336 634 473 695; x_wconf 74' lang='lat' dir='ltr'><strong>nobilitas</strong></span> <span class='ocrx_word' id='word_1_36' title='bbox 486 633 831 712; x_wconf 83' lang='lat' dir='ltr'><strong>perperampossidebat.</strong></span> <span class='ocrx_word' id='word_1_37' title='bbox 876 636 1005 693; x_wconf 84' lang='lat' dir='ltr'><strong>Seritam</strong></span> <span class='ocrx_word' id='word_1_38' title='bbox 1021 635 1150 690; x_wconf 73' lang='lat' dir='ltr'><strong>vetu‘</strong></span> 
     </span>
     <span class='ocr_line' id='line_1_7' title="bbox 74 709 1150 797; baseline -0.007 -16"><span class='ocrx_word' id='word_1_39' title='bbox 74 735 150 781; x_wconf 88' lang='lat' dir='ltr'><strong>stam</strong></span> <span class='ocrx_word' id='word_1_40' title='bbox 164 725 350 797; x_wconf 88' lang='lat' dir='ltr'><strong>iniquitatem</strong></span> <span class='ocrx_word' id='word_1_41' title='bbox 374 721 483 790; x_wconf 78' lang='lat' dir='ltr'><strong>audere</strong></span> <span class='ocrx_word' id='word_1_42' title='bbox 510 713 694 789; x_wconf 83' lang='lat' dir='ltr'><strong>convellere,</strong></span> <span class='ocrx_word' id='word_1_43' title='bbox 721 721 1023 792; x_wconf 63' lang='lat' dir='ltr'><strong>periculosissimum</strong></span> <span class='ocrx_word' id='word_1_44' title='bbox 1066 709 1150 765; x_wconf 58' lang='lat'>{¹1¹⁰</span> 
     </span>
     <span class='ocr_line' id='line_1_8' title="bbox 72 789 1149 879; baseline -0.012 -15"><span class='ocrx_word' id='word_1_45' title='bbox 72 826 162 878; x_wconf 83' lang='lat' dir='ltr'><strong>vcro,</strong></span> <span class='ocrx_word' id='word_1_46' title='bbox 184 815 218 860; x_wconf 93' lang='lat' dir='ltr'><strong>ut</strong></span> <span class='ocrx_word' id='word_1_47' title='bbox 230 807 295 879; x_wconf 89' lang='lat' dir='ltr'><strong>ipsa</strong></span> <span class='ocrx_word' id='word_1_48' title='bbox 307 823 355 859; x_wconf 88' lang='lat' dir='ltr'><strong>res</strong></span> <span class='ocrx_word' id='word_1_49' title='bbox 371 800 486 873; x_wconf 86' lang='lat' dir='ltr'><strong>docuit,</strong></span> <span class='ocrx_word' id='word_1_50' title='bbox 499 801 783 876; x_wconf 83' lang='lat' dir='ltr'><strong>perniciosissimum</strong></span> <span class='ocrx_word' id='word_1_51' title='bbox 795 802 862 857; x_wconf 85' lang='lat' dir='ltr'><strong>luit.</strong></span> <span class='ocrx_word' id='word_1_52' title='bbox 906 803 986 868; x_wconf 76' lang='lat' dir='ltr'><strong>Quae</strong></span> <span class='ocrx_word' id='word_1_53' title='bbox 999 789 1149 858; x_wconf 76' lang='lat' dir='ltr'><strong>funer²²</strong></span> 
     </span>
     <span class='ocr_line' id='line_1_9' title="bbox 73 869 1149 964; baseline -0.006 -19"><span class='ocrx_word' id='word_1_54' title='bbox 73 885 252 958; x_wconf 82' lang='lat' dir='ltr'><strong>factasunt,</strong></span> <span class='ocrx_word' id='word_1_55' title='bbox 267 907 333 954; x_wconf 90' lang='lat' dir='ltr'><strong>cum</strong></span> <span class='ocrx_word' id='word_1_56' title='bbox 345 886 426 960; x_wconf 84' lang='lat' dir='ltr'><strong>prior</strong></span> <span class='ocrx_word' id='word_1_57' title='bbox 441 883 592 940; x_wconf 82' lang='lat' dir='ltr'>Gracchus</span> <span class='ocrx_word' id='word_1_58' title='bbox 608 877 723 939; x_wconf 90' lang='lat' dir='ltr'><strong>occisus</strong></span> <span class='ocrx_word' id='word_1_59' title='bbox 738 881 801 938; x_wconf 79' lang='lat' dir='ltr'><strong>cstl</strong></span> <span class='ocrx_word' id='word_1_60' title='bbox 829 903 904 960; x_wconf 88' lang='lat' dir='ltr'><strong>quac</strong></span> <span class='ocrx_word' id='word_1_61' title='bbox 918 887 1020 954; x_wconf 86' lang='lat' dir='ltr'><strong>ctiam,</strong></span> <span class='ocrx_word' id='word_1_62' title='bbox 1049 869 1149 964; x_wconf 58' lang='lat'><strong>‘³13³&#39;</strong></span> 
     </span>
     <span class='ocr_line' id='line_1_10' title="bbox 73 947 1151 1045; baseline -0.01 -19"><span class='ocrx_word' id='word_1_63' title='bbox 73 973 150 1026; x_wconf 86' lang='lat' dir='ltr'><strong>alius</strong></span> <span class='ocrx_word' id='word_1_64' title='bbox 164 963 256 1025; x_wconf 83' lang='lat' dir='ltr'><strong>frater</strong></span> <span class='ocrx_word' id='word_1_65' title='bbox 270 971 333 1024; x_wconf 85' lang='lat' dir='ltr'><strong>eius</strong></span> <span class='ocrx_word' id='word_1_66' title='bbox 348 986 409 1023; x_wconf 90' lang='lat' dir='ltr'><strong>non</strong></span> <span class='ocrx_word' id='word_1_67' title='bbox 423 969 513 1045; x_wconf 86' lang='lat' dir='ltr'><strong>longo</strong></span> <span class='ocrx_word' id='word_1_68' title='bbox 527 963 703 1042; x_wconf 87' lang='lat' dir='ltr'><strong>interposito</strong></span> <span class='ocrx_word' id='word_1_69' title='bbox 718 962 882 1040; x_wconf 71' lang='lat' dir='ltr'><strong>temporcl</strong></span> <span class='ocrx_word' id='word_1_70' title='bbox 911 965 1013 1040; x_wconf 79' lang='lat' dir='ltr'><strong>Neque</strong></span> <span class='ocrx_word' id='word_1_71' title='bbox 1033 947 1151 1036; x_wconf 62' lang='lat' dir='ltr'><strong>cnlf¹⁸</strong></span> 
     </span>
     <span class='ocr_line' id='line_1_11' title="bbox 73 1032 1151 1130; baseline -0.011 -21"><span class='ocrx_word' id='word_1_72' title='bbox 73 1053 194 1130; x_wconf 80' lang='lat' dir='ltr'><strong>legibus</strong></span> <span class='ocrx_word' id='word_1_73' title='bbox 205 1061 234 1106; x_wconf 91' lang='lat' dir='ltr'><strong>ct</strong></span> <span class='ocrx_word' id='word_1_74' title='bbox 247 1044 351 1126; x_wconf 82' lang='lat' dir='ltr'><strong>ordine</strong></span> <span class='ocrx_word' id='word_1_75' title='bbox 365 1059 558 1124; x_wconf 88' lang='lat' dir='ltr'><strong>potestatum,</strong></span> <span class='ocrx_word' id='word_1_76' title='bbox 573 1050 624 1104; x_wconf 90' lang='lat' dir='ltr'><strong>sed</strong></span> <span class='ocrx_word' id='word_1_77' title='bbox 637 1043 731 1104; x_wconf 87' lang='lat' dir='ltr'><strong>turbis</strong></span> <span class='ocrx_word' id='word_1_78' title='bbox 743 1059 947 1123; x_wconf 85' lang='lat' dir='ltr'><strong>armorumque</strong></span> <span class='ocrx_word' id='word_1_79' title='bbox 962 1032 1151 1124; x_wconf 55' lang='lat' dir='ltr'><strong>confliofl&#39;</strong></span> 
     </span>
     <span class='ocr_line' id='line_1_12' title="bbox 10 1120 1154 1216; baseline -0.011 -24"><span class='ocrx_word' id='word_1_80' title='bbox 10 1151 26 1180; x_wconf 67' lang='grc' dir='ltr'><strong><em>ἰ</em></strong></span> <span class='ocrx_word' id='word_1_81' title='bbox 74 1131 129 1192; x_wconf 88' lang='lat' dir='ltr'><strong>bus</strong></span> <span class='ocrx_word' id='word_1_82' title='bbox 153 1136 267 1190; x_wconf 86' lang='lat' dir='ltr'><strong>nobiles</strong></span> <span class='ocrx_word' id='word_1_83' title='bbox 294 1129 498 1210; x_wconf 80' lang='lat' dir='ltr'><strong>ignobilesque</strong></span> <span class='ocrx_word' id='word_1_84' title='bbox 525 1133 716 1187; x_wconf 77' lang='lat' dir='ltr'><strong>necabantur.</strong></span> <span class='ocrx_word' id='word_1_85' title='bbox 759 1121 832 1186; x_wconf 87' lang='lat' dir='ltr'><strong>Post</strong></span> <span class='ocrx_word' id='word_1_86' title='bbox 846 1129 973 1186; x_wconf 87' lang='lat' dir='ltr'><strong>Gracchi</strong></span> <span class='ocrx_word' id='word_1_87' title='bbox 986 1120 1154 1216; x_wconf 49' lang='lat' dir='ltr'><strong>alteria!</strong></span> 
     </span>
     <span class='ocr_line' id='line_1_13' title="bbox 74 1205 1161 1299; baseline -0.008 -27"><span class='ocrx_word' id='word_1_88' title='bbox 74 1209 329 1286; x_wconf 81' lang='lat' dir='ltr'><strong>interfectionem,</strong></span> <span class='ocrx_word' id='word_1_89' title='bbox 355 1207 465 1270; x_wconf 85' lang='lat' dir='ltr'><strong>Lucius</strong></span> <span class='ocrx_word' id='word_1_90' title='bbox 480 1210 614 1288; x_wconf 84' lang='lat' dir='ltr'><strong>Opimius</strong></span> <span class='ocrx_word' id='word_1_91' title='bbox 630 1209 747 1281; x_wconf 85' lang='lat' dir='ltr'><strong>consul,</strong></span> <span class='ocrx_word' id='word_1_92' title='bbox 762 1207 814 1286; x_wconf 89' lang='lat' dir='ltr'><strong>qui</strong></span> <span class='ocrx_word' id='word_1_93' title='bbox 827 1205 967 1269; x_wconf 86' lang='lat' dir='ltr'><strong>adversus</strong></span> <span class='ocrx_word' id='word_1_94' title='bbox 982 1232 1043 1268; x_wconf 89' lang='lat' dir='ltr'><strong>eum</strong></span> <span class='ocrx_word' id='word_1_95' title='bbox 1052 1205 1112 1263; x_wconf 67' lang='lat'><strong>11¹</strong></span> <span class='ocrx_word' id='word_1_96' title='bbox 1122 1249 1161 1299; x_wconf 57' lang='grc' dir='ltr'><strong><em>ι</em></strong></span> 
     </span>
     <span class='ocr_line' id='line_1_14' title="bbox 75 1275 1160 1381; baseline -0.007 -27"><span class='ocrx_word' id='word_1_97' title='bbox 75 1309 122 1354; x_wconf 90' lang='lat' dir='ltr'><strong>tra</strong></span> <span class='ocrx_word' id='word_1_98' title='bbox 134 1298 242 1370; x_wconf 87' lang='lat' dir='ltr'><strong>Vrbem</strong></span> <span class='ocrx_word' id='word_1_99' title='bbox 268 1315 348 1354; x_wconf 83' lang='lat' dir='ltr'><strong>arma</strong></span> <span class='ocrx_word' id='word_1_100' title='bbox 372 1300 585 1367; x_wconf 86' lang='lat' dir='ltr'><strong>commoverat,-</strong></span> <span class='ocrx_word' id='word_1_101' title='bbox 611 1307 705 1369; x_wconf 78' lang='lat' dir='ltr'><strong>coque</strong></span> <span class='ocrx_word' id='word_1_102' title='bbox 724 1309 790 1350; x_wconf 89' lang='lat' dir='ltr'><strong>curn</strong></span> <span class='ocrx_word' id='word_1_103' title='bbox 814 1297 903 1351; x_wconf 81' lang='lat' dir='ltr'><strong>sociis</strong></span> <span class='ocrx_word' id='word_1_104' title='bbox 927 1303 1052 1370; x_wconf 86' lang='lat' dir='ltr'><strong>oppresso</strong></span> <span class='ocrx_word' id='word_1_105' title='bbox 1081 1275 1160 1381; x_wconf 40' lang='grc' dir='ltr'><strong>ὁ,</strong></span> 
     </span>
     <span class='ocr_line' id='line_1_15' title="bbox 76 1359 1122 1463; baseline -0.008 -27"><span class='ocrx_word' id='word_1_106' title='bbox 76 1383 244 1452; x_wconf 84' lang='lat' dir='ltr'><strong>exstincto,</strong></span> <span class='ocrx_word' id='word_1_107' title='bbox 258 1380 531 1458; x_wconf 82' lang='lat' dir='ltr'><strong>ingentcmcivium</strong></span> <span class='ocrx_word' id='word_1_108' title='bbox 546 1388 675 1454; x_wconf 80' lang='lat' dir='ltr'><strong>stragem</strong></span> <span class='ocrx_word' id='word_1_109' title='bbox 685 1375 811 1448; x_wconf 81' lang='lat' dir='ltr'><strong>fecerat,</strong></span> <span class='ocrx_word' id='word_1_110' title='bbox 828 1397 895 1451; x_wconf 90' lang='lat' dir='ltr'><strong>cum</strong></span> <span class='ocrx_word' id='word_1_111' title='bbox 908 1359 1122 1463; x_wconf 57' lang='lat' dir='ltr'><strong>quaestione?</strong></span> 
     </span>
     <span class='ocr_line' id='line_1_16' title="bbox 75 1459 1095 1537; baseline -0.005 -19"><span class='ocrx_word' id='word_1_112' title='bbox 75 1462 197 1519; x_wconf 85' lang='lat' dir='ltr'><strong>heberet</strong></span> <span class='ocrx_word' id='word_1_113' title='bbox 210 1466 271 1519; x_wconf 79' lang='lat' dir='ltr'><strong>ianr</strong></span> <span class='ocrx_word' id='word_1_114' title='bbox 282 1459 437 1537; x_wconf 85' lang='lat' dir='ltr'><strong>iudiciaria</strong></span> <span class='ocrx_word' id='word_1_115' title='bbox 449 1459 644 1536; x_wconf 69' lang='lat' dir='ltr'><strong>inquisitione</strong></span> <span class='ocrx_word' id='word_1_116' title='bbox 670 1468 802 1515; x_wconf 88' lang='lat' dir='ltr'><strong>caeteros</strong></span> <span class='ocrx_word' id='word_1_117' title='bbox 828 1473 1023 1534; x_wconf 84' lang='lat' dir='ltr'><strong>persequens,</strong></span> <span class='ocrx_word' id='word_1_118' title='bbox 1043 1462 1095 1517; x_wconf 62' lang='lat' dir='ltr'><strong>tl!</strong></span> 
     </span>
     <span class='ocr_line' id='line_1_17' title="bbox 75 1525 1164 1621; baseline -0.009 -19"><span class='ocrx_word' id='word_1_119' title='bbox 75 1547 169 1602; x_wconf 89' lang='lat' dir='ltr'><strong>millia</strong></span> <span class='ocrx_word' id='word_1_120' title='bbox 181 1545 334 1602; x_wconf 89' lang='lat' dir='ltr'><strong>hominum</strong></span> <span class='ocrx_word' id='word_1_121' title='bbox 348 1539 490 1600; x_wconf 84' lang='lat' dir='ltr'><strong>occidisse</strong></span> <span class='ocrx_word' id='word_1_122' title='bbox 503 1537 681 1618; x_wconf 78' lang='lat' dir='ltr'><strong>perhibetur.</strong></span> <span class='ocrx_word' id='word_1_123' title='bbox 724 1541 843 1618; x_wconf 81' lang='lat' dir='ltr'><strong>Exque</strong></span> <span class='ocrx_word' id='word_1_124' title='bbox 857 1544 985 1621; x_wconf 80' lang='lat' dir='ltr'><strong>intelligi</strong></span> <span class='ocrx_word' id='word_1_125' title='bbox 1002 1525 1164 1618; x_wconf 63' lang='lat' dir='ltr'><strong>poterffl</strong></span> 
     </span>
     <span class='ocr_line' id='line_1_18' title="bbox 66 1603 1154 1704; baseline -0.005 -20"><span class='ocrx_word' id='word_1_126' title='bbox 66 1625 219 1704; x_wconf 63' lang='lat' dir='ltr'><strong>‘quantum</strong></span> <span class='ocrx_word' id='word_1_127' title='bbox 242 1620 461 1692; x_wconf 83' lang='lat' dir='ltr'><strong>multitudinem</strong></span> <span class='ocrx_word' id='word_1_128' title='bbox 474 1627 613 1682; x_wconf 88' lang='lat' dir='ltr'><strong>mortium</strong></span> <span class='ocrx_word' id='word_1_129' title='bbox 624 1623 731 1696; x_wconf 81' lang='lat' dir='ltr'><strong>habere</strong></span> <span class='ocrx_word' id='word_1_130' title='bbox 743 1627 876 1699; x_wconf 85' lang='lat' dir='ltr'><strong>potuerit</strong></span> <span class='ocrx_word' id='word_1_131' title='bbox 890 1627 1023 1682; x_wconf 88' lang='lat' dir='ltr'><strong>turbidus</strong></span> <span class='ocrx_word' id='word_1_132' title='bbox 1035 1603 1154 1682; x_wconf 72' lang='lat' dir='ltr'><strong>cels</strong></span> 
     </span>
     <span class='ocr_line' id='line_1_19' title="bbox 25 1691 1153 1784; baseline -0.004 -18"><span class='ocrx_word' id='word_1_133' title='bbox 25 1756 30 1760; x_wconf 94' lang='lat'><strong>.</strong></span> <span class='ocrx_word' id='word_1_134' title='bbox 78 1709 176 1766; x_wconf 81' lang='lat' dir='ltr'><strong>flictus</strong></span> <span class='ocrx_word' id='word_1_135' title='bbox 190 1730 354 1780; x_wconf 86' lang='lat' dir='ltr'><strong>armorum,</strong></span> <span class='ocrx_word' id='word_1_136' title='bbox 381 1704 497 1784; x_wconf 85' lang='lat' dir='ltr'><strong>quando</strong></span> <span class='ocrx_word' id='word_1_137' title='bbox 511 1706 933 1784; x_wconf 87' lang='lat' dir='ltr'><strong>tantamhabuitiudiciorum</strong></span> <span class='ocrx_word' id='word_1_138' title='bbox 945 1691 1153 1765; x_wconf 75' lang='lat' dir='ltr'><strong>veluterrs</strong></span> 
     </span>
     <span class='ocr_line' id='line_1_20' title="bbox 77 1785 1118 1870; baseline -0.005 -21"><span class='ocrx_word' id='word_1_139' title='bbox 77 1795 189 1849; x_wconf 86' lang='lat' dir='ltr'><strong>minata</strong></span> <span class='ocrx_word' id='word_1_140' title='bbox 215 1789 355 1870; x_wconf 80' lang='lat' dir='ltr'><strong>cognitio.</strong></span> <span class='ocrx_word' id='word_1_141' title='bbox 398 1785 562 1846; x_wconf 78' lang='lat' dir='ltr'><strong>Percussae</strong></span> <span class='ocrx_word' id='word_1_142' title='bbox 589 1788 715 1845; x_wconf 87' lang='lat' dir='ltr'><strong>Gracchi</strong></span> <span class='ocrx_word' id='word_1_143' title='bbox 739 1790 945 1868; x_wconf 15' lang='lat' dir='ltr'><strong>ipsiuslcaput</strong></span> <span class='ocrx_word' id='word_1_144' title='bbox 970 1801 1118 1865; x_wconf 59' lang='lat' dir='ltr'><strong>quantur*</strong></span> 
     </span>
    </p>

    <p class='ocr_par' dir='ltr' id='par_1_4' title="bbox 13 1864 1095 2096">
     <span class='ocr_line' id='line_1_21' title="bbox 47 1864 1094 1952; baseline -0.002 -22"><span class='ocrx_word' id='word_1_145' title='bbox 47 1895 49 1902; x_wconf 69' lang='grc'>’</span> <span class='ocrx_word' id='word_1_146' title='bbox 79 1889 170 1952; x_wconf 76' lang='lat' dir='ltr'><strong>grave</strong></span> <span class='ocrx_word' id='word_1_147' title='bbox 189 1887 267 1945; x_wconf 83' lang='lat' dir='ltr'><strong>crat,</strong></span> <span class='ocrx_word' id='word_1_148' title='bbox 292 1882 376 1928; x_wconf 87' lang='lat' dir='ltr'><strong>tanto</strong></span> <span class='ocrx_word' id='word_1_149' title='bbox 390 1868 456 1926; x_wconf 88' lang='lat' dir='ltr'><strong>auri</strong></span> <span class='ocrx_word' id='word_1_150' title='bbox 469 1865 598 1944; x_wconf 89' lang='lat' dir='ltr'><strong>pondere</strong></span> <span class='ocrx_word' id='word_1_151' title='bbox 613 1870 728 1927; x_wconf 86' lang='lat' dir='ltr'><strong>consuli</strong></span> <span class='ocrx_word' id='word_1_152' title='bbox 741 1864 883 1927; x_wconf 90' lang='lat' dir='ltr'><strong>vendidit.</strong></span> <span class='ocrx_word' id='word_1_153' title='bbox 926 1872 1008 1928; x_wconf 80' lang='lat' dir='ltr'><strong>Haec</strong></span> <span class='ocrx_word' id='word_1_154' title='bbox 1033 1875 1094 1928; x_wconf 88' lang='lat' dir='ltr'><strong>enin</strong></span> 
     </span>
     <span class='ocr_line' id='line_1_22' title="bbox 13 1953 1095 2034; baseline 0 -24"><span class='ocrx_word' id='word_1_155' title='bbox 13 1971 18 1983; x_wconf 91' lang='lat'><strong>·</strong></span> <span class='ocrx_word' id='word_1_156' title='bbox 78 1959 176 2034; x_wconf 79' lang='lat' dir='ltr'><strong>pactio</strong></span> <span class='ocrx_word' id='word_1_157' title='bbox 198 1955 316 2012; x_wconf 86' lang='lat' dir='ltr'><strong>caedem</strong></span> <span class='ocrx_word' id='word_1_158' title='bbox 334 1963 544 2028; x_wconf 76' lang='lat' dir='ltr'><strong>praecesserat.</strong></span> <span class='ocrx_word' id='word_1_159' title='bbox 586 1953 621 2009; x_wconf 94' lang='lat' dir='ltr'><strong>ln</strong></span> <span class='ocrx_word' id='word_1_160' title='bbox 635 1972 692 2030; x_wconf 90' lang='lat' dir='ltr'><strong>qua</strong></span> <span class='ocrx_word' id='word_1_161' title='bbox 706 1955 793 2009; x_wconf 89' lang='lat' dir='ltr'><strong>etiarn</strong></span> <span class='ocrx_word' id='word_1_162' title='bbox 808 1955 923 2012; x_wconf 86' lang='lat' dir='ltr'><strong>occisus</strong></span> <span class='ocrx_word' id='word_1_163' title='bbox 939 1961 985 2012; x_wconf 88' lang='lat' dir='ltr'><strong>cst</strong></span> <span class='ocrx_word' id='word_1_164' title='bbox 997 1975 1057 2012; x_wconf 88' lang='lat' dir='ltr'><strong>cum</strong></span> <span class='ocrx_word' id='word_1_165' title='bbox 1067 1955 1095 2010; x_wconf 75' lang='lat' dir='ltr'><strong>li÷</strong></span> 
     </span>
     <span class='ocr_line' id='line_1_23' title="bbox 45 2031 951 2096; baseline -0.001 -3"><span class='ocrx_word' id='word_1_166' title='bbox 45 2031 46 2038; x_wconf 38' lang='lat'>¹</span> <span class='ocrx_word' id='word_1_167' title='bbox 78 2039 157 2093; x_wconf 90' lang='lat' dir='ltr'><strong>beris</strong></span> <span class='ocrx_word' id='word_1_168' title='bbox 171 2036 616 2096; x_wconf 27' lang='lat' dir='ltr'><strong>blarcusFulvius,consularis</strong></span> <span class='ocrx_word' id='word_1_169' title='bbox 949 2061 951 2065; x_wconf 94' lang='lat'>·</span> 
     </span>
    </p>
   </div>
   <div class='ocr_carea' id='block_1_4' title="bbox 6 2160 1170 3807">
    <p class='ocr_par' dir='ltr' id='par_1_5' title="bbox 80 2160 1104 2496">
     <span class='ocr_line' id='line_1_24' title="bbox 406 2160 742 2224; baseline 0.003 -1"><span class='ocrx_word' id='word_1_170' title='bbox 406 2199 407 2202; x_wconf 60' lang='lat'><em>=</em></span> <span class='ocrx_word' id='word_1_171' title='bbox 453 2166 574 2224; x_wconf 81' lang='lat' dir='ltr'><strong>CAP.</strong></span> <span class='ocrx_word' id='word_1_172' title='bbox 617 2160 649 2224; x_wconf 85' lang='lat' dir='ltr'>X</span> <span class='ocrx_word' id='word_1_173' title='bbox 662 2160 742 2224; x_wconf 83' lang='lat' dir='ltr'><strong>XV.</strong></span> 
     </span>
     <span class='ocr_line' id='line_1_25' title="bbox 80 2253 1102 2382; baseline 0.007 -72"><span class='ocrx_word' id='word_1_174' title='bbox 80 2253 123 2314; x_wconf 87' lang='lat' dir='ltr'><strong>De</strong></span> <span class='ocrx_word' id='word_1_175' title='bbox 133 2262 197 2314; x_wconf 82' lang='lat' dir='ltr'><strong>aede</strong></span> <span class='ocrx_word' id='word_1_176' title='bbox 213 2257 377 2315; x_wconf 79' lang='lat' dir='ltr'><strong>Concordiae</strong></span> <span class='ocrx_word' id='word_1_177' title='bbox 395 2266 667 2382; x_wconf 56' lang='lat' dir='ltr'><strong>exsenatuseonpulto</strong></span> <span class='ocrx_word' id='word_1_178' title='bbox 677 2263 771 2317; x_wconf 79' lang='lat' dir='ltr'><strong>inloco</strong></span> <span class='ocrx_word' id='word_1_179' title='bbox 781 2258 943 2318; x_wconf 75' lang='lat' dir='ltr'><strong>seditionum</strong></span> <span class='ocrx_word' id='word_1_180' title='bbox 953 2269 982 2318; x_wconf 85' lang='lat' dir='ltr'><strong>ct</strong></span> <span class='ocrx_word' id='word_1_181' title='bbox 992 2263 1102 2320; x_wconf 77' lang='lat' dir='ltr'><strong>caerlion</strong></span> 
     </span>
     <span class='ocr_line' id='line_1_26' title="bbox 541 2332 657 2385; baseline -0.009 -1"><span class='ocrx_word' id='word_1_182' title='bbox 541 2349 589 2385; x_wconf 88' lang='lat' dir='ltr'><strong>con</strong></span> <span class='ocrx_word' id='word_1_183' title='bbox 607 2332 657 2384; x_wconf 83' lang='lat' dir='ltr'><strong>ito.</strong></span> 
     </span>
     <span class='ocr_line' id='line_1_27' title="bbox 145 2413 1104 2496; baseline 0.004 -24"><span class='ocrx_word' id='word_1_184' title='bbox 145 2413 285 2496; x_wconf 87' lang='lat' dir='ltr'><strong>Eleganti</strong></span> <span class='ocrx_word' id='word_1_185' title='bbox 298 2435 369 2478; x_wconf 84' lang='lat' dir='ltr'><strong>sanc</strong></span> <span class='ocrx_word' id='word_1_186' title='bbox 384 2424 641 2478; x_wconf 80' lang='lat' dir='ltr'><strong>senatusconsulto</strong></span> <span class='ocrx_word' id='word_1_187' title='bbox 655 2437 689 2480; x_wconf 88' lang='lat' dir='ltr'><strong>eo</strong></span> <span class='ocrx_word' id='word_1_188' title='bbox 703 2417 768 2494; x_wconf 88' lang='lat' dir='ltr'><strong>ipso</strong></span> <span class='ocrx_word' id='word_1_189' title='bbox 787 2418 870 2495; x_wconf 86' lang='lat' dir='ltr'><strong>loco,</strong></span> <span class='ocrx_word' id='word_1_190' title='bbox 895 2417 947 2480; x_wconf 81' lang='lat' dir='ltr'><strong>ubi</strong></span> <span class='ocrx_word' id='word_1_191' title='bbox 972 2422 1104 2478; x_wconf 86' lang='lat' dir='ltr'><strong>funereus</strong></span> 
     </span>
    </p>

    <p class='ocr_par' dir='ltr' id='par_1_6' title="bbox 27 2503 1170 3396">
     <span class='ocr_line' id='line_1_28' title="bbox 79 2503 1105 2581; baseline 0.001 -24"><span class='ocrx_word' id='word_1_192' title='bbox 79 2503 473 2560; x_wconf 66' lang='lat' dir='ltr'><strong>tumultusillccommirsus</strong></span> <span class='ocrx_word' id='word_1_193' title='bbox 488 2513 550 2575; x_wconf 87' lang='lat' dir='ltr'><strong>est,</strong></span> <span class='ocrx_word' id='word_1_194' title='bbox 563 2505 614 2559; x_wconf 91' lang='lat' dir='ltr'><strong>ubi</strong></span> <span class='ocrx_word' id='word_1_195' title='bbox 627 2507 764 2562; x_wconf 83' lang='lat' dir='ltr'><strong>totcivcs</strong></span> <span class='ocrx_word' id='word_1_196' title='bbox 780 2503 892 2560; x_wconf 87' lang='lat' dir='ltr'><strong>ordinis</strong></span> <span class='ocrx_word' id='word_1_197' title='bbox 907 2506 1052 2581; x_wconf 80' lang='lat' dir='ltr'><strong>cuiusque</strong></span> <span class='ocrx_word' id='word_1_198' title='bbox 1064 2519 1105 2560; x_wconf 88' lang='lat' dir='ltr'><strong>oe-</strong></span> 
     </span>
     <span class='ocr_line' id='line_1_29' title="bbox 36 2581 1106 2662; baseline 0.003 -25"><span class='ocrx_word' id='word_1_199' title='bbox 36 2595 37 2600; x_wconf 74' lang='grc'>’</span> <span class='ocrx_word' id='word_1_200' title='bbox 82 2583 235 2654; x_wconf 87' lang='lat' dir='ltr'><strong>ciderunt,</strong></span> <span class='ocrx_word' id='word_1_201' title='bbox 262 2584 348 2642; x_wconf 87' lang='lat' dir='ltr'><strong>aedes</strong></span> <span class='ocrx_word' id='word_1_202' title='bbox 362 2581 544 2643; x_wconf 74' lang='lat' dir='ltr'><strong>Concordiae</strong></span> <span class='ocrx_word' id='word_1_203' title='bbox 558 2581 636 2641; x_wconf 85' lang='lat' dir='ltr'><strong>lacta</strong></span> <span class='ocrx_word' id='word_1_204' title='bbox 651 2595 711 2656; x_wconf 82' lang='lat' dir='ltr'><strong>cst,</strong></span> <span class='ocrx_word' id='word_1_205' title='bbox 735 2596 771 2642; x_wconf 86' lang='lat' dir='ltr'><strong>ut</strong></span> <span class='ocrx_word' id='word_1_206' title='bbox 784 2586 987 2643; x_wconf 81' lang='lat' dir='ltr'><strong>Gracchorum</strong></span> <span class='ocrx_word' id='word_1_207' title='bbox 1003 2600 1106 2662; x_wconf 78' lang='lat' dir='ltr'><strong>poenae</strong></span> 
     </span>
     <span class='ocr_line' id='line_1_30' title="bbox 81 2666 1141 2750; baseline 0.005 -31"><span class='ocrx_word' id='word_1_208' title='bbox 81 2666 167 2720; x_wconf 86' lang='lat' dir='ltr'><strong>testis</strong></span> <span class='ocrx_word' id='word_1_209' title='bbox 194 2671 434 2725; x_wconf 85' lang='lat' dir='ltr'><strong>concionantium</strong></span> <span class='ocrx_word' id='word_1_210' title='bbox 460 2670 560 2725; x_wconf 86' lang='lat' dir='ltr'><strong>oculos</strong></span> <span class='ocrx_word' id='word_1_211' title='bbox 586 2668 705 2738; x_wconf 84' lang='lat' dir='ltr'><strong>feriret,</strong></span> <span class='ocrx_word' id='word_1_212' title='bbox 732 2671 959 2744; x_wconf 82' lang='lat' dir='ltr'><strong>memoriamque</strong></span> <span class='ocrx_word' id='word_1_213' title='bbox 974 2669 1107 2744; x_wconf 77' lang='lat' dir='ltr'><strong>compuri·</strong></span> <span class='ocrx_word' id='word_1_214' title='bbox 1124 2737 1141 2750; x_wconf 32' lang='lat' dir='ltr'><em>f</em></span> 
     </span>
     <span class='ocr_line' id='line_1_31' title="bbox 81 2747 1108 2826; baseline 0.005 -25"><span class='ocrx_word' id='word_1_215' title='bbox 81 2756 175 2825; x_wconf 80' lang='lat' dir='ltr'><strong>geret.</strong></span> <span class='ocrx_word' id='word_1_216' title='bbox 209 2747 271 2826; x_wconf 75' lang='lat' dir='ltr'><strong>Sed</strong></span> <span class='ocrx_word' id='word_1_217' title='bbox 284 2750 340 2807; x_wconf 88' lang='lat' dir='ltr'><strong>hoo</strong></span> <span class='ocrx_word' id='word_1_218' title='bbox 354 2750 519 2824; x_wconf 85' lang='lat' dir='ltr'><strong>quidaliud</strong></span> <span class='ocrx_word' id='word_1_219' title='bbox 532 2751 605 2822; x_wconf 84' lang='lat' dir='ltr'><strong>fuit,</strong></span> <span class='ocrx_word' id='word_1_220' title='bbox 620 2763 707 2824; x_wconf 86' lang='lat' dir='ltr'><strong>quom</strong></span> <span class='ocrx_word' id='word_1_221' title='bbox 719 2752 820 2806; x_wconf 89' lang='lat' dir='ltr'><strong>irrisio</strong></span> <span class='ocrx_word' id='word_1_222' title='bbox 833 2751 971 2820; x_wconf 88' lang='lat' dir='ltr'><strong>deorum,</strong></span> <span class='ocrx_word' id='word_1_223' title='bbox 985 2751 1108 2807; x_wconf 85' lang='lat' dir='ltr'><strong>illiricae</strong></span> 
     </span>
     <span class='ocr_line' id='line_1_32' title="bbox 27 2827 1170 2913; baseline 0.004 -30"><span class='ocrx_word' id='word_1_224' title='bbox 27 2827 30 2838; x_wconf 91' lang='lat'>&#39;</span> <span class='ocrx_word' id='word_1_225' title='bbox 81 2827 221 2903; x_wconf 85' lang='lat' dir='ltr'><strong>templum</strong></span> <span class='ocrx_word' id='word_1_226' title='bbox 234 2842 426 2904; x_wconf 89' lang='lat' dir='ltr'><strong>construere,</strong></span> <span class='ocrx_word' id='word_1_227' title='bbox 447 2835 527 2907; x_wconf 70' lang='lat' dir='ltr'><strong>quac*</strong></span> <span class='ocrx_word' id='word_1_228' title='bbox 535 2835 561 2887; x_wconf 89' lang='lat' dir='ltr'><strong>si</strong></span> <span class='ocrx_word' id='word_1_229' title='bbox 575 2841 653 2887; x_wconf 83' lang='lat' dir='ltr'><strong>esset</strong></span> <span class='ocrx_word' id='word_1_230' title='bbox 667 2834 698 2888; x_wconf 91' lang='lat' dir='ltr'><strong>in</strong></span> <span class='ocrx_word' id='word_1_231' title='bbox 712 2835 846 2903; x_wconf 83' lang='lat' dir='ltr'><strong>civitate,</strong></span> <span class='ocrx_word' id='word_1_232' title='bbox 872 2845 933 2888; x_wconf 88' lang='lat' dir='ltr'><strong>norr</strong></span> <span class='ocrx_word' id='word_1_233' title='bbox 947 2836 1040 2889; x_wconf 83' lang='lat' dir='ltr'><strong>tantis</strong></span> <span class='ocrx_word' id='word_1_234' title='bbox 1054 2833 1108 2888; x_wconf 86' lang='lat' dir='ltr'><strong>dis·</strong></span> <span class='ocrx_word' id='word_1_235' title='bbox 1155 2904 1170 2913; x_wconf 23' lang='grc' dir='ltr'><em>Α</em></span> 
     </span>
     <span class='ocr_line' id='line_1_33' title="bbox 76 2909 1154 2976; baseline 0.003 -8"><span class='ocrx_word' id='word_1_236' title='bbox 76 2909 270 2976; x_wconf 58' lang='grc' dir='ltr'><strong>,εοῐιείοηίὺυε</strong></span> <span class='ocrx_word' id='word_1_237' title='bbox 285 2915 445 2970; x_wconf 86' lang='lat' dir='ltr'><strong>dilacerata</strong></span> <span class='ocrx_word' id='word_1_238' title='bbox 459 2911 628 2971; x_wconf 86' lang='lat' dir='ltr'><strong>corrueretl</strong></span> <span class='ocrx_word' id='word_1_239' title='bbox 654 2913 726 2971; x_wconf 84' lang='lat' dir='ltr'><strong>Nisi</strong></span> <span class='ocrx_word' id='word_1_240' title='bbox 738 2915 814 2971; x_wconf 83' lang='lat' dir='ltr'><strong>forte</strong></span> <span class='ocrx_word' id='word_1_241' title='bbox 829 2917 948 2970; x_wconf 83' lang='lat' dir='ltr'><strong>sceleris</strong></span> <span class='ocrx_word' id='word_1_242' title='bbox 961 2915 1050 2971; x_wconf 83' lang='lat' dir='ltr'><strong>huius</strong></span> <span class='ocrx_word' id='word_1_243' title='bbox 1064 2933 1109 2971; x_wconf 80' lang='lat' dir='ltr'><strong>rea</strong></span> <span class='ocrx_word' id='word_1_244' title='bbox 1129 2924 1132 2925; x_wconf 72' lang='grc'>’</span> <span class='ocrx_word' id='word_1_245' title='bbox 1151 2914 1154 2915; x_wconf 59' lang='grc'>’</span> 
     </span>
     <span class='ocr_line' id='line_1_34' title="bbox 83 2991 1109 3071; baseline 0 -19"><span class='ocrx_word' id='word_1_246' title='bbox 83 2991 263 3065; x_wconf 85' lang='lat' dir='ltr'><strong>Concordia,</strong></span> <span class='ocrx_word' id='word_1_247' title='bbox 284 2994 353 3071; x_wconf 86' lang='lat' dir='ltr'><strong>quia</strong></span> <span class='ocrx_word' id='word_1_248' title='bbox 366 2996 537 3053; x_wconf 85' lang='lat' dir='ltr'><strong>deseruerat</strong></span> <span class='ocrx_word' id='word_1_249' title='bbox 549 2999 661 3052; x_wconf 86' lang='lat' dir='ltr'><strong>animos</strong></span> <span class='ocrx_word' id='word_1_250' title='bbox 676 2999 800 3068; x_wconf 86' lang='lat' dir='ltr'><strong>civium,</strong></span> <span class='ocrx_word' id='word_1_251' title='bbox 814 2999 923 3053; x_wconf 87' lang='lat' dir='ltr'><strong>meruit</strong></span> <span class='ocrx_word' id='word_1_252' title='bbox 935 2999 967 3053; x_wconf 90' lang='lat' dir='ltr'><strong>in</strong></span> <span class='ocrx_word' id='word_1_253' title='bbox 979 2999 1032 3053; x_wconf 85' lang='lat' dir='ltr'><strong>illa</strong></span> <span class='ocrx_word' id='word_1_254' title='bbox 1044 2997 1109 3053; x_wconf 75' lang='lat' dir='ltr'><strong>aede</strong></span> 
     </span>
     <span class='ocr_line' id='line_1_35' title="bbox 83 3078 1161 3156; baseline 0.003 -23"><span class='ocrx_word' id='word_1_255' title='bbox 83 3086 223 3150; x_wconf 82' lang='lat' dir='ltr'><strong>tanquam</strong></span> <span class='ocrx_word' id='word_1_256' title='bbox 236 3078 268 3132; x_wconf 91' lang='lat' dir='ltr'><strong>in</strong></span> <span class='ocrx_word' id='word_1_257' title='bbox 282 3093 400 3134; x_wconf 84' lang='lat' dir='ltr'><strong>earcere</strong></span> <span class='ocrx_word' id='word_1_258' title='bbox 412 3080 533 3135; x_wconf 88' lang='lat' dir='ltr'><strong>includi.</strong></span> <span class='ocrx_word' id='word_1_259' title='bbox 576 3078 636 3136; x_wconf 83' lang='lat' dir='ltr'><strong>Cur</strong></span> <span class='ocrx_word' id='word_1_260' title='bbox 650 3081 744 3151; x_wconf 86' lang='lat' dir='ltr'><strong>eninr,</strong></span> <span class='ocrx_word' id='word_1_261' title='bbox 770 3081 796 3136; x_wconf 88' lang='lat' dir='ltr'><strong>si</strong></span> <span class='ocrx_word' id='word_1_262' title='bbox 817 3080 905 3135; x_wconf 87' lang='lat' dir='ltr'><strong>rebus</strong></span> <span class='ocrx_word' id='word_1_263' title='bbox 928 3082 1024 3156; x_wconf 81' lang='lat' dir='ltr'><strong>gestis</strong></span> <span class='ocrx_word' id='word_1_264' title='bbox 1045 3099 1109 3136; x_wconf 89' lang='lat' dir='ltr'><strong>con-</strong></span> <span class='ocrx_word' id='word_1_265' title='bbox 1159 3143 1161 3146; x_wconf 17' lang='lat'><strong><em>¹</em></strong></span> 
     </span>
     <span class='ocr_line' id='line_1_36' title="bbox 84 3160 1109 3238; baseline 0.003 -25"><span class='ocrx_word' id='word_1_266' title='bbox 84 3173 192 3236; x_wconf 82' lang='lat' dir='ltr'><strong>gruere</strong></span> <span class='ocrx_word' id='word_1_267' title='bbox 209 3162 383 3238; x_wconf 68' lang='lat' dir='ltr'><strong>uoluerunt,</strong></span> <span class='ocrx_word' id='word_1_268' title='bbox 409 3175 469 3217; x_wconf 90' lang='lat' dir='ltr'><strong>non</strong></span> <span class='ocrx_word' id='word_1_269' title='bbox 483 3162 523 3216; x_wconf 89' lang='lat' dir='ltr'><strong>ibi</strong></span> <span class='ocrx_word' id='word_1_270' title='bbox 534 3162 633 3235; x_wconf 86' lang='lat' dir='ltr'><strong>potius</strong></span> <span class='ocrx_word' id='word_1_271' title='bbox 648 3160 749 3217; x_wconf 85' lang='lat' dir='ltr'><strong>aedem</strong></span> <span class='ocrx_word' id='word_1_272' title='bbox 762 3161 936 3218; x_wconf 80' lang='lat' dir='ltr'><strong>Discordiac</strong></span> <span class='ocrx_word' id='word_1_273' title='bbox 950 3163 1109 3219; x_wconf 79' lang='lat' dir='ltr'><strong>fabricare·</strong></span> 
     </span>
     <span class='ocr_line' id='line_1_37' title="bbox 83 3237 1110 3314; baseline 0.002 -18"><span class='ocrx_word' id='word_1_274' title='bbox 83 3237 177 3296; x_wconf 78' lang='lat' dir='ltr'><strong>runtl</strong></span> <span class='ocrx_word' id='word_1_275' title='bbox 218 3241 264 3297; x_wconf 87' lang='lat' dir='ltr'><strong>rln</strong></span> <span class='ocrx_word' id='word_1_276' title='bbox 278 3244 338 3298; x_wconf 86' lang='lat' dir='ltr'><strong>ulla</strong></span> <span class='ocrx_word' id='word_1_277' title='bbox 351 3245 427 3299; x_wconf 91' lang='lat' dir='ltr'><strong>ratio</strong></span> <span class='ocrx_word' id='word_1_278' title='bbox 441 3239 591 3314; x_wconf 87' lang='lat' dir='ltr'><strong>redditur,</strong></span> <span class='ocrx_word' id='word_1_279' title='bbox 620 3242 848 3300; x_wconf 72' lang='lat' dir='ltr'><strong>conconcordia</strong></span> <span class='ocrx_word' id='word_1_280' title='bbox 861 3243 914 3299; x_wconf 88' lang='lat' dir='ltr'><strong>dea</strong></span> <span class='ocrx_word' id='word_1_281' title='bbox 927 3246 982 3314; x_wconf 86' lang='lat' dir='ltr'><strong>sit,</strong></span> <span class='ocrx_word' id='word_1_282' title='bbox 1001 3255 1033 3300; x_wconf 87' lang='lat' dir='ltr'><strong>et</strong></span> <span class='ocrx_word' id='word_1_283' title='bbox 1045 3245 1110 3300; x_wconf 87' lang='lat' dir='ltr'><strong>Dir-</strong></span> 
     </span>
     <span class='ocr_line' id='line_1_38' title="bbox 85 3323 1111 3396; baseline 0.003 -19"><span class='ocrx_word' id='word_1_284' title='bbox 85 3323 186 3378; x_wconf 88' lang='lat' dir='ltr'><strong>cordia</strong></span> <span class='ocrx_word' id='word_1_285' title='bbox 200 3323 254 3379; x_wconf 87' lang='lat' dir='ltr'><strong>rlca</strong></span> <span class='ocrx_word' id='word_1_286' title='bbox 266 3342 327 3381; x_wconf 91' lang='lat' dir='ltr'><strong>non</strong></span> <span class='ocrx_word' id='word_1_287' title='bbox 341 3326 395 3396; x_wconf 84' lang='lat' dir='ltr'><strong>slt3</strong></span> <span class='ocrx_word' id='word_1_288' title='bbox 422 3334 457 3381; x_wconf 90' lang='lat' dir='ltr'><strong>ut</strong></span> <span class='ocrx_word' id='word_1_289' title='bbox 470 3325 631 3382; x_wconf 84' lang='lat' dir='ltr'><strong>secundum</strong></span> <span class='ocrx_word' id='word_1_290' title='bbox 644 3324 789 3381; x_wconf 85' lang='lat' dir='ltr'><strong>Labeonis</strong></span> <span class='ocrx_word' id='word_1_291' title='bbox 803 3325 1027 3382; x_wconf 84' lang='lat' dir='ltr'><strong>distinctionem</strong></span> <span class='ocrx_word' id='word_1_292' title='bbox 1039 3328 1111 3383; x_wconf 82' lang='lat' dir='ltr'><strong>bona</strong></span> 
     </span>
    </p>

    <p class='ocr_par' dir='ltr' id='par_1_7' title="bbox 6 3404 1111 3807">
     <span class='ocr_line' id='line_1_39' title="bbox 85 3404 1110 3484; baseline 0.005 -25"><span class='ocrx_word' id='word_1_293' title='bbox 85 3405 125 3459; x_wconf 84' lang='lat' dir='ltr'><strong>sit</strong></span> <span class='ocrx_word' id='word_1_294' title='bbox 138 3406 222 3475; x_wconf 74' lang='lat' dir='ltr'><strong>ista,</strong></span> <span class='ocrx_word' id='word_1_295' title='bbox 240 3407 289 3461; x_wconf 86' lang='lat' dir='ltr'><strong>illa</strong></span> <span class='ocrx_word' id='word_1_296' title='bbox 301 3425 372 3474; x_wconf 77' lang='lat' dir='ltr'><strong>vcro</strong></span> <span class='ocrx_word' id='word_1_297' title='bbox 385 3404 483 3462; x_wconf 75' lang='lat' dir='ltr'><strong>molal</strong></span> <span class='ocrx_word' id='word_1_298' title='bbox 507 3406 569 3462; x_wconf 89' lang='lat' dir='ltr'><strong>Nec</strong></span> <span class='ocrx_word' id='word_1_299' title='bbox 582 3409 645 3480; x_wconf 85' lang='lat' dir='ltr'><strong>ipsc</strong></span> <span class='ocrx_word' id='word_1_300' title='bbox 658 3407 738 3463; x_wconf 87' lang='lat' dir='ltr'><strong>aliud</strong></span> <span class='ocrx_word' id='word_1_301' title='bbox 752 3417 872 3468; x_wconf 81' lang='lat' dir='ltr'><strong>secutus</strong></span> <span class='ocrx_word' id='word_1_302' title='bbox 884 3407 1014 3479; x_wconf 86' lang='lat' dir='ltr'><strong>videtur,</strong></span> <span class='ocrx_word' id='word_1_303' title='bbox 1030 3425 1110 3484; x_wconf 82' lang='lat' dir='ltr'><strong>quarn</strong></span> 
     </span>
     <span class='ocr_line' id='line_1_40' title="bbox 85 3484 1110 3564; baseline 0.008 -25"><span class='ocrx_word' id='word_1_304' title='bbox 85 3484 162 3562; x_wconf 91' lang='lat' dir='ltr'><strong>quod</strong></span> <span class='ocrx_word' id='word_1_305' title='bbox 175 3486 303 3544; x_wconf 88' lang='lat' dir='ltr'><strong>advertit</strong></span> <span class='ocrx_word' id='word_1_306' title='bbox 316 3487 426 3544; x_wconf 85' lang='lat' dir='ltr'><strong>Romae</strong></span> <span class='ocrx_word' id='word_1_307' title='bbox 440 3490 527 3543; x_wconf 85' lang='lat' dir='ltr'><strong>etiarn</strong></span> <span class='ocrx_word' id='word_1_308' title='bbox 540 3488 626 3544; x_wconf 78' lang='lat' dir='ltr'><strong>Fabri</strong></span> <span class='ocrx_word' id='word_1_309' title='bbox 631 3526 641 3557; x_wconf 93' lang='lat'><strong>,</strong></span> <span class='ocrx_word' id='word_1_310' title='bbox 667 3490 746 3545; x_wconf 88' lang='lat' dir='ltr'><strong>sicut</strong></span> <span class='ocrx_word' id='word_1_311' title='bbox 757 3489 869 3559; x_wconf 78' lang='lat' dir='ltr'><strong>Saluti,</strong></span> <span class='ocrx_word' id='word_1_312' title='bbox 887 3491 1030 3564; x_wconf 85' lang='lat' dir='ltr'><strong>templum</strong></span> <span class='ocrx_word' id='word_1_313' title='bbox 1043 3509 1110 3546; x_wconf 90' lang='lat' dir='ltr'><strong>con·</strong></span> 
     </span>
     <span class='ocr_line' id='line_1_41' title="bbox 83 3567 1111 3648; baseline 0.009 -29"><span class='ocrx_word' id='word_1_314' title='bbox 83 3567 228 3624; x_wconf 87' lang='lat' dir='ltr'><strong>stitutum.</strong></span> <span class='ocrx_word' id='word_1_315' title='bbox 271 3569 316 3627; x_wconf 90' lang='lat' dir='ltr'><strong>Eo</strong></span> <span class='ocrx_word' id='word_1_316' title='bbox 343 3573 436 3648; x_wconf 80' lang='lat' dir='ltr'><strong>igitur·</strong></span> <span class='ocrx_word' id='word_1_317' title='bbox 461 3570 546 3626; x_wconf 91' lang='lat' dir='ltr'><strong>modo</strong></span> <span class='ocrx_word' id='word_1_318' title='bbox 574 3587 634 3626; x_wconf 87' lang='lat' dir='ltr'><strong>nun</strong></span> <span class='ocrx_word' id='word_1_319' title='bbox 659 3579 774 3628; x_wconf 84' lang='lat' dir='ltr'><strong>tantum</strong></span> <span class='ocrx_word' id='word_1_320' title='bbox 787 3573 983 3643; x_wconf 81' lang='lat' dir='ltr'><strong>Concordiae,</strong></span> <span class='ocrx_word' id='word_1_321' title='bbox 1013 3593 1111 3631; x_wconf 84' lang='lat' dir='ltr'><strong>verum</strong></span> 
     </span>
     <span class='ocr_line' id='line_1_42' title="bbox 84 3649 1111 3728; baseline 0.008 -28"><span class='ocrx_word' id='word_1_322' title='bbox 84 3649 173 3704; x_wconf 86' lang='lat' dir='ltr'><strong>etiam</strong></span> <span class='ocrx_word' id='word_1_323' title='bbox 184 3649 360 3708; x_wconf 88' lang='lat' dir='ltr'><strong>Discordiac</strong></span> <span class='ocrx_word' id='word_1_324' title='bbox 374 3654 516 3709; x_wconf 85' lang='lat' dir='ltr'><strong>constitui</strong></span> <span class='ocrx_word' id='word_1_325' title='bbox 529 3651 638 3708; x_wconf 87' lang='lat' dir='ltr'><strong>debuit.</strong></span> <span class='ocrx_word' id='word_1_326' title='bbox 680 3652 849 3710; x_wconf 83' lang='lat' dir='ltr'><strong>Periculose</strong></span> <span class='ocrx_word' id='word_1_327' title='bbox 874 3657 973 3728; x_wconf 88' lang='lat' dir='ltr'><strong>itaque</strong></span> <span class='ocrx_word' id='word_1_328' title='bbox 987 3654 1111 3711; x_wconf 85' lang='lat' dir='ltr'><strong>Romani</strong></span> 
     </span>
     <span class='ocr_line' id='line_1_43' title="bbox 6 3730 1110 3807; baseline 0.007 -23"><span class='ocrx_word' id='word_1_329' title='bbox 6 3785 10 3792; x_wconf 85' lang='grc'><strong><em>,</em></strong></span> <span class='ocrx_word' id='word_1_330' title='bbox 86 3738 145 3784; x_wconf 89' lang='lat' dir='ltr'><strong>tarn</strong></span> <span class='ocrx_word' id='word_1_331' title='bbox 158 3730 500 3792; x_wconf 70' lang='lat' dir='ltr'><strong>mala‘deairataviverc</strong></span> <span class='ocrx_word' id='word_1_332' title='bbox 514 3737 685 3807; x_wconf 85' lang='lat' dir='ltr'><strong>voluerunt,</strong></span> <span class='ocrx_word' id='word_1_333' title='bbox 712 3755 766 3792; x_wconf 88' lang='lat' dir='ltr'><strong>nec</strong></span> <span class='ocrx_word' id='word_1_334' title='bbox 780 3735 941 3794; x_wconf 84' lang='lat' dir='ltr'><strong>Troianum</strong></span> <span class='ocrx_word' id='word_1_335' title='bbox 965 3739 1110 3794; x_wconf 81' lang='lat' dir='ltr'><strong>excidium</strong></span> 
     </span>
    </p>
   </div>
   <div class='ocr_carea' id='block_1_5' title="bbox 0 0 1192 4320">
    <p class='ocr_par' dir='ltr' id='par_1_8' title="bbox 0 0 1192 4320">
     <span class='ocr_line' id='line_1_44' title="bbox 0 0 1192 4320; baseline 0 0"><span class='ocrx_word' id='word_1_336' title='bbox 0 0 1192 4320; x_wconf 95' lang='lat' dir='ltr'><strong> </strong></span> 
     </span>
    </p>
   </div>
  </div>
 </body>
</html>
