2266 4312
52 3527 55 3535 '
154 3521 227 3579 hacc
240 3513 345 3590 libido,
359 3518 396 3573 de
411 3531 468 3591 qua
482 3534 559 3572 nunc
573 3509 759 3586 disserimus,
775 3536 809 3572 eo
823 3520 917 3596 magis
932 3515 1131 3575 crubescenda

137 221 174 276 aa
366 207 464 269 orvs
486 207 675 266 ιιιιιιιι
696 203 959 266 svcvsrrus

136 368 297 446 praecessit
311 364 488 437 exemplum,
502 363 636 438 singulos
649 361 782 436 quosque
796 361 945 426 admouet,
957 367 987 414 ut
997 355 1120 415 siriuram

136 471 203 510 suas
218 452 352 528 diligant.
1109 439 1111 456 '

493 603 617 662 CAP.
659 589 826 662 xxiii.

138 707 183 763 Aa
203 707 284 760 ctiam
302 703 332 756 irs
349 697 480 769 paradiso
497 699 682 767 generandum
696 693 856 771 ficissems'
875 715 950 754 nerto
966 705 1091 767 peccasset,¹
1102 709 1124 745 ιι

128 827 129 830 ,
209 785 303 828 utrum
313 781 408 825 eontra
418 777 510 822 actum
520 767 639 820 libidinis
648 780 811 849 pugnatura
820 769 985 841 iilicfus'sset
994 765 1086 820 traditis

585 847 731 890 carinatas.

204 945 344 1020 Quisquis
359 953 456 1000 autem
469 941 614 998 dicit-nan
629 942 719 998 inisse
732 944 880 1013 coituros,
905 961 959 998 nec
978 947 1127 1020 generaturos

140 1037 200 1094 nisi
214 1037 401 1106 peccassent,
416 1026 485 1100 quid
498 1024 587 1095 dicit,
602 1026 660 1079 nisi
674 1036 796 1098 propter
809 1029 1043 1082 numerositatem
1055 1030 1128 1094 sarta

140 1137 207 1175 rum
227 1113 427 1170 necessarium
446 1109 572 1164 hominis
591 1108 683 1163 fuisse
701 1106 871 1182 peccatumi
898 1107 931 1166 Si
950 1111 1025 1186 enim
1037 1111 1128 1181 nonpe-

143 1200 237 1257 cando
251 1197 307 1252 soii
320 1201 519 1262 remanerent,
535 1194 614 1265 quia,
629 1193 706 1246 sieut
715 1189 832 1265 putam,
847 1194 907 1247 nisi
921 1197 1090 1265 peccassent,
1104 1203 1128 1261 pa

141 1300 248 1341 ncrarc
262 1297 321 1335 non
335 1284 468 1351 possent,
481 1273 612 1349 prolecta
626 1284 659 1329 ut
672 1277 801 1335 noneoli
815 1275 873 1332 duo
887 1277 959 1332 iusti
971 1274 1087 1330 homines
1096 1285 1129 1342 pat

96 1363 97 1366 '
142 1375 210 1422 sent
223 1361 302 1432 csse,
323 1360 374 1415 scd
391 1360 493 1424 multi,
513 1358 713 1413 necessarium
722 1367 876 1432 peccatum
889 1359 956 1415 fuit.
983 1354 1129 1424 Quodsicn

143 1449 213 1504 dere
226 1443 383 1502 absurdum
397 1452 458 1512 est,
472 1440 543 1496 illud
556 1442 653 1515 potius
668 1450 713 1495 cst
726 1438 914 1512 credendum,
929 1441 1003 1515 quod
1016 1447 1129 1494 sanctam

142 1547 284 1589 uumerus
307 1535 435 1600 quantus
455 1524 642 1596 complendae
661 1524 706 1578 illi
725 1523 832 1580 suflicit
851 1525 1033 1581 beatissimae
1050 1515 1129 1578 civica*

143 1624 244 1671 tantus
259 1613 429 1679 exsisteret,
455 1609 513 1662 etsi
531 1625 618 1682 neme
634 1616 802 1680 peccasset,
829 1618 957 1682 quantus
975 1624 1049 1662 nuuc
1060 1598 1129 1677 perlit

58 1753 63 1766 „
145 1699 271 1776 gratiam
290 1695 325 1748 dc
344 1690 529 1747 multitudine
549 1691 698 1766 colligitur
716 1700 921 1764 pcccatorum,
948 1709 1006 1765 quo
1024 1681 1130 1762 usqucld

145 1781 232 1837 buius
246 1779 357 1834 sacculi
370 1782 515 1852 generant
529 1783 559 1828 ct
571 1781 760 1849 generantur.

209 1863 249 1919 Et
262 1861 326 1916 idea
340 1861 408 1914 iliae
421 1857 541 1929 nuptiae
555 1855 662 1932 dignae
675 1854 817 1910 felicitate
830 1856 975 1927 paradisi,
1001 1857 1026 1910 si
1038 1858 1130 1929 peccatu

146 1965 208 2003 non
219 1946 333 2013 luisset,
347 1951 376 1996 et
385 1938 562 2016 diligendam
572 1940 683 2011 prolem
695 1940 864 2016 gignerent,
878 1949 909 1994 et
917 1939 1075 2012 pudendam
1083 1929 1130 1990 libii

146 2049 215 2086 nem
227 2024 452 2098 nonhaberent.
478 2020 538 2077 Sed
551 2021 694 2096 quemodo
713 2021 744 2077 id
757 2021 821 2077 lieri
839 2031 955 2096 posset,
977 2033 1130 2078 uuneuont

120 2174 121 2177 Ἴ
148 2131 205 2187 quo
220 2110 433 2166 demonstretur
451 2107 592 2179 exemplo.
627 2103 689 2160 Nee
709 2104 774 2160 ideo
794 2114 892 2178 tanuen
912 2092 1078 2160 incredibile
1094 2096 1130 2155 deb

147 2195 258 2263 rideri,
286 2193 375 2246 etiam
395 2189 469 2244 illud
488 2207 580 2244 ιιιιιιιιι
599 2189 739 2243 ιίιιοῖιιιι
755 2186 877 2243 libidine
895 2189 1044 2245 voluntati
1058 2181 1131 2260 patris

116 2349 118 2354 Ι
148 2279 271 2346 servire,
286 2276 332 2329 cui
346 2282 391 2326 tat
403 2272 532 2326 membra
545 2289 623 2326 nunc
636 2273 778 2327 serviunt.
797 2272 842 2326 Aa
856 2287 929 2327 sero
942 2289 1046 2327 manus
1059 2261 1131 2341 ctpci

130 2375 309 2432 movemus,
324 2373 413 2429 quum
427 2357 573 2424 volumus,
587 2353 624 2408 ad
637 2372 671 2409 ea
684 2372 758 2428 quae
771 2353 816 2409 bis
830 2353 970 2410 membris
984 2349 1131 2431 agendam

151 2445 216 2498 sine
229 2442 291 2496 ulio
304 2439 424 2507 renisu,
440 2447 529 2506 ,tanta
546 2436 705 2506 facilitate,
729 2447 838 2511 quanta
851 2447 881 2492 et
894 2439 927 2494 in
940 2438 1026 2494 nabis
1039 2446 1067 2492 et
1077 2431 1131 2489 ind

149 2524 291 2594 videmus,
305 2522 431 2578 niaximc
444 2522 475 2575 in
487 2515 647 2575 artificibus
661 2537 839 2595 quorumque
850 2539 973 2594 operum
986 2517 1129 2594 corporalia

150 2608 200 2663 ubi
218 2607 254 2662 ud
273 2604 466 2660 exercendam
486 2602 678 2658 infirmiorem
695 2604 909 2678 tardioremque
929 2615 1067 2660 naturam
1083 2597 1131 2677 agii

151 2689 275 2746 accessit
287 2689 447 2756 industria,
474 2695 503 2740 ct
521 2703 582 2740 uon
602 2683 745 2741 credimus
761 2682 797 2742 ad
811 2705 883 2761 opus
898 2682 1131 2764 generationisil

150 2791 228 2845 rum,
243 2776 267 2828 si
281 2769 368 2828 iibido
383 2787 440 2825 non
455 2768 575 2844 fuisset,
595 2787 669 2843 quae
682 2779 804 2850 peccato
819 2769 1039 2826 inobedientiae
1050 2765 1131 2826 remu

153 2841 213 2929 citt,
228 2855 397 2913 obedienter
409 2850 574 2906 haminibus
589 2851 625 2906 ad
637 2849 798 2922 voluntatis
812 2862 916 2908 nutura
928 2855 1065 2910 similiter
1077 2858 1131 2906 ute

151 2951 216 2996 tera
235 2939 365 3012 potuisse
384 2936 435 2990 illu
452 2933 729 2991 memora-serviret
762 2935 870 2992 Nonne
882 2935 989 2993 Cicero
1009 2931 1128 2992 inlibris

153 3019 329 3097 Republica,
356 3036 444 3091 quum
461 3013 497 3072 de
511 3019 664 3090 impiorum
677 3017 840 3076 differentia
854 3019 1034 3093 disputaret,
1060 3029 1087 3074 et
1102 3013 1127 3071 b*

151 3110 198 3164 rei
211 3101 433 3161 similitudinem
446 3117 484 3155 ex
497 3109 603 3156 natura
620 3098 746 3160 bominis
764 3113 942 3174 assumeret,
969 3113 1004 3159 ut
1027 3103 1093 3160 liliis
1112 3097 1131 3154 d

152 3189 291 3265 imperari
305 3186 434 3258 corporis
448 3183 584 3238 membris
596 3197 713 3257 propter
727 3185 882 3242 obediendi
899 3185 1086 3256 facilitatem
1100 3183 1126 3238 si

154 3293 201 3330 sas
215 3289 286 3328 rere
300 3269 392 3324 animi
404 3276 502 3342 partes
516 3275 549 3321 ut
562 3281 663 3323 servos
677 3271 826 3343 asperiore
839 3272 962 3344 imperio
979 3261 1120 3326 coercerii

157 3359 256 3431 utiquc
274 3351 377 3409 ordine
395 3351 523 3406 naturali
544 3351 658 3404 animus
679 3354 869 3425 anteponitur
889 3355 1026 3426 corpori,
1055 3362 1084 3407 ct
1102 3378 1128 3395 ιι

112 3439 135 3448 ““
154 3441 219 3514 ipse
238 3440 351 3493 animus
370 3436 493 3508 imperat
510 3435 626 3506 corpori
646 3432 866 3509 facilius'quam
885 3429 951 3490 sibi.
989 3435 1093 3491 Verum
1111 3466 1128 3477 „

136 3627 140 3652 ι
156 3607 246 3676 sistit,
260 3602 337 3678 quod
351 3605 465 3657 animus
480 3601 511 3654 iu
525 3617 570 3668 ea,
590 3616 646 3655 nec
660 3595 716 3656 sibi
730 3599 886 3657 efficaciter
899 3603 1040 3676 imperat,
1054 3610 1084 3656 ut
1096 3616 1128 3653 o·

87 3750 91 3758 ¹
155 3705 195 3742 no
209 3706 269 3743 noa
282 3686 384 3756 libeat3
404 3699 459 3741 uec
473 3684 552 3739 anrni
565 3675 651 3738 modo
665 3685 793 3757 corpori,
806 3695 839 3740 ut
851 3684 987 3757 pudenda
999 3683 1131 3739 membra*

156 3771 253 3826 luntas
275 3771 372 3841 potius
394 3781 479 3841 quam
495 3762 585 3821 libido
605 3776 799 3823 commoveat:
825 3767 912 3844 quad·
925 3771 951 3824 si
967 3770 1011 3824 ita
1028 3774 1111 3830 aser,
1129 3779 1131 3831 j

158 3851 251 3908 denda
269 3869 330 3907 aon
352 3859 460 3906 essent.
487 3849 573 3907 Nune
590 3865 660 3914 vero
672 3847 763 3927 pudet
779 3853 908 3916 animum
919 3852 1023 3910 resisti
1034 3847 1131 3908 sibiae
