2266 4312
202 173 816 306 onerurulrul'nnruuxv.
871 243 872 246 κ
978 213 1017 274 37
1092 233 1128 262 2

1 369 67 428 inda
81 369 134 426 vel
148 367 239 422 duces
252 367 426 440 poprulorum
437 361 658 422 vel'scdtatores
673 363 805 421 fuerunt:
823 380 854 426 et
868 357 1025 427 caluerunt
1035 409 1041 418 .

1 473 62 530 que
76 453 253 514 servierant
267 441 426 504 creatorae
433 450 539 524 potius
552 461 640 522 quom
650 445 799 517 Creatori,
814 454 864 526 qui
876 462 922 507 est
934 453 1020 508 leae·

22 548 71 592 tae
95 537 127 589 in
149 532 282 588 soeculo.
321 529 355 585 ln
372 528 426 586 hac
446 539 542 585 autern
560 530 639 584 nulla
657 539 702 584 est
718 528 845 588 hominis
865 535 1020 607 sapientia,
1098 528 1101 534 ’

4 620 159 692 ipieta8‚
188 633 247 688 qua
261 613 343 668 reete
357 613 462 678 colitur
474 631 569 668 verus·
579 610 675 682 Deus,
702 612 731 666 id
748 625 1020 690 exspectansprae-
1083 641 1086 650 s

12 719 63 756 um
90 702 124 755 in
152 701 295 753 societate
315 705 501 766 sanctorum,
529 713 589 750 non
613 697 707 750 solum
726 694 893 771 hominum,
919 717 1022 756 verum

14 789 63 840 aru
76 783 274 859 Angelorum,
288 790 321 836 ut
336 781 378 836 sit
390 777 473 836 Deus
488 781 584 834 omnic
598 779 628 831 in
642 779 780 838 omnibus.

106 1171 121 1200 .
172 1091 323 1164 nunu
348 1073 565 1194 -ovlurvs
583 1055 824 1174 ,uncinus
850 1111 857 1116 ··

368 1258 391 1316 0
411 1261 435 1317 Α
456 1258 526 1315 Ρν
548 1260 574 1316 Τ
613 1260 634 1317 1.

34 1358 136 1411 dovora
148 1354 289 1408 ordinibus
295 1356 482 1428 generationis
493 1355 625 1437 docticanae
640 1357 669 1409 ia
684 1343 881 1428 dteeeeoefina
896 1358 929 1409 ab
943 1358 1024 1412 initio
1065 1377 1073 1382 ’

405 1435 601 1492 procurrentes.

26 1532 193 1588 elelieitate
198 1529 339 1602 paradisi,
349 1525 439 1584 uelde
449 1531 512 1602 ipso
519 1519 664 1604 paradiso,
673 1540 702 1585 et
709 1529 744 1583 dc
751 1532 858 1587 vitaibi
864 1519 1024 1606 primorum

0 1618 145 1684 minum,
162 1631 320 1688 corumque
330 1621 448 1687 peccato
462 1621 549 1685 atque
565 1614 719 1686 supplicio,
733 1615 817 1668 rnulti
826 1616 1024 1668 multasense-

17 1709 62 1768 nt,
73 1699 167 1752 multa
177 1695 330 1765 dixerunt,
340 1697 430 1750 inulta
441 1697 535 1749 literis
546 1695 766 1751 mandaverunt.
781 1695 842 1752 Nos
853 1714 967 1770 quoquc
978 1715 1025 1751 se·

16 1781 108 1836 ndum
122 1778 432 1856 Scripturassarictas,
447 1779 495 1832 vel
507 1777 584 1858 quod
597 1780 628 1834 in
640 1781 681 1834 eis
695 1780 829 1855 legimus,
843 1781 889 1834 vel
899 1779 975 1852 quod
989 1789 1028 1834 e'x'

0 1888 15 1909 νε
30 1864 211 1938 ¹intelligere
224 1859 381 1935 potuimus,
406 1878 505 1915 earum
518 1853 715 1937 congruentes
729 1863 913 1931 auctoritati,
934 1859 1027 1916 dehis
1042 1891 1050 1904 ι

9 1943 71 2002 bus
86 1947 118 2000 in
133 1943 335 2017 superioribus
349 1943 430 1998 libris
444 1943 580 2006 diximus.
616 1943 805 2000 Enueleatius
822 1953 919 2000 autem
932 1946 958 1998 si
971 1946 1028 2020 ista

0 2049 4 2071 ν
19 2036 181 2096 aerantur,
195 2027 370 2100 multiplices
382 2035 468 2100 atque
480 2027 665 2082 multimodas
679 2029 797 2103 pariunt
807 2027 1028 2100 disputationes,
1119 2025 1121 2034 “

21 2131 59 2167 ae
82 2110 218 2186 pluribus
237 2108 415 2164 intexendae
438 2119 508 2164 sunt
526 2111 740 2182 voluminibus,
767 2130 853 2185 quani
874 2108 929 2165 hoc
954 2127 1028 2182 opus

6 2211 161 2274 lupusque
174 2191 313 2264 deposcit.
328 2191 412 2258 Quod
426 2208 486 2247 uon
500 2193 542 2246 ita
555 2194 670 2270 largum
684 2193 833 2264 habemus,
848 2195 920 2248 utin
933 2194 1028 2248 omni-

1 2297 39 2332 ἐ
52 2295 129 2352 quae
143 2283 267 2350 possunt
279 2276 430 2348 requirere
449 2276 537 2330 otiosi
555 2285 584 2329 et
604 2279 783 2352 scrupulosi,
809 2275 971 2353 paratiores
992 2275 1029 2354 ad

13 2357 243 2436 terrogandum,
258 2376 342 2431 quam
353 2359 518 2429 capaciores
529 2357 565 2412 ad
576 2359 811 2436 intelligendum,
825 2378 879 2415 nos
894 2361 1029 2432 operteat

7 2467 12 2486 ¹
26 2443 148 2498 morari.
180 2439 315 2496 Arbitror
328 2448 437 2510 tamen,
452 2441 523 2495 satis
538 2455 593 2496 rios·
606 2443 665 2496 iam
679 2443 784 2497 fecisse
798 2444 917 2518 magnis
929 2451 958 2496 et
971 2441 1024 2496 dil·

23 2527 125 2581 illimis
145 2522 367 2598 quaestionibus
386 2522 422 2577 de
442 2524 527 2578 initio
546 2525 594 2578 vel
612 2525 728 2594 mundi,
754 2526 802 2580 vel
824 2527 954 2594 animae,
980 2526 1029 2580 rcl

11 2611 81 2678 sius
95 2607 215 2684 generis
229 2603 363 2660 humaui:
379 2606 454 2679 quod
467 2607 499 2660 in
514 2606 696 2684 duo-genera
710 2605 924 2676 distribuimus;
939 2626 1028 2662 arrium

3 2710 91 2748 ·rum
105 2689 157 2765 qui
173 2687 334 2743 seeundum
348 2685 511 2759 hominem,
538 2690 663 2744 alterum
682 2706 781 2743 eorunr
798 2689 848 2761 qui
871 2689 1030 2743 seeundum

14 2774 215 2830 eumvivunt.
249 2772 329 2836 Quas
349 2772 437 2825 etiam
453 2773 577 2846 mystice
598 2773 775 2846 appellamus
790 2770 930 2828 Ciuitates
945 2769 1028 2844 duas,
1115 2787 1120 2796 ‘

9 2879 15 2900 ι
30 2878 45 2912 e
58 2865 115 2925 est,
142 2853 214 2909 duas
229 2855 386 2909 societates
400 2850 564 2912 hominum:
588 2872 709 2928 quarum
724 2863 768 2909 cst
781 2872 841 2911 una
855 2871 929 2928 quoe
944 2869 1028 2925 prae-

31 2942 137 2994 tinam
155 2939 250 2991 estin
268 2929 564 3014 aeternorn‘regnare
584 2956 649 2992 euru
663 2937 743 3007 Deo,
770 2939 862 2994 altera
880 2944 1030 2990 aeternum
1055 2941 1056 2946 ’

5 3039 10 3060 ·
22 3023 163 3096 pplieium
177 3017 275 3074 subire
289 3012 354 3096 curri
367 3017 492 3074 diabolo.
516 3017 574 3074 Sed
586 3021 643 3073 iste
657 3019 724 3075 finis
739 3030 784 3074 est
798 3038 908 3087 earum,
922 3016 957 3069 de
971 3033 1029 3088 quo

9 3125 15 3146 ¹
26 3115 54 3159 st
67 3100 247 3177 loquendum
257 3110 314 3157 est.
336 3099 421 3156 Nunc
434 3111 533 3156 autem
546 3104 687 3176 quoniom'
698 3103 733 3157 de
748 3111 852 3158 exortu
865 3109 975 3166 earum,
990 3099 1030 3151 si·
1043 3099 1044 3102 ’

2 3200 27 3238 e
40 3190 72 3250 in
87 3185 213 3261 angelis,
227 3201 350 3258 quorum
363 3201 499 3239 numerus
512 3185 666 3260 ignoratur
679 3203 696 3240 a
709 3186 809 3254 nobis,
833 3184 897 3238 sive
911 3183 942 3235 in
955 3180 1030 3234 duo-

13 3289 18 3312 ·
55 3269 159 3344 primis
175 3265 353 3338 hominibus,
368 3267 439 3321 satis
453 3257 563 3321 dietum
577 3276 632 3337 est,
646 3269 704 3322 iarn
717 3267 788 3322 milri
801 3265 918 3320 videtur
931 3281 1029 3317 earum

8 3349 210 3428 gradiendas
235 3365 393 3418 excursus,
421 3365 459 3402 ex
481 3367 540 3422 quo
561 3350 605 3404 illl
623 3349 680 3404 duo
697 3355 840 3424 generare
859 3353 1031 3416 coeperunt,

1 3431 235 3490 oneehomines
248 3437 392 3508 generare
406 3430 572 3485 cessabunt
603 3428 668 3485 Hoc
682 3433 760 3484 enim
773 3430 1030 3483 unir'ersunlteru-
1060 3443 1066 3450 ·

29 3535 54 3587 s,
69 3518 134 3572 sive
148 3516 308 3582 saeculum,
321 3513 354 3567 ln
366 3530 425 3587 quo
437 3513 543 3567 cedunt
555 3513 727 3581 morientes,
750 3509 965 3581 succeduntque
980 3525 1032 3562 na·
1119 3536 1125 3542 »

23 3611 121 3669 entes,
141 3599 265 3653 istarum
278 3594 399 3651 duarum
413 3593 570 3652 civitatum
585 3594 620 3649 de
635 3594 746 3671 quibus
753 3594 951 3666 disputamus,
978 3607 1030 3644 ex-

28 3700 95 3738 nus
108 3690 162 3736 cst,
248 3745 250 3750 Α

54 3765 151 3821 Natus
171 3769 218 3816 est
236 3760 328 3836 igitur
346 3760 426 3832 prior
439 3758 512 3816 Cain
526 3777 564 3814 cx
584 3760 643 3813 illis
655 3749 767 3830 duobus
781 3755 899 3834 generis
913 3754 1033 3826 humani

1 3846 179 3917 >urentibus,
198 3844 350 3917 pertinens
364 3843 400 3898 ad
413 3840 562 3900 hominum
576 3827 741 3914 Civitfftem,
754 3839 899 3916 posterior
915 3838 987 3894 sou
998 3836 1038 3892 ad
1125 3843 1126 3846 ’
