2362 4312
239 203 537 337 recurrere
560 199 639 311 nur
666 225 745 313 ere.
769 255 827 314 ur.
1014 269 1054 328 es
1099 209 1103 220 l

50 384 54 401 '
97 396 148 463 Quoi
156 406 229 454 entem
240 399 325 470 dicit,
348 417 415 455 eum
432 401 527 458 subito
550 420 609 459 non
633 405 845 478 comperuisse,
871 408 1053 480 prefectoibi

49 501 55 528 .·
94 480 213 556 inteligitur
223 490 268 537 aut
279 483 420 538 uiolentia
435 486 633 557 tempestatis,
658 496 710 541 aut
734 486 832 543 caedis
844 489 1057 568 ‘facinorisque

41 561 60 597 ¹⁵
93 570 196 616 secretum
215 561 282 618 Nam
295 573 325 619 et
337 564 389 620 alii
401 567 559 638 scriptores
574 585 673 622 eorum
686 566 846 628 defectioni
859 573 930 626 solis
944 573 1053 630 addunt

43 651 59 675 ⁴¹
93 643 152 697 eum
169 643 265 700 suhitam
288 654 505 719 tempestatem,
536 664 610 720 quoe
634 648 766 726 prolecto
793 660 844 706 ant
869 654 1053 713 occasionem

93 723 162 778 eelei
178 727 302 798 praebuit,
340 737 392 782 aut
414 725 572 798 Romulum
594 730 657 803 ipsa
683 735 868 788 consumsit,
894 734 941 790 De
960 733 1052 792 *Tullo

41 792 64 845 Η
93 803 162 896 quippe
179 803 248 862 eliam
270 807 414 878 Hostilio,
440 811 491 884 qui
504 810 607 866 tertius
620 811 772 868 aRomulo
785 815 922 886 rexiuit,
950 819 1053 890 quiet

41 893 66 938 u
93 899 136 954 lpse
153 887 239 944 lolulne
248 887 397 946 ebrumtui
411 902 473 961 est,
498 891 572 946 dicit
583 895 615 947 in
629 895 737 950 eisdem
750 896 831 952 libris
846 897 923 953 idem
936 897 1050 970 Cicero,

41 937 69 1026 ld
96 976 212 1039 „prepterea
233 981 261 1026 et
282 974 385 1050 istum·
400 990 460 1029 non
486 973 628 1030 creditum
652 979 731 1032 inter
753 978 822 1033 deos
835 988 985 1052 receptum
997 981 1051 1038 toli

67 1065 71 1074 ·
96 1059 181 1120 „amq
200 1055 258 1126 quia
269 1051 396 1110 lortame
409 1055 486 1130 quod
499 1065 563 1111 erat
572 1059 617 1112 -in
630 1057 753 1114 Romulo
766 1061 934 1132 probatum,
959 1062 991 1117 id
1005 1070 1051 1117 est

93 1143 238 1205 ‚perunum
263 1135 389 1192 Romani
410 1138 532 1214 rnlgere
552 1141 726 1210 noluerunt,
757 1139 788 1195 id
813 1151 859 1208 est
880 1143 1049 1215 vilefecere,
1126 1139 1128 1146 ⁴

85 1207 167 1274 ,ulle
175 1225 198 1271 et
211 1219 290 1273 alteri
314 1217 402 1274 facile
428 1219 614 1281 tribueretur.
645 1221 728 1278 Dicit
740 1223 828 1290 etlam
841 1233 940 1298 aperte
953 1227 985 1280 in
998 1224 1047 1280 lu·-

64 1329 65 1334 κ
86 1296 196 1356 ‚menne
217 1297 296 1373 lllum
308 1302 361 1374 qui
372 1299 448 1357 lranc
460 1302 561 1366 urbem
587 1303 732 1374 condidit,
758 1303 914 1362 Romulum
926 1301 963 1361 ad
978 1306 1048 1362 dees

43 1449 48 1457 Ι
64 1413 69 1428 .
83 1373 227 1438 „inmortales
240 1377 445 1452 lre'nevoleirtia
457 1383 589 1459 famaque
602 1387 816 1442 sustulimus:“
837 1398 875 1454 vnt
896 1407 957 1444 non
978 1407 1048 1445 rere

42 1529 47 1539 ¹
80 1449 160 1530 uum,-
179 1461 225 1518 sed
236 1473 354 1539 propter
366 1467 471 1521 merite
482 1467 602 1522 virtutis
616 1469 678 1522 eius
692 1465 897 1524 benevolentia
909 1472 1046 1525 iactetum

76 1532 256 1619 ‘donatumque
268 1555 455 1602 monstraret.
498 1546 533 1604 ln
545 1546 707 1617 Hortensio
719 1565 790 1605 vero
804 1550 921 1626 dlslogo
933 1569 998 1606 eum
1011 1552 1046 1616 de

41 1621 681 1704 ⁷uliscanonicisdefectionibusloquereturt
706 1629 772 1700 „Vt
783 1630 915 1701 easdem,
940 1634 1046 1706 inquit,

41 1707 185 1772 ,tenebras
199 1709 317 1780 efficiat,
343 1727 415 1784 quas
430 1707 526 1768 effecit
538 1713 571 1766 in
583 1713 704 1767 interitu
720 1711 852 1782 Romuli,
880 1715 931 1785 qui
949 1715 1046 1768 inob-
1080 1754 1082 1759 -

53 1821 67 1855 ,‚
73 1792 216 1846 secretione
229 1793 299 1848 solis
314 1802 361 1848 est
378 1792 507 1848 faetus.“
551 1791 639 1849 Certe
652 1792 700 1849 hic
713 1795 832 1849 minime
844 1795 942 1848 timuit
954 1791 1046 1848 homi-

46 1870 82 1924 eis
89 1873 229 1930 interitum
242 1874 355 1944 dicere,
375 1877 443 1948 quia
456 1875 618 1949 disputator
629 1879 723 1953 magis
738 1893 826 1950 quam
838 1875 970 1936 laudator
981 1875 1045 1930 fuit.
1090 1893 1096 1908 ‘

91 1953 199 2011 Caeteri
211 1967 310 2033 autem
330 1967 416 2032 reges
434 1959 536 2032 populi
548 1955 689 2028 Romani,
716 1966 839 2032 excepto
852 1957 948 2012 Numa
959 1956 1045 2012 Pom-

41 2036 91 2092 tillo
102 2046 131 2092 et
142 2037 223 2094 Anco
237 2037 365 2109 Marcio,
387 2041 439 2112 qui
450 2039 550 2096 morbo
562 2041 759 2111 interierunt,
786 2057 871 2114 qnam
884 2038 1045 2096 horrendos

41 2121 115 2174 uitus
127 2117 313 2176 habuerunt?
357 2118 476 2191 Tullus,
501 2131 535 2176 ut
547 2121 626 2192 dixi,
651 2120 795 2178 Hostilius
808 2123 905 2178 victor
918 2131 948 2176 et
961 2138 1044 2177 erer—
1085 2139 1087 2148 ‘

41 2219 69 2256 er
78 2201 183 2272 Albae,
210 2210 352 2258 cumtota
365 2201 450 2258 domo
464 2219 516 2258 rus
529 2203 649 2259 fulmine
663 2213 865 2260 concrematus
879 2213 934 2259 est.
978 2203 1043 2259 Pri·
1098 2197 1103 2206 ¹

41 2301 82 2338 ens
96 2282 278 2357 Tarquinius
291 2295 345 2357 per
357 2285 405 2340 sui
417 2283 580 2340 decesseris
597 2285 678 2341 lilios
687 2289 860 2342 interemtus
874 2294 930 2340 est.
955 2284 1042 2341 ‘Ser-

40 2367 77 2421 ies
91 2365 207 2422 Tullius
220 2367 327 2443 generi
339 2368 386 2421 sui
398 2364 552 2441 Tarquinii
565 2365 705 2441 Superbi,
730 2371 780 2442 qni
801 2371 830 2422 ci
849 2370 995 2423 suecessit
1010 2369 1043 2422 in
1113 2419 1114 2422 ,

41 2467 153 2526 gnum,
181 2449 297 2503 nefarie
320 2450 432 2503 scelere
456 2450 571 2503 eccisus
586 2459 639 2504 est.
682 2449 745 2510 Nee
759 2449 921 2504 discessere
946 2449 1042 2524 adytis

41 2533 127 2604 isque
141 2531 256 2586 relictis
269 2529 327 2599 dii,
340 2537 424 2584 tanto
436 2530 469 2584 in
481 2519 621 2602 optimum
633 2531 713 2586 illius
726 2533 824 2604 populi
834 2547 937 2606 regem
947 2533 1041 2604 parri·
1120 2549 1122 2554 ·

41 2613 86 2668 dio
98 2621 286 2686 perpetrato,
311 2628 384 2686 quos
398 2610 516 2681 dicunt,
530 2619 565 2665 ut
575 2609 630 2666 h‘oc
642 2613 767 2667 miserae
781 2611 887 2668 Troiae
899 2612 1042 2680 lacerent,

41 2712 129 2768 imque
144 2691 270 2750 Graeeis
279 2689 457 2749 ¹diruendam
471 2691 707 2767 exurendamque
719 2695 934 2767 relinquerent,
960 2693 1041 2750 adul-

41 2778 84 2832 rio
96 2775 213 2832 Paridis
228 2775 321 2830 fuisse
335 2782 505 2832 commotos.
542 2771 603 2830 seu
614 2776 736 2849 insuper
747 2775 904 2832 interiecto
917 2794 934 2832 a
947 2794 979 2830 se
993 2793 1041 2831 ro·
1065 2779 1072 2782 “

41 2876 77 2914 =re
90 2855 273 2932 Tarquinius
298 2859 362 2931 ipse
387 2857 539 2912 suecessit.
582 2855 670 2912 Hune
683 2858 727 2930 illi
740 2856 1041 2930 diineferiumperri-
1089 2866 1093 2870 ’

41 2940 215 2996 demsoceri
239 2940 450 2995 interfectione
474 2935 665 3016 regnantem,
690 2939 810 3012 insuper
835 2941 933 2994 multis
959 2938 1041 2992 bellis

41 3025 200 3096 ¹eteriisqnc
228 3023 421 3098 gloriantem,
449 3022 528 3077 etde
540 3021 683 3078 manubiis
697 3019 870 3095 Capitolium
895 3020 1045 3076 fabrican-

41 3123 82 3174 ιιι,
106 3123 172 3161 non
185 3103 397 3174 abpcedentes,
424 3103 476 3158 sed
488 3111 659 3176 praesentes
672 3111 881 3175 manentesque
893 3102 1048 3179 viderunt,

41 3191 154 3264 :regem
167 3204 258 3242 snum
270 3185 369 3242 lovem
381 3187 413 3241 in
426 3187 477 3241 illo
491 3186 633 3240 altissimo
644 3187 763 3259 templo,
777 3183 831 3240 hoc
843 3190 898 3251 est,¹
913 3184 1041 3251 inopere

41 3269 189 3337 rricidae,
204 3267 263 3324 silri
275 3268 442 3340 praesidere
455 3275 543 3340 etque
555 3284 682 3343 regnare
693 3267 826 3340 perpessi
839 3272 916 3318 sunt.
940 3261 1041 3332 Neque

41 3353 82 3405 lim
101 3350 202 3406 adhuc
222 3351 367 3404 innocens
380 3347 553 3422 Capitolium
572 3345 715 3419 ‘etsensim‘
728 3357 758 3402 et
769 3355 870 3420 postca
883 3344 966 3398 malis
979 3360 1039 3396 me-

41 3436 70 3486 is
83 3432 167 3488 Vrbe
179 3432 284 3504 pulsus
299 3439 358 3502 ests
376 3430 428 3485 sed
440 3432 477 3486 ed
489 3432 584 3503 ipsum
596 3448 737 3507 regumn,
752 3431 783 3484 in
793 3419 854 3500 ¹quo
869 3423 1043 3494 Capitolium

41 3516 184 3582 tricaret,
211 3512 414 3568 immanissimi
427 3515 546 3568 sceleris
557 3513 773 3586 perpetratione
786 3505 929 3582 pervenit.
945 3502 1043 3568 „ouon

42 3614 74 3650 ro
98 3615 171 3651 eum
185 3592 316 3650 Romani
340 3612 432 3671 regne
457 3601 559 3668 postea
583 3595 773 3667 depulerunt,
800 3606 835 3642 ac
860 3587 1043 3644 secluserunt
1083 3635 1086 3640 .

41 3679 161 3733 >onibus
190 3676 337 3744 civitatis,
362 3678 527 3750 nonips'ius
541 3675 576 3730 de
589 3675 744 3730 Lucretiae
761 3679 887 3750 stupro,
913 3665 965 3722 sed
989 3668 1043 3722 filii

41 3769 160 3815 eratum
181 3756 261 3824 fuit,
285 3757 334 3810 illo
358 3760 537 3814 nonsolurn
563 3759 732 3822 nesciente,
758 3751 809 3806 rell
823 3749 1045 3806 etiemabsente

41 3843 211 3896 emh-um
237 3827 357 3892 Ardeam
371 3841 515 3895 civitatem
530 3849 602 3896 tunc
616 3834 820 3913 oppugnabat,
833 3840 863 3891 et
875 3851 929 3912 pro
941 3833 1051 3912 populo
