2362 4312
36 173 65 256 g
137 191 235 280 4¹1¹¹
346 147 960 254 n1V1svnsn11‘svcvsr1m
1027 169 1028 172 ‘

136 358 236 399 reurn:
261 351 350 418 atque
362 343 397 399 ab
410 341 465 399 hac
478 351 562 399 tanta
571 329 753 412 ¹auctoritate
766 343 882 400 adhibet
894 347 1092 418 patrocinium
1105 358 1148 406 tur

136 426 263 500 pitudini
277 443 365 497 suae,
392 445 460 483 cum
472 429 504 482 in
518 444 552 482 es
579 443 610 482 so
636 429 728 484 iactat
746 429 870 485 ⁴imitari
888 427 993 484 deum·
1016 431 1066 486 At
1083 451 1153 506 que
1179 468 1181 477 =

101 525 112 532 ·’
137 505 242 564 deusni
271 511 376 583 inquit.
413 510 472 576 Qui
484 511 592 584 templa
606 513 683 567 coeli
695 529 807 568 sunrmo
823 513 922 568 sonitu
937 517 1079 570 concutit.
1103 515 1154 594 Eg

91 650 94 662 ,
138 583 297 649 homuncio
314 592 344 648 id
358 611 419 648 non
433 589 581 649 facerem?
623 593 689 672 Ego
700 613 772 656 vero
785 594 859 652 illud
868 595 946 667 ieci,
965 605 999 653 at
1013 599 1125 655 lubens.

255 749 257 758 s
391 685 420 700 ”
520 691 891 751 centul.

136 771 179 826 De
190 773 259 825 indie
270 772 404 837 secedatis,
429 772 459 828 t'n
468 771 563 842 quibua
573 772 612 825 dii
620 771 857 846 noneffenduntnr
867 771 983 829 editione
992 779 1103 830 suerum
1113 786 1174 830 tut-

450 843 621 910 pitudinum,
640 844 686 896 sed
695 845 851 912 placantur.
945 877 955 894 e

123 930 127 1000 f
199 935 237 990 At
251 935 329 990 enlm
339 933 403 990 fnon
417 933 576 989 truduntur
589 935 647 988 ista
660 933 899 1007 secrls'dcorum,
912 925 964 990 sed
978 934 1086 990 fabulis
1099 953 1160 1009 poe·

104 1087 105 1091 ἵ
135 1027 241 1073 tarum.
285 1015 362 1073 Nolo
378 1018 476 1074 dicere
490 1019 541 1079 illa
553 1017 680 1093 mystica
692 1010 781 1092 quam
798 1019 855 1074 ista
868 1017 1012 1074 theatrica
1026 1036 1093 1073 esse
1105 1031 1162 1074 tur-¹

51 1171 53 1184 .
77 1133 82 1154 r
134 1102 232 1176 picra:
257 1099 414 1173 bocdico,
442 1099 521 1176 quod
537 1109 682 1178 negantes
709 1101 861 1160 convincit
884 1100 1024 1173 historia,
1053 1101 1163 1159 eosdem

135 1186 202 1239 illos
216 1183 319 1255 ludos,
345 1187 378 1240 in
397 1185 502 1260 quibus
525 1193 654 1261 regnant
678 1183 1016 1262 figmentapoetarum,
1029 1213 1032 1216 ·
1043 1203 1106 1241 non
1118 1204 1162 1260 per

41 1299 45 1306 ·=
135 1268 303 1340 imperitum
327 1267 502 1342 obsequium
528 1269 627 1322 sacris
638 1267 762 1324 deorum
775 1286 897 1325 suorum
909 1270 1050 1326 intulisse
1062 1267 1161 1324 Roma-

134 1369 207 1421 nor,
234 1349 286 1406 sed
299 1349 382 1426 ipso's'
395 1349 493 1422 deos„
508 1359 543 1407 ut
556 1339 790 1424 sibi'soienniter
804 1351 962 1409 ederentur
971 1394 980 1425 ,
989 1377 997 1391 ·
1007 1362 1038 1408 et
1064 1350 1163 1408 honori

70 1483 76 1494 .
134 1452 189 1490 suo
206 1433 470 1505 consecrarentur,
499 1435 604 1490 acerbe
627 1434 813 1509 imperando,
841 1445 871 1490 et
882 1434 1098 1510 quodammodo
1117 1453 1162 1490 ox-

132 1517 299 1592 torquendo
314 1517 431 1574 iecisse.
455 1517 540 1584 Quod
551 1519 583 1574 in
595 1520 689 1592 primo
703 1519 779 1574 libro
792 1519 876 1575 brevi
889 1521 1162 1578 commemoratione

131 1603 303 1676 perstrinxi.
346 1589 675 1678 Namvingravese'ente
702 1603 889 1676 pestilentia,
911 1602 974 1659 ludi
990 1604 1104 1658 scenici
1116 1621 1163 1659 aua

134 1680 271 1740 cto'ritatc
284 1683 463 1742 Pontificum
474 1683 739 1761 Romacprimitus
754 1687 885 1762 instituti
898 1695 976 1742 sunt.
1022 1688 1097 1753 Quis
1112 1689 1163 1764 igi-

132 1777 183 1826 tur
208 1768 380 1847 iungenda
402 1773 468 1838 ‚uita
493 1786 553 1825 non
574 1786 608 1824 ea
628 1769 685 1824 sibi
706 1770 805 1842 potius
832 1769 972 1826 sectanda
990 1770 1163 1842 arbitretur,

95 1869 96 1874 ¹
133 1869 209 1928 quae
235 1856 398 1908 actitantur
424 1850 501 1907 ludis
528 1852 706 1906 auctoritate
732 1851 832 1906 divina
846 1855 1006 1923 institutis,
1033 1871 1121 1926 quom
1134 1871 1164 1908 eo

133 1953 208 2010 quae
220 1936 428 2010 scriptitantur
441 1933 556 2010 legibus
571 1931 698 1988 humano
710 1935 835 1989 consilio
845 1933 1060 2014 promulgatisi
1079 1936 1164 1993 Adul-

60 2041 64 2058 ι
131 2027 229 2075 terum
243 2017 342 2074 lovem
356 2018 382 2072 si
397 2025 501 2090 poetae
515 2016 659 2071 fallaciter
671 2015 877 2091 prodiderunt3
905 2013 946 2074 dii
957 2021 1065 2094 utique
1085 2020 1164 2092 costi,

134 2103 203 2177 quia
228 2110 344 2157 tantum
370 2100 457 2156 nefas
479 2117 531 2174 per
555 2097 699 2154 humanos
725 2100 810 2156 ludos
831 2101 990 2159 confictum
1018 2113 1079 2176 cst,
1109 2123 1164 2160 non

133 2186 203 2258 quia
216 2185 400 2262 neglectum,
427 2184 516 2239 irasci
529 2201 564 2256 ac
577 2182 729 2240 vindicare
743 2183 917 2240 debuerunt.
960 2184 1001 2242 Et
1010 2185 1084 2244 baec
1098 2195 1165 2244 sunt

133 2268 319 2324 scenicorum
330 2265 531 2323 tolerabiliora
544 2265 702 2338 ludorum,
731 2267 900 2324 comoediae
926 2271 1043 2326 scillcet
1061 2281 1090 2327 ct
1105 2281 1163 2327 tra-

133 2349 272 2428 goediae,
291 2342 353 2414 boc
367 2359 427 2422 est,
453 2351 568 2417 fabulae
594 2360 747 2423 poetarum
762 2351 894 2430 agendae
920 2354 952 2410 in
979 2355 1162 2428 spectaculis,

52 2451 53 2456 ¹
79 2485 83 2507 ,-
132 2435 223 2490 muita
236 2453 336 2498 rerum
349 2433 550 2508 turpitudine,
577 2433 629 2489 sed
642 2437 962 2514 nuliaxsaltem,''sicut
984 2441 1043 2494 alia
1065 2440 1163 2508 multa,

132 2518 290 2594 verborum
315 2520 516 2574 obscoenitate
545 2520 739 2590 compositae:
766 2515 838 2594 quas
854 2521 942 2576 etiam
960 2522 1040 2577 inter
1059 2521 1164 2592 studia,

132 2618 208 2676 quac
221 2597 346 2658 honesta
361 2621 395 2658 ac
407 2603 540 2660 liberalia
553 2611 715 2675 vocantur,
730 2605 817 2677 pueri
830 2604 974 2681 legerent
987 2602 1103 2662 discere
1118 2623 1163 2660 co-

132 2694 244 2762 guntur
257 2703 275 2741 a
293 2687 421 2748 senibus.

73 2854 74 2857 ¹
133 2863 442 2927 Qreidliomcnieete'ree
454 2867 485 2919 de
503 2865 646 2922 cohibendo
663 2867 772 2935 poetico
791 2867 901 2922 licentio
922 2867 1068 2934 senserint,
1088 2885 1164 2938 quom

90 2949 93 2966 ¹1
136 2987 138 2996 ,
237 2935 339 3002 Ἰ(ἶναεοί
349 2934 456 2988 deorum
466 2937 552 2989 secuti
563 2933 706 3000 ioebcmm,
726 2937 837 2992 liberum
848 2954 902 2992 ecee
913 2941 1063 2992 voluntat.

131 3067 133 3072 .
172 3027 173 3030 ’
195 3015 273 3083 Quid
287 3011 385 3073 autem
398 3016 466 3075 binc
480 3019 629 3076 senserint
641 3018 768 3076 Romani
780 3030 906 3091 veteres,
921 3011 1025 3079 Cicero
1039 3031 1165 3080 testetur

131 3101 276 3171 inlibris,
303 3118 376 3174 quos
390 3100 426 3157 de
439 3104 588 3176 republica
603 3103 739 3176 scripsit,
759 3103 810 3160 ubi
823 3103 925 3179 Scipio
940 3105 1096 3178 disputans
1110 3109 1163 3162 ait:

133 3183 314 3260 „Nunquam
328 3184 506 3256 comoediae,
515 3186 856 3254 nisiconsuetudovitae
864 3197 1027 3263 pateretur,
1042 3190 1164 3263 probare

132 3287 187 3324 suo
198 3266 321 3323 theatris
335 3264 449 3346 flagitia
461 3269 638 3341 potuissent.
647 3271 668 3302 ‘⁶
681 3269 722 3326 Et
728 3270 835 3326 Graeci
849 3271 968 3346 quidam
980 3273 1163 3347 antiquiores

132 3353 258 3407 vitiosae
271 3368 342 3408 suae
362 3353 509 3424 opinionis
531 3352 677 3428 quandam
695 3356 933 3412 convenientiam
959 3365 1163 3425 servaverunt,

126 3431 210 3507 'apud
223 3453 295 3510 quos
310 3435 367 3490 tuit
381 3435 468 3490 otiam
480 3437 547 3512 lege
562 3454 750 3508 concessum,
779 3446 814 3494 ut
838 3436 918 3514 quod
936 3439 1034 3494 vellet·
1048 3457 1162 3494 consoc-

133 3514 197 3590 dia,
225 3517 260 3574 de
274 3536 332 3593 quo
346 3518 455 3589 vellet,
482 3520 656 3576 nominatim
670 3518 790 3576 diceret.
809 3587 811 3590 Ι
833 3520 951 3600 ltaque,
970 3522 1049 3577 sicut
1061 3523 1093 3577 in
1107 3523 1162 3577 eis-

133 3597 199 3654 dem
223 3601 307 3658 libris
333 3603 465 3677 loquitur
490 3601 664 3684 Africanus,
691 3622 807 3678 „quem
826 3605 876 3660 illa
897 3622 957 3660 non
978 3605 1095 3682 attigit,
1120 3604 1163 3659 vel

134 3685 363 3760 „potiusquem
381 3703 442 3742 non
460 3685 597 3756 vexavit,
625 3688 673 3742 cui
698 3684 850 3761 pepercit?
892 3686 982 3756 Esto,
1008 3689 1162 3759 populares

134 3763 295 3834 „homines
308 3769 475 3842 improbos,
488 3783 489 3788 ’
503 3771 535 3825 in
548 3770 700 3842 republica
714 3769 886 3841 seditiosos,
909 3768 1065 3839 Cleonem,
1080 3768 1161 3825 Cleo-

131 3845 317 3923 „phontem,
332 3851 532 3929 Hyperbolum
546 3853 640 3910 laesit.
679 3853 849 3928 inflamur,
872 3853 985 3931 inquit,
1014 3853 1071 3906 etsi
1086 3851 1160 3906 eius-

544 4075 556 4112 Ι
