2340 4312
216 187 274 298 nir
297 214 515 274 crvrrurr
539 209 626 274 nur
645 167 735 280 aras
752 218 841 277 xvi.
1004 229 1041 284 oi

17 379 105 441 atur,
132 369 196 424 sive
210 369 309 442 aliqua
327 368 442 424 ratione
456 375 650 439 monstretur3
678 389 735 426 non
750 379 848 428 tamen
863 391 926 428 esse
941 393 1044 432 eonsc-

17 471 113 521 uens,
127 462 162 508 ut
175 451 265 506 etiam
279 453 382 506 exilia
394 461 478 524 parte
490 452 524 506 ab
538 469 678 524 aquarum
692 455 830 529 congerie
842 455 920 510 nuria
933 458 975 511 sit-
985 467 1045 514 ter·

17 535 178 592 utainde
192 536 307 589 etiamsi
321 535 399 589 nuda
412 535 464 603 sit,
484 525 579 609 neque
594 533 648 588 hoc
665 538 764 592 statim
778 555 899 594 necesse
912 556 993 608 esre,
1013 550 1047 598 ut

17 621 138 674 ourines
151 617 266 672 habeat.
286 619 451 686 'Quoniam
465 618 546 672 nullo
560 617 645 673 modo
654 616 810 692 ‘Scriptura
824 622 881 677 ista
894 609 1047 693 mentitur,

17 719 79 757 uae
102 702 231 762 narratis
252 697 418 776 praeteritis
441 699 512 756 iacit
534 698 643 780 iidem,
665 702 798 777 eoquod
817 705 882 759 eius
899 703 1049 777 praedicta

17 787 200 858 ompientur:
216 785 362 860 nimisque
376 782 532 848 absurdum
546 793 605 851 ert,
629 793 663 839 ut
676 785 799 855 dicatur,
825 788 936 861 aliquas
950 784 1047 843 horni-

17 885 61 922 οε
74 886 111 922 cx
124 866 225 923 bacin
238 868 320 926 iliam
333 875 460 939 partem,
473 921 477 928 ,
489 865 601 920 Oceani
616 867 812 926 immensitate
825 871 949 926 traiecta
963 871 1048 939 navi·

17 967 78 1006 are
92 969 125 1006 ac
138 943 450 1028 pervenirepotuisae,
474 959 508 1003 ut
520 949 607 1004 etiam
621 951 680 1016 illia
694 969 732 1006 ex
747 969 806 1006 uno
821 953 871 1007 iiio
885 954 979 1026 primo
994 950 1047 1008 ho·

17 1031 85 1104 tine
98 1041 192 1110 genus
208 1034 413 1090 institueretur
424 1029 594 1090 humanum.
610 1022 794 1108 Quapropter
804 1037 883 1090 inter
897 1037 962 1102 ilios
975 1045 1048 1092 tune

20 1119 158 1173 uminum
170 1117 307 1192 populos,
328 1117 383 1190 qui
397 1131 450 1192 per
469 1115 657 1190 septuaginta
668 1117 746 1172 ¹iiuaa
766 1128 870 1192 gentes
884 1127 913 1173 et
926 1118 1049 1174 totidem

17 1214 122 1278 ¹¹ugrum
137 1200 320 1278 colliguntur
330 1198 425 1256 fuisse
439 1197 536 1265 dirisi,
550 1214 742 1270 quaeremus,
757 1203 782 1253 ai
794 1207 948 1272 possumus
959 1202 1047 1257 ¹inre·
1080 1215 1091 1230 ⁸

17 1281 75 1337 ¹ire
94 1284 174 1338 iilam
193 1283 225 1336 in
245 1282 333 1336 terris
347 1280 586 1355 peregrinantem
599 1277 756 1336 Civitatem
767 1280 842 1354 Dei,
866 1301 941 1357 quae
950 1302 1048 1358 ‘usque
1107 1347 1115 1362 ·

17 1359 43 1417 d
59 1365 201 1424 diluvium
213 1382 367 1437 arcemque
380 1361 519 1436 perducta
533 1371 595 1432 est,
618 1374 705 1436 atque
717 1365 754 1420 in
773 1364 841 1419 tiliis
855 1365 921 1421 Noa
931 1358 1048 1440 p'ereo-

17 1461 72 1503 um
83 1448 302 1502 benedictiones
313 1453 720 1518 perseverassemonstratur,
729 1449 857 1514 maxime
867 1449 898 1502 in
909 1450 1048 1520 maximo,

17 1533 58 1586 ui
71 1541 115 1586 est
134 1527 397 1604 appellatusflem:
423 1528 539 1601 quando
558 1528 674 1602 quidem
693 1527 795 1600 lephet
808 1530 860 1586 ita
880 1530 1048 1588 benedictus
1109 1571 1110 1574 ,

17 1625 64 1686 st,
77 1625 110 1672 ut
122 1615 155 1669 in
169 1611 415 1668 eiusdemiratris
425 1612 473 1665 sui
486 1611 617 1667 domibus
631 1609 801 1668 habitaret..
834 1615 836 1618 ’

17 1869 237 1945 'regeneratione
249 1875 310 1926 Seue
316 1912 324 1938 ,
334 1875 368 1926 'in
378 1874 455 1925 coires
462 1861 593 1942 progenie
605 1862 713 1928 tenuent
724 1875 760 1926 ad
768 1871 907 1926 Abrabam
921 1861 1051 1928 ttettatu
1062 1865 1067 1868 ⁸
1087 1873 1091 1882 '

227 1961 231 1968 ’
377 1942 441 2004 ᾕΒοιῖ
452 1945 515 1995 ordo
526 1944 676 2012 dirigitur.=
848 1947 850 1954 ’
968 1959 974 1966 ’

72 2033 216 2091 'l'enenda
235 2042 280 2088 est
300 2035 393 2110 igitur
412 2035 504 2088 series
522 2034 749 2109 generationum
768 2031 887 2108 abipso
907 2032 1002 2105 Sem,
1017 2042 1050 2095 ut

17 2123 72 2184 psa
85 2117 223 2174 ostendat
235 2127 301 2191 post
316 2117 456 2193 diluuium
469 2114 710 2192 Civitatem'Dei3
725 2117 802 2170 sicut
816 2135 879 2189 eam
893 2119 984 2184 series
999 2137 1051 2194 ge-

17 2204 197 2258 reretionum
206 2202 249 2255 'ab
260 2201 311 2254 ilio
326 2201 376 2274 qui
390 2193 436 2253 cst
449 2200 609 2272 appellatus
625 2197 712 2268 Seth,
740 2195 911 2272 ostendebat
924 2209 993 2256 ante
1007 2199 1052 2254 rii-

17 2287 142 2340 uvium.'
159 2282 291 2356 'Propter
306 2281 360 2338 hoe
374 2301 446 2359 crgo
461 2281 615 2355 Scriptura
634 2280 734 2337 divina
757 2301 823 2336 cum
841 2285 988 2338 terrenam
1000 2281 1052 2338 ci-

17 2364 131 2440 ’itatem
161 2367 199 2422 in
218 2366 382 2440 Babylone,
414 2364 478 2419 hoe
495 2373 553 2440 est,
589 2365 622 2418 in
649 2365 822 2419 confusione
848 2373 1052 2436 monstrasset,

17 2447 50 2503 rtl
65 2448 259 2524 patriarcham
276 2448 345 2504 Sem
359 2446 585 2520 'recapitulando‘
602 2449 779 2517 revertitur,
803 2449 833 2502 ct
850 2449 965 2504 orditur
983 2447 1053 2503 inde

17 2535 219 2599 {murationes
240 2549 331 2607 usquc
344 2531 380 2586 ad
393 2528 552 2598 Abraham,
577 2533 804 2596 commemorato
824 2531 911 2586 ctiam
932 2547 1052 2586 numero

17 2627 157 2670 tuncrum
171 2625 283 2690 quanto
297 2615 419 2688 quisque
433 2611 470 2667 ad
480 2612 555 2668 banc
568 2613 672 2664 seriem
685 2612 881 2683 pertinentem
894 2613 987 2672 filium
1000 2632 1052 2690 ge-

17 2701 142 2768 luisset,
166 2708 332 2772 quantoque
350 2698 485 2752 vixisset.
520 2693 575 2748 Vbi
589 2703 667 2748 certe
686 2693 905 2768 agnoscendum
920 2694 1054 2769 estquod

17 2791 81 2836 [ute
94 2783 301 2854 promiseram,
314 2789 347 2834 ut
360 2775 497 2852 appareat
511 2795 601 2851 quare
616 2775 725 2831 dictum
738 2773 779 2830 de
788 2771 857 2831 filiis
872 2775 980 2845 Heber,
994 2775 1054 2832 No·
1074 2795 1082 2802 ²

17 2873 77 2920 'ten
91 2867 178 2919 unius
192 2861 331 2932 i'boleeb,
348 2865 419 2938 quie
436 2863 466 2915 in
486 2860 586 2916 diebus
606 2861 669 2914 eius
685 2860 783 2914 dicitu
798 2868 843 2914 cst
862 2869 957 2914 terro.
979 2859 1056 2922 Quid

17 2949 94 3000 enim
108 2943 185 3000 aliud
200 2943 424 3022 intelligendum
440 2953 495 3011 est,
510 2951 619 2996 terram
634 2959 698 2994 esse
712 2939 846 3010 divisam,
861 2941 918 2995 nisi
932 2939 1054 3002 diversi-

17 3027 74 3084 &ate
88 3023 275 3105 linguarum?
307 3027 432 3082 Omissis
446 3025 538 3100 igitur
552 3024 675 3078 cacteris
688 3019 758 3077 'tiliis
773 3021 846 3079 Sem
856 3024 892 3078 ad
904 3019 981 3076 hane
994 3040 1056 3102 rem

17 3119 75 3167 non
93 3109 325 3186 pcrtinentibus,
349 3111 395 3164 illi
413 3115 627 3162 connectuntur
646 3107 676 3160 in
696 3105 800 3160 ordine
822 3106 1056 3182 generationum,

17 3202 65 3256 ber
82 3213 154 3268 quos
167 3195 262 3268 possit
275 3185 312 3247 ad
324 3189 469 3248 Abraham
480 3190 642 3263 perveniri:
659 3189 734 3242 sieut
747 3189 791 3242 illi
806 3187 1058 3243 connectebantur

17 3284 81 3333 'nte
96 3277 255 3345 diluvium,
279 3294 330 3349 per
345 3289 418 3348 quos
433 3272 636 3346 perveniretur
657 3269 693 3325 ad
713 3269 800 3340 Noe,
815 3261 1056 3346 generationibus

17 3367 88 3428 {uae
101 3368 280 3436 propagatae
294 3367 363 3414 sunt
375 3351 416 3416 ex,
425 3348 478 3409 ilio
488 3353 580 3409 Adam
593 3353 666 3423 filio,
681 3351 732 3428 qui
744 3347 905 3428 ¹appellatus
920 3359 965 3405 cst
975 3349 1056 3404 Seth.

17 3431 63 3498 Sic
77 3461 149 3518 crgo
167 3443 271 3514 incipit
285 3431 509 3516 generationum
520 3439 577 3490 ista
589 3437 753 3496 contextio:
767 3435 809 3490 Et
819 3433 875 3489 bue
885 3435 1057 3509 generatio-

17 3539 62 3583 tes
78 3523 155 3581 Sem.
199 3511 469 3595 Sem‘filiusffloe]
486 3511 710 3594 centum[eret]
728 3529 886 3590 annorum,
907 3533 992 3594 quum
1005 3511 1058 3590 ge·
1102 3513 1103 3516 '

17 3605 276 3682 retemptatum,
303 3603 612 3677 secundarennopost
631 3599 788 3674 dilucium..
819 3593 1056 3678 ‘EteixitSem
1092 3605 1098 3620 ⁸

17 3702 79 3747 tost
96 3691 298 3766 quemgenuit
312 3683 487 3765 Arplruxat,
501 3686 675 3760 quingentos
691 3699 798 3754 aanor,
813 3691 842 3739 et
855 3681 959 3755 genuit
971 3679 1058 3752 filios

17 3774 150 3844 *tfilium
166 3781 195 3828 et
208 3781 342 3842 mortuus
358 3781 412 3826 est.
449 3765 498 3822 Sic
514 3765 685 3838 exsequitur
699 3775 842 3834 caeteras,
857 3763 955 3844 dicens
971 3772 1058 3840 quoto
1081 3765 1088 3832 ’.Ὶ

17 3845 137 3930 [uisque
150 3871 231 3911 anno
246 3856 325 3910 vitae
337 3870 407 3909 suae
420 3851 512 3908 filium
525 3848 674 3926 genuerit,
689 3845 823 3905 calistum
834 3847 1063 3926 generationum
1078 3910 1081 3913 .
