2362 4312
142 227 196 282 eos
353 201 672 277 nivrs'vanrn
705 215 968 284 ruovvsrrsr
1002 193 1011 210 ”

780 307 792 336 ι

141 379 221 450 ipsos
236 375 282 430 vel
295 353 347 447 pro
362 370 482 426 arbitrio
502 368 695 438 mentientes,
714 369 761 424 uel
774 366 939 426 hominibus
954 369 1070 426 miseris
1090 388 1170 444 quar·

85 525 86 530 ι
141 458 263 515 deo'rum
276 456 356 512 facta
368 453 495 549 pessima
507 450 649 508 imitanda
668 460 894 524 proponentes,
912 453 1033 508 omnino
1053 454 1085 509 in
1100 456 1153 510 civi

57 535 60 550 '
140 552 201 598 tate
215 542 290 610 benc
307 538 446 594 instituta
463 537 564 592 vivore
586 535 691 590 noluit.
735 531 797 591 Nos
811 533 929 610 quidem
944 534 1101 592 Platonem
1118 555 1181 592 nc

9 649 11 656 ι
49 659 52 664 -
141 625 245 712 deum,
272 641 328 678 nec
354 618 514 676 souridcum
539 616 754 701 ιιιιιιιιιιιιιιιιις
766 637 822 674 nec
849 619 902 674 ulli
928 629 1032 675 sancto
1057 619 1174 697 Angelo

142 707 247 765 summi
238 705 328 775 Dei,
352 721 407 768 nco
420 695 551 759 veridico
564 691 739 776 Prophetae,
765 717 822 758 nec
834 701 976 774 Apostolo
989 704 1091 774 alicui,
1110 723 1174 760 nec

142 792 263 848 cuilibet
276 786 385 846 Christi
399 784 542 861 Martyri,
560 804 614 842 uec
629 783 950 872 cuiquam-Christiano
964 784 1079 842 homini
1093 805 1166 845 cour·

141 886 296 950 paramus3
324 872 409 927 cuius
428 879 547 926 nostrae
574 870 740 936 sentcntiae
765 852 853 939 ratio,
880 866 945 925 Deo
969 879 1167 942 prosperante,

49 1013 50 1028 ,
142 975 196 1014 suo
209 957 275 1014 loco
291 953 496 1027 explicabitur.
539 951 599 1025 Scd
626 971 694 1010 cum
720 961 830 1023 tamem
857 952 1128 1051 quandoquidem·
1120 956 1168 1028 ipsi

121 1021 127 1040 i
142 1039 351 1098 voluntluisse
366 1031 536 1107 semideum,
563 1035 789 1109 praeferendum
803 1055 868 1092 csse
882 1053 1050 1108 censemus,
1075 1039 1102 1092 si
1116 1057 1168 1094 non

27 1183 43 1192 ,,
141 1124 267 1181 Romulo
282 1118 464 1192 attinenti,
483 1114 628 1194 (quamvis
642 1121 733 1176 istum
745 1120 935 1182 ueofffratrem
947 1119 1104 1192 occidisse,
1120 1141 1168 1178 nec

142 1205 261 1282 aliquod
275 1213 460 1279 perpetrasse
473 1201 617 1280 flagitium
631 1204 786 1278 quisquam
799 1201 1010 1260 historicorum
1018 1206 1169 1278 relpoeta·

142 1310 209 1348 rum
221 1289 314 1360 dixit,
342 1296 394 1344 aut
406 1285 509 1344 finxit:
515 1298 526 1364 )
541 1297 639 1358 certe,
651 1289 705 1343 'vel
724 1283 843 1360 Priapo,
870 1289 919 1344 vcl
935 1287 1025 1342 alicui
1039 1285 1170 1363 Cynoce-

142 1373 239 1448 phalo,
267 1375 417 1445 posttemo
431 1373 479 1426 vel
491 1370 595 1448 Febri,
622 1389 698 1445 quae
714 1368 841 1426 Romani
854 1371 975 1444 ιιιιιιιιιιιι
988 1373 1097 1443 partim
1109 1391 1170 1446 per·

143 1458 246 1535 egrina
258 1463 452 1551 receperunt,
471 1455 583 1528 partim·
598 1468 653 1510 sua
666 1455 784 1528 propria
798 1463 999 1511 sacraverunt.
1044 1456 1170 1522 eromo-

80 1577 88 1589 ι
141 1542 178 1598 do
193 1541 287 1617 igitur
300 1547 385 1594 tanta
404 1539 495 1594 animi
509 1546 538 1593 ct
551 1541 668 1594 morum
683 1539 779 1607 mala,
803 1538 889 1594 bonis
907 1539 1073 1612 praeceptis
1092 1548 1123 1594 ct
1134 1541 1171 1594 le·

142 1625 228 1704 gibus
251 1625 301 1679 vel
322 1622 507 1678 inuninentia
528 1619 729 1694 prohiberent,
755 1623 823 1678 vel
816 1622 905 1680 insita
918 1621 1139 1694 exstirpanda
1125 1642 1171 1680 cu-

30 1701 38 1712 “
142 1718 244 1764 raront
257 1703 300 1762 dii
312 1707 401 1776 tales,
413 1706 469 1779 qui
483 1706 572 1760 etiam
586 1702 758 1782 seminanda
771 1714 801 1770 ct
812 1703 949 1784 augenda
961 1702 1078 1782 flagitia
1091 1725 1172 1764 cura-

139 1799 262 1861 uerunt,
284 1791 356 1846 talia
367 1789 416 1844 vel
429 1807 483 1844 sua
495 1790 544 1845 vel
557 1790 642 1862 quasi
655 1805 709 1842 sua
722 1787 801 1842 lacta
811 1807 864 1862 per
878 1787 1038 1862 theatricas
1054 1780 1171 1848 celebri-

142 1883 218 1930 tates
233 1874 350 1947 populis
375 1872 564 1928 innotescere
589 1872 762 1967 cupientes,
787 1880 820 1926 ut
838 1880 979 1947 tanquam
996 1875 1172 1932 auctoritate

142 1959 255 2027 divina,
282 1973 336 2012 sua
350 1962 455 2026 sponte
479 1954 660 2027 nequissima
682 1941 772 2014 libido
798 1954 1010 2011 accenderetur
1034 1954 1171 2014 humana:

88 2038 92 2042 ’
142 2042 254 2096 frustra
276 2037 333 2094 hoc
358 2037 542 2092 exclamante
555 2035 715 2116 Cicerone,
742 2038 793 2111 qui
814 2057 882 2094 eum
898 2039 934 2093 dc
947 2040 1044 2112 poetis
1064 2051 1172 2120 ageret,

142 2123 186 2186 sd
199 2139 273 2197 quos
290 2139 357 2178 cum
372 2121 565 2192 accessisset,
591 2121 705 2196 inquit:
732 2121 865 2192 „clamor
885 2133 915 2178 et
932 2123 1106 2194 approbatio
1121 2136 1172 2196 po-

144 2247 164 2276 „
172 2207 251 2279 puli,
281 2203 367 2278 quasi
379 2219 480 2281 magur
470 2201 645 2260 cuiusdam
658 2213 688 2259 et
701 2205 844 2278 sapientis
857 2206 1009 2283 magistri,
1035 2225 1109 2282 quas
1133 2207 1172 2262 illi

157 2287 322 2346 obducunt
335 2284 492 2354 tenebrosi
519 2303 593 2380 quos
606 2285 753 2352 invehunt
765 2285 880 2345 metusi
907 2307 979 2364 quas
993 2288 1172 2356 inflammant

144 2367 393 2447 „cupiditatesl“
453 2389 455 2392 ·

532 2454 555 2512 C
581 2456 606 2511 A
632 2450 664 2511 Ρ.
707 2453 740 2511 Χ
754 2453 839 2512 V.

146 2552 225 2616 Quod
232 2550 350 2604 Romani
365 2548 494 2620 proadem
511 2549 564 2603 sibi
572 2552 635 2672 ιιιιιι
654 2569 706 2673 asp
725 2553 841 2616 ratione,
861 2554 908 2606 sed
924 2554 1090 2609 adulatione
1102 2555 1173 2608 insti·

612 2637 690 2676 ueriti
705 2659 712 2672 .

68 2773 81 2782 χ
207 2713 290 2780 Quae
303 2720 401 2768 autem
413 2710 474 2766 illic
487 2711 692 2790 eligendorum
705 2711 828 2768 deorum
840 2715 950 2770 etiam
941 2731 1075 2787 ipsorum
1087 2713 1173 2770 falso·

78 2807 79 2810 ’
143 2797 306 2865 runcatio,
320 2812 428 2851 aenon
441 2795 540 2865 potius
553 2793 683 2852 adulatio
696 2792 763 2851 esti
782 2796 921 2876 quando
912 2807 1003 2853 istum
1011 2795 1174 2867 Platonem,

146 2895 234 2974 quem
247 2877 408 2971 semidenm
420 2878 536 2948 solunt,
550 2880 646 2934 tantis
661 2867 909 2951 disputationibus
924 2880 1125 2952 laborantem,
1140 2899 1173 2936 nc

53 2993 60 3008 ι
127 3013 128 3016 ,
144 2961 236 3017 animi
227 2951 373 3031 unalis,
374 2978 450 3034 quae
463 2963 620 3034 praecipue
628 2961 763 3025 cavenda
782 2972 868 3031 sunt,
893 2981 991 3020 mores
1005 2981 1173 3037 corrumpe·

143 3052 249 3100 rentur
261 3041 396 3113 humani,
422 3045 503 3100 nulla
516 3055 600 3100 sacra
612 3044 746 3104 aedicula
759 3044 882 3124 dignum
893 3056 1048 3144 putarunt,
1073 3057 1103 3104 et
1116 3047 1173 3104 Ro·

142 3125 253 3183 mulum
268 3144 357 3195 suum
369 3127 426 3182 diis
441 3128 544 3184 ,multis
563 3128 783 3202 praetulerunt,
810 3131 943 3203 quamvis
963 3140 994 3186 et
1011 3132 1109 3205 ipsum
1129 3149 1174 3186 se-

143 3209 272 3266 mideum
296 3211 394 3284 potius
422 3227 510 3283 quam
533 3210 620 3267 deum
645 3213 727 3268 velut
745 3214 888 3270 secretior
908 3227 1012 3271 eorum
1040 3210 1175 3272 doctrina

143 3294 334 3350 commendet.
390 3291 467 3349 Nam
484 3295 581 3350 etiam
605 3292 753 3352 flaminem
777 3297 822 3352 illi
847 3298 1064 3369 instituerunt,
1099 3296 1173 3374 quod

144 3376 301 3433 sacerdotii
314 3393 409 3454 gcnus
424 3374 496 3431 adeo
509 3378 541 3434 ιιι
554 3376 696 3434 Romanis
714 3381 806 3436 sacris
823 3389 952 3437 testante
972 3383 1055 3456 apice
1077 3383 1173 3438 excel·

143 3461 213 3531 luit,
240 3470 274 3517 ut
287 3471 348 3516 tres
362 3461 439 3516 solos
452 3456 586 3517 flamines
598 3460 740 3518 baberent
758 3464 852 3520 tribus
866 3465 1037 3522 numinibus
1051 3466 1173 3526 ,institu-

144 3550 201 3612 tos,
221 3541 338 3599 Dialem
350 3541 424 3613 lovi,
439 3541 603 3602 Martialem
615 3543 714 3618 Marti,
729 3546 913 3612 Quirinalem
927 3546 1063 3606 Romulo.
1101 3547 1171 3606 Nam

142 3624 349 3684 benevolentia
363 3629 472 3684 civium
487 3629 573 3684 *velut
591 3638 728 3704 receptus
748 3631 781 3686 in
801 3633 933 3702 coelum,
958 3625 1104 3698 Quirinus
1131 3640 1173 3686 est

83 3742 85 3746 ,
141 3716 245 3780 postea
258 3712 437 3782 nominatus.
470 3712 513 3768 Ac
526 3729 578 3786 per
589 3710 645 3768 hoc
657 3722 688 3768 et
700 3709 840 3786 Neptuno
856 3725 886 3771 et
898 3713 1018 3772 Plutoni
1031 3715 1171 3772 fratribus

142 3789 246 3860 lovis,
263 3802 293 3848 et
306 3795 362 3868 ipsi
376 3793 507 3874 Saturne
523 3796 604 3868 patri
616 3813 719 3852 eorum
731 3797 788 3852 isto
801 3796 946 3862 Romulus
959 3797 1071 3854 horrore
1089 3816 1170 3874 prae·

140 3875 218 3932 latus
233 3883 288 3946 est,
316 3887 348 3932 ut
360 3894 414 3950 pro
439 3897 556 3959 magno.
574 3879 787 3953 sacerdotium,
813 3883 891 3958 quod
909 3880 971 3939 lovi
991 3882 1165 3942 tribuerunt·
