2340 4320
134 181 139 202 ’
230 177 817 318 bacrmr'rraomurnu
865 243 890 284 ι
948 189 1036 295 ἶιιι

11 383 54 454 tie,
74 381 128 438 ubi
141 380 306 440 thesaurus
321 375 488 458 eommunis
502 383 700 460 est'veritatie.
726 379 855 438 Pioinde
869 395 929 440 non
943 388 1036 443 solum
1104 371 1107 384 Ι

11 467 99 534 italia
109 479 238 521 'meroes
251 465 359 520 talibus
376 463 542 538 homiuibus
555 464 740 536 redderetur,
767 464 931 522 Romanum
944 467 1046 542 impe-⁴
1102 483 1105 488 ·

9 551 67 606 iura
78 550 116 606 ad
127 547 293 606 humanam
305 549 435 626 gloriam
446 548 596 604 dilatatum
609 558 668 620 est,
695 551 898 606 verumetiam
910 559 943 605 ut
956 552 1033 607 eivea
1061 613 1062 616 Ἴ

11 643 128 688 eternae
142 635 225 688 illius
240 613 390 702 Civitaiia,
405 649 491 706 quam
505 629 614 692 diuhia
627 634 863 709 peregrinantur,
878 619 1037 712 diligenter
1073 621 1080 640 ⁸

11 718 138 772 trobrie
151 717 205 770 illa
225 716 401 796 intueantur
421 716 569 790 exempla,
597 724 627 770 et
640 715 764 772 videant
780 727 897 800 quanta
916 717 1033 773 dilectio

11 799 133 855 lebeatur
146 816 295 873 supernae
309 797 424 873 patriae
437 807 554 872 propter
568 799 657 855 vitam
670 809 829 870 aeternam,
852 803 877 855 ai
891 809 1036 857 tantuma

11 885 64 940 ruia
76 883 184 944 uiribus
197 892 322 938 terrena
336 881 444 939 dilecta
458 891 503 938 est
514 887 632 958 propter
643 881 792 942 bominum
805 885 937 960 gloriam.

374 1046 498 1106 CAP.
541 1046 671 1111 XVll.

16 1145 164 1218 anfruete
175 1145 297 1199 Romani
306 1145 376 1198 bella
382 1144 530 1266 gemerlint„
549 1155 576 1198 et
586 1155 715 1220 quantum
724 1147 766 1200 bia
776 1164 840 1217 quor
849 1148 935 1204 vicere
946 1158 1037 1202 contu·

441 1229 445 1248 ¹
482 1225 564 1272 errat.

68 1307 212 1373 Quantum
227 1307 309 1362 enirn
320 1291 449 1380 pertinet
459 1305 496 1361 ad
505 1303 581 1362 hane
592 1309 681 1363 vitam
690 1308 864 1380 mortalium,
878 1327 951 1384 quae
964 1296 1035 1382 pau-

11 1391 50 1444 eie
61 1388 155 1444 diebus
169 1389 291 1445 ducitur
305 1398 335 1444 ot
348 1389 460 1464 finitur,
474 1389 542 1463 quid
554 1390 678 1446 interest
691 1390 743 1446 sub
758 1393 842 1446 euius
855 1394 976 1466 imperio
990 1395 1035 1449 vi-

11 1471 143 1530 rothomo
158 1474 334 1542 moriturus,
348 1475 374 1527 ai
388 1474 433 1528 illi
446 1475 497 1547 qui
510 1473 663 1546 imperant,
678 1473 714 1529 ad
725 1475 813 1549 impia
822 1484 852 1530 et
864 1477 964 1550 iniqua
975 1495 1035 1532 non

11 1553 125 1632 eugenti
147 1557 196 1612 Λιι
216 1575 290 1612 vero
311 1557 423 1630 aliquid
444 1565 608 1612 nocuerunt
621 1555 746 1612 Romani
763 1557 911 1633 gentibus,
931 1559 1035 1632 quibua
1089 1601 1090 1606 η

17 1639 161 1716 subiugatis
176 1641 386 1714 imposuerunt
398 1641 478 1716 leges
493 1657 578 1709 suas,
602 1640 661 1694 nini
672 1640 743 1722 quia
761 1635 792 1693 id
805 1641 915 1696 factum
929 1652 974 1696 est
988 1643 1034 1696 in-

13 1725 90 1800 genti
99 1734 198 1800 image
212 1718 376 1779 bellorumi
399 1722 483 1789 Quod
497 1724 523 1778 si
533 1720 722 1778 'concorditer
735 1721 829 1792 fieret,
843 1722 969 1796 idiprum
982 1723 1035 1778 lie·
1112 1737 1113 1740 ’

11 1813 58 1860 ret
67 1807 180 1862 meliore
193 1823 351 1864 sueeeaau:
366 1805 418 1861 aed
428 1809 507 1862 nulla
522 1815 599 1870 aesot
608 1806 703 1883 gloria
713 1803 961 1880 triumphantium.
975 1805 1035 1861 Ne-

11 1905 64 1962 que
77 1892 151 1945 anim
166 1899 196 1944 et
206 1889 334 1948 Romani
347 1883 408 1945 uo'n
421 1891 560 1946 vivebant
574 1891 625 1945 rub
639 1889 753 1966 legibus
767 1891 840 1959 suia,
854 1906 924 1963 quae
939 1899 1035 1944 eaete-

11 1973 52 2026 rit
62 1974 254 2047 imponebant.
280 1971 348 2029 Hoa
369 1974 396 2028 ai
408 1972 493 2028 fieret
512 1975 576 2028 eine
589 1971 731 2029 Marteet
743 1965 865 2030 Bellona
878 1980 911 2028 ut
922 1991 977 2028 nee
990 1974 1035 2028 vi·
1107 1967 1115 1977 ⁸

11 2058 100 2112 entia
111 2059 207 2114 l'oeum
219 2056 357 2128 haberet,
383 2058 501 2112 nemine
517 2059 654 2113 vineente
670 2057 726 2134 ¹ubi
743 2075 829 2112 nemo
842 2065 1035 2133 pugnaverat,

11 2153 105 2194 noune
116 2139 259 2196 Romanis
275 2149 306 2197 et
318 2142 442 2196 eaeteris
455 2141 598 2218 gentibue
614 2157 674 2196 una
694 2148 773 2198 earet
792 2138 950 2220 eademque
963 2157 1035 2196 con·
1090 2151 1093 2154 ·

15 2219 99 2278 ditioi
122 2224 301 2281 Praesertim
308 2225 340 2278 ei
352 2241 422 2279 mox
434 2223 534 2295 fieret,
558 2223 634 2301 quod
652 2233 754 2300 postea
767 2225 934 2301 gratirsime
948 2232 1036 2298 atque

13 2298 209 2364 bumauiaeime
223 2309 336 2368 saetam
349 2317 409 2379 eet,
422 2316 456 2364 ut
466 2308 616 2363 omnesad
628 2306 792 2364 Romanum
803 2309 956 2382 imperium
968 2323 1035 2378 per-

26 2387 137 2444 tinenter
146 2394 318 2464 eoeietatem
328 2393 495 2466 acciperent
507 2389 816 2448 civitatiset'Romani
829 2392 908 2447 aives
923 2398 1036 2460 estent3
1105 2387 1108 2396 ’

31 2485 62 2524 ²0
73 2472 97 2525 δί
108 2483 174 2532 meet
184 2477 335 2544 omnium,
359 2475 436 2550 quod
450 2481 512 2531 erat
524 2483 592 2532 ante
605 2493 777 2548 pauoorum:
804 2483 934 2543 tantum,
958 2472 1036 2547 quod

27 2552 96 2624 pleb·
107 2559 235 2634 dlarquae
250 2575 320 2618 auor
335 2575 421 2635 agros
434 2577 495 2615 non
508 2557 638 2630 haberet,
658 2558 693 2613 de
705 2558 819 2632 publico
830 2559 958 2614 viveret:
985 2557 1036 2630 qui

22 2648 108 2708 pietur
122 2644 183 2698 eius
197 2660 250 2717 per
265 2641 357 2696 bonos
368 2627 620 2697 adminiitratores
629 2642 804 2714 reipublicae
815 2641 952 2717 gratiora
964 2657 1035 2695 eon·

20 2723 141 2782 eordiboe
155 2734 369 2800 praestaretur,
383 2743 468 2800 quam
481 2727 566 2780 vietis
580 2733 815 2799 extorqueretur.
829 2759 832 2764 ·

77 2809 175 2866 ’Nara
199 2808 269 2884 quid
288 2809 406 2864 intersit
423 2808 459 2864 ad
481 2808 725 2882 incolumitatem,
751 2807 901 2882 bonosque
927 2815 1034 2878 mores,

21 2894 84 2967 iprae
96 2903 176 2949 certo
189 2891 341 2950 hominum
354 2889 529 2968 dignitates,
548 2891 634 2966 quod
652 2893 703 2947 alii
719 2892 873 2964 vicerunt,
899 2892 951 2946 alii
963 2892 1036 2946 vieti
1086 2942 1089 2950 .

19 2987 86 3047 aaut,
99 2978 220 3032 omnino
234 2993 296 3032 nou
306 2973 405 3046 rideo,
417 2985 533 3048 praeter
546 2977 628 3031 illum
644 2976 754 3052 gloriae
766 2973 909 3032 humanae
922 2974 1034 3029 inania-

17 3061 243 3129 ammiratum,
268 3060 302 3114 iu
315 3051 372 3132 quo
385 3068 579 3132 perceperunt
597 3057 760 3114 mercedem
773 3077 870 3129 ruam,
896 3057 948 3132 qui
971 3057 1035 3110 eiua

14 3143 121 3220 ingenti
135 3142 275 3217 cupidine
288 3149 435 3211 arserunt,
462 3150 492 3196 et
504 3141 638 3198 ardentia
651 3141 724 3196 bella
737 3150 903 3218 gestarunt.
943 3137 1034 3195 Num-

15 3227 76 3300 quid
89 3228 170 3283 euim
182 3227 300 3281 illorum
314 3225 378 3301 agri
391 3224 499 3286 tributa
512 3243 571 3281 non
586 3221 721 3280 solvunt?
747 3221 895 3305 Numquid
910 3223 951 3278 eis
965 3221 1035 3276 lieet

16 3307 132 3382 discere,
156 3307 235 3384 quod
254 3309 320 3362 aliie
339 3325 398 3366 uon
411 3303 499 3363 lieeti
525 3307 672 3382 Numquid
692 3327 754 3364 non
776 3309 860 3364 multi
884 3312 1034 3360 senatores

17 3403 75 3449 runt
87 3396 119 3450 in
133 3393 201 3447 aliis
216 3389 514 3465 terrie,·quiRomam
531 3389 784 3467 ueiaeiequidem
797 3384 924 3446 norunt?
951 3385 1036 3442 Tollo
1121 3435 1122 3438 ,

16 3475 188 3546 arandam,
202 3483 232 3529 et
245 3491 346 3540 omues
358 3472 490 3529 homines
503 3474 570 3548 quid
584 3485 653 3530 sunt
665 3475 724 3535 niti
737 3466 888 3529 hominesi
913 3467 998 3536 Quod
1011 3471 1036 3524 ei
1089 3517 1090 3520 ,

15 3560 185 3632 perterritae
200 3558 310 3612 uaeeuli
322 3544 498 3627 admitteret,
526 3566 560 3612 ut
579 3555 783 3618 'honoratiores
805 3562 905 3608 essent
928 3553 1036 3626 quique
1100 3587 1103 3594 ,

17 3645 160 3699 neliorw
184 3658 241 3696 nee
259 3641 302 3696 aie
317 3657 370 3713 pro
391 3657 496 3717 magno
518 3639 618 3696 haberi
642 3639 743 3694 debuit
765 3635 859 3692 honor
881 3635 1036 3706 humanus,

19 3728 77 3796 quia
89 3725 201 3783 nullius
216 3721 410 3794 estpouderis
424 3723 530 3779 fumus.
557 3722 616 3780 Sed
636 3731 754 3776 utamur
774 3718 862 3773 etiam
879 3720 910 3775 in
930 3717 1036 3775 hiare·
1095 3741 1096 3744 ¹

19 3805 64 3861 bur
74 3807 221 3864 beneficio
232 3805 350 3860 Domini
363 3804 419 3862 Dei
432 3807 539 3862 nostri:
555 3803 772 3861 consideremua
786 3811 893 3873 quanta
907 3811 1037 3858 contem·
1060 3813 1063 3818 “

15 3893 109 3964 ierint,
125 3899 206 3966 quae
219 3889 402 3968 pertulerint,
417 3905 488 3964 quaa
502 3887 674 3964 cupiditates
687 3882 857 3960 subegerint
869 3905 925 3962 pro.
935 3885 1036 3976 lpuma-
1087 3906 1089 3911 ’

258 4009 260 4016 ,

242 4025 248 4032 ·
326 4003 331 4042 Ι
