2400 4312
22 223 71 273 4
146 183 204 252 Ast
242 271 243 274 q
371 185 467 268 nAvl
487 179 676 248 AVAEAAA
693 175 1026 248 ιιιινιιιιιι

144 320 258 421 cunque
286 305 342 401 alia
369 329 442 418 quac
468 340 536 399 huie
562 343 641 399 vitae
663 351 732 398 sunt
751 340 935 414 necessaria3
964 311 1139 402 ostendens'
1134 363 1154 398 ιι

143 430 277 486 omnihus
293 428 370 503 quod
383 430 422 482 sit
434 428 576 501 cuiusque
590 445 713 494 munus,
741 432 770 490 et
782 435 901 500 propter
920 426 990 501 quid
1003 428 1107 501 cuique
1118 399 1181 482 de-

6 493 10 510 *
50 583 55 590 k
141 513 210 570 beat
225 513 395 588 supplicari:
414 511 446 565 in
462 517 519 584 q'ua
533 511 672 576 universa
685 509 946 586 diligentiannllos
962 509 1179 570 demonstravit
1182 576 1200 591 -

142 599 190 678 uel
201 596 367 664 nominavit
375 593 460 672 deos,
475 610 492 647 ιι
505 587 609 668 quibus
623 594 684 647 vita
697 601 818 648 aeterna
829 591 978 666 poscenda
991 595 1043 665 sit,
1055 603 1155 668 propter

142 673 227 755 qnam
241 697 328 734 unam
341 677 459 751 proprie
477 694 531 732 nos
550 674 711 734 Christiani
730 693 841 731 sumus.
881 677 954 742 Quis
981 695 1054 754 ergo
1080 696 1155 751 usquc
1176 735 1183 758 Γ

33 733 52 784 “’
82 753 83 756 “
142 763 213 818 adeo
227 761 327 818 tardus
342 762 391 830 sit,
408 768 442 816 ut
455 777 515 815 non
528 760 685 835 intelligat,
699 760 787 814 istum
799 749 946 820 hominem
959 760 1077 816 cAAAlem
1089 759 1154 815 theo
1176 747 1183 770 ’

15 879 16 882 =
50 843 61 912 ,⁸
78 905 82 911 ,
116 915 122 924 ¹
141 848 250 926 logiam
262 853 321 899 tam
336 843 493 920 diligenter
506 839 679 915 exponendo
694 851 724 897 et
736 841 910 915 aperiendo,
933 860 1056 917 eamque
1070 843 1154 899 illisa-

59 947 61 950 ·
141 931 273 1028 buloAae,
299 928 439 1024 indignae
459 936 548 1000 atque
561 925 718 1000 probrosae
732 926 856 980 similem
870 923 1109 998 demonstrando,
1117 936 1153 982 ιιι-
1179 934 1180 937 ’

109 1033 117 1042 ·
141 1031 198 1086 que
213 1014 304 1086 ipsam
315 1001 479 1076 labuldsam
489 1019 602 1084 partem
614 1026 679 1063 csse
691 1007 777 1066 huius
798 1009 870 1064 satis
889 1008 1043 1066 evidenter
1062 1009 1152 1066 doeen-
1174 991 1182 1026 ³

141 1096 191 1166 do,
208 1113 268 1150 non
282 1096 341 1149 nisi
333 1094 398 1148 'illi
411 1093 555 1162 naturali,
576 1110 666 1170 quam
674 1091 747 1148 dicit
759 1090 796 1146 ad
807 1089 1006 1166 philosophos
1010 1096 1152 1166 pertinere,
1174 1103 1182 1174 ,¹

139 1180 171 1234 in
185 1179 290 1244 animis
303 1169 453 1232 hominum
466 1176 563 1232 moliri
576 1173 688 1245 locum,
715 1192 750 1230 ea
763 1175 936 1246 subtilitate,
963 1183 1002 1231 ut
1010 1177 1179 1233 fabulosam

139 1260 343 1335 reprehendat,
358 1261 474 1316 civilem
485 1277 556 1316 vero
569 1257 781 1332 reprehendere
791 1257 908 1332 quidem
918 1276 980 1315 non
989 1259 1103 1330 audeat,
1115 1256 1151 1314 sed

87 1341 96 1392 .'
134 1343 287 1420 prodendo
310 1333 569 1416 reprehensibilem
595 1341 740 1422 ostendat,
766 1350 853 1415 atque
866 1343 908 1397 ita
921 1300 1149 1416 utraquciudicio
1175 1341 1177 1349 '

139 1437 220 1482 reete
234 1429 462 1504 intelligentium
474 1426 638 1500 reprobata,
661 1427 723 1481 sola
736 1426 879 1480 naturalis
893 1435 1047 1482 remaneat
1060 1428 1149 1502 eliges·
1176 1438 1182 1439 ’

119 1507 193 1566 -ual
216 1510 262 1567 De
276 1530 333 1586 qua
351 1529 403 1566 suo
422 1511 516 1566 loeo
508 1528 539 1567 An
558 1508 704 1566 adiutorio
718 1507 775 1564 Dei
788 1509 862 1579 veri,
890 1506 1063 1586 diligentius
1077 1509 1166 1566 disse·
1173 1508 1177 1513 ”

138 1593 261 1651 rendum
274 1605 326 1650 est.

455 1711 908 1818 'osane

50 1861 55 1872 '
138 1855 181 1910 De
192 1825 316 1910 libertate
327 1857 449 1921 Senecae,
460 1873 506 1925 quc
500 1855 693 1913 uehementius
703 1853 805 1907 civatem
816 1855 978 1926 theologiam
994 1847 1170 1926 reprehendit,
1177 1899 1199 1906 ,,

476 1943 555 1994 quam
571 1926 658 1978 Varro
665 1925 829 1997 fabulosam.
919 1963 922 1968 .

176 2016 333 2073 Libertas
347 2033 418 2071 sane
431 2033 506 2089 qnae
519 2014 586 2072 huic
598 2015 708 2085 defuit,
735 2033 772 2070 ne
789 2016 877 2070 istam
896 2014 1041 2072 urbanam
1058 2004 1170 2073 theob

139 2099 386 2177 giamtheatricae
395 2099 580 2169 simillimam,
593 2108 693 2172 aperte
706 2099 784 2154 sicut
797 2100 876 2156 illam
888 2097 1101 2172 reprehendere
1111 2109 1168 2154 AA·'

140 2183 233 2256 deret,
258 2183 379 2238 Annaeo
397 2179 543 2254 Senecae,
568 2184 660 2257 quem
683 2183 832 2246 nonnullis
859 2181 977 2238 indiciis
1004 2171 1170 2242 inveumuf

97 2303 100 2316 .
139 2247 343 2340 Apostolorum
361 2272 529 2322 nostrorum
548 2267 689 2324 claruisse
707 2263 902 2340 temporibus,
927 2283 991 2322 non
1004 2267 1113 2342 quidem
1124 2279 1148 2318 ιι
1170 2321 1184 2326 ..

49 2345 57 2358 ⁸
91 2367 95 2370 ·
139 2357 214 2419 toto,
227 2367 329 2404 verum
342 2365 379 2403 ex
393 2349 490 2422 aliqua
503 2358 585 2423 parte
599 2368 659 2406 non
674 2348 776 2404 deluit.
809 2329 1005 2408 Adfuitenim
1018 2339 1169 2414 scribenti,

139 2433 252 2488 viventi
263 2431 362 2488 defuit.
377 2430 455 2487 Nam
465 2433 496 2487 in
510 2451 544 2488 eo
558 2433 632 2489 libro
646 2450 732 2506 quem
744 2440 844 2488 eontra
859 2435 1083 2506 superstitiones
1096 2448 1148 2488 con·
1170 2440 1173 2443 “

140 2515 229 2584 didit,
243 2516 333 2570 multo
347 2513 496 2589 copiosius
507 2525 593 2590 atque
607 2515 806 2590 vehementius
819 2513 1031 2589 reprehendit'
1022 2536 1083 2594 ipse
1095 2515 1149 2572 ciri·

139 2599 197 2654 lem
208 2600 296 2652 Astam
309 2607 339 2653 et
350 2597 491 2653 urbanam
504 2599 696 2686 theologiam,
724 2615 809 2676 qnam
823 2597 923 2653 Varro
934 2597 1104 2659 theatricam
1119 2606 1148 2652 at·
1169 2599 1185 2614 “’

141 2677 198 2755 que
213 2681 383 2737 fabulosam.
420 2675 522 2737 Cum
510 2685 587 2738 enim
606 2682 641 2738 de
656 2682 819 2746 simulacris
833 2689 954 2759 ageret,
976 2683 1123 2756 „Sacros
1117 2698 1148 2736 AA-

142 2766 239 2840 „quit,
266 2765 453 2840 immortales,
481 2767 685 2826 inviolabiles
677 2785 708 2821 An
721 2767 845 2822 materia
856 2767 1011 2823 vilissima
1010 2776 1104 2864 atque.
1110 2768 1147 2820 in·

140 2848 262 2920 ,3mobili
274 2847 420 2918 dedicant,
433 2847 549 2906 habitus
563 2851 621 2906 illis
633 2848 782 2905 hominum
796 2849 983 2924 ferarumque
995 2861 1027 2908 et
1034 2851 1147 2927 piscium

86 3001 87 3004 Ἴ
140 2931 280 3008 „quidam
292 2949 362 2988 vero
376 2933 468 2987 mixto
482 2951 556 2988 sexu
573 2933 695 2990 diversis
717 2933 886 3008 corporibus
902 2932 1045 2992 induunt:
1072 2930 1147 2990 nuni·

139 3034 201 3087 „na
214 3024 332 3086 vocant,
360 3032 435 3089 quae
450 3016 476 3070 si
489 3018 594 3090 spiritu
606 3025 726 3091 accepto
740 3016 836 3073 subito
850 3029 1058 3089 occurrerent,
1083 3030 1147 3072 muu-

102 3129 104 3138 ι
140 3108 223 3171 „stra
235 3097 421 3155 haberentur.
424 3099 445 3132 “
464 3097 579 3155 Deinde
593 3101 741 3175 aliquanto
756 3108 832 3172 post,
847 3117 912 3156 cum
924 3097 1101 3179 theologiam
1110 3113 1147 3154 ιιι·

137 3181 450 3265 turalempraedicaus3
464 3183 645 3256 quorundam
649 3181 883 3257 phAlosophorum
895 3187 1060 3241 sententias
1071 3184 1147 3259 diges-

140 3266 237 3337 sisset,
264 3267 398 3340 opposuit
412 3266 696 3339 sibiquaeAtionem,
723 3273 753 3321 et
771 3267 825 3322 ait:
848 3264 1017 3336 „Hoeloeo
1031 3262 1147 3324 dieitali·

76 3381 80 3388 ,
140 3350 238 3423 „quis,
252 3347 375 3415 Credam
389 3367 445 3426 ego
458 3350 573 3404 coelum
587 3359 617 3405 et
628 3359 738 3407 terram
750 3349 820 3405 deos
836 3365 910 3420 esse,
925 3358 956 3405 et
969 3368 1058 3426 supra
1069 3354 1147 3407 luban

140 3433 252 3502 „alios,
279 3431 357 3487 infra
371 3428 465 3486 aliosi
488 3429 553 3508 Ego
566 3415 657 3488 feram
671 3440 722 3488 aut
734 3431 900 3503 Platonem,
927 3442 980 3502 ιιιιι
992 3427 1152 3510 Peripateti·

141 3531 229 3586 „eum
242 3513 422 3585 Stratonem,
444 3532 569 3589 quorum
582 3518 656 3572 alter
669 3516 740 3571 feeit
752 3514 874 3571 deum
850 3534 915 3572 sAne
929 3534 1070 3592 corpore,
1093 3516 1148 3570 alter

48 3591 52 3602 ’
142 3599 228 3663 ,sine
242 3593 357 3654 animai
388 3597 429 3654 Et
442 3596 545 3653 adhoc
558 3599 757 3672 respondens,
784 3599 861 3665 Quid
875 3618 908 3654 er
908 3598 1122 3677 g'otandem‚
1116 3611 1148 3650 ιι-

142 3681 236 3754 „quit,
249 3682 366 3738 veriora
378 3681 432 3737 tihi
445 3681 583 3738 videntur
596 3679 630 3737 T
645 3679 735 3752 Tatii,
749 3691 799 3737 aut
811 3680 938 3753 Romuli,
954 3694 1005 3739 aut
1017 3683 1096 3740 Tulli
1103 3677 1149 3736 llo·
1169 3671 1192 3696 f

141 3763 236 3832 „Atilii
250 3759 379 3820 somniari
408 3765 576 3822 Cloacinam
589 3763 692 3820 Tatius
710 3764 855 3826 dedicavit
872 3764 972 3836 deam,
998 3766 1099 3823 Picum
1111 3758 1148 3817 Τί·
1167 3761 1192 3850 ,3

138 3843 353 3924 „borinumque
367 3846 522 3919 Romulus,
549 3847 692 3938 Hostilius
706 3847 846 3906 Pavorem
867 3859 954 3924 atquc
968 3849 1108 3906 Pallorem
1118 3853 1148 3898 ιι·
1168 3851 1180 3928 ι
