2310 4306
182 189 241 248 DE
265 187 484 249 ClVl'l'ATE
507 188 839 272 balatuxl'llr.
972 202 1026 256 197
1122 250 1128 268 s

13 338 113 411 altas,
137 352 277 417 quantum
291 343 325 398 od
341 321 514 418 scripturam
527 345 590 399 eius
605 345 722 413 attinet,
743 344 871 400 omnium
887 341 1026 404 brevissi-

13 439 54 478 ιε
64 422 288 498 Prophetarum,
301 427 441 482 adversus
455 421 619 483 Idumaeam
632 427 770 502 loquitur,
781 437 900 502 gentem
914 431 1026 487 scilieet

13 517 78 576 aaa,
94 525 132 561 ex
146 507 257 562 dnobus
271 511 397 584 geminis
409 508 478 564 filiis
493 507 585 580 lsaao,
610 508 762 582 nepotibus
776 507 918 581 Abrahae,
931 513 1025 568 maio·
1071 527 1075 533 '
1111 538 1115 548 ·

37 590 121 646 illius
133 590 291 664 reprobati.
306 589 397 666 Porro
410 593 436 646 si
450 590 613 647 Idumaeam
627 591 712 647 modo
725 592 894 659 locutionis,
909 609 965 668 qno
980 595 1025 650 iu·

14 671 134 747 ligitur
147 681 259 745 aparte
273 682 381 744 toturn,
401 675 577 747 accipiamus
590 675 715 746 positam
724 689 794 728 ‘esse
806 692 859 746 pro
872 675 1024 751 gentibus:

43 753 164 810 Christo
187 773 348 832 agnoscere
369 773 532 830 possumus,
558 754 637 831 quod
659 757 702 811 ait
722 756 801 811 inter
822 749 970 815 caetere?
988 755 1023 814 Iu

13 829 447 913 *nte[montem]uutemSioa
468 837 642 906 eniteretur,
671 849 701 900 et
723 840 783 894 erit
806 850 951 897 sunctum.
985 839 1024 896 Et

13 921 72 974 ulo
84 928 152 994 post
164 920 196 974 in
209 918 269 974 fine
282 921 374 992 ipsius
387 917 569 993 prophetiae:
592 919 640 977 Ed
647 921 842 991 'adscendena
856 923 962 997 inquit,
976 943 1024 980 re·

13 996 101 1058 loeti
113 1021 150 1059 ex
163 1013 258 1058 moute
270 1000 352 1072 Sion,
370 1001 583 1073 ut‘defenduut
595 1002 824 1078 montem-Esau,
846 1014 876 1060 et
889 1008 950 1062 erit
962 1004 1024 1062 Do·
1072 1045 1073 1052 κ

13 1099 63 1140 rao
75 1101 209 1159 regnum.
223 1081 359 1158 ‘Apparet
372 1085 492 1158 quippe,
516 1084 546 1139 id
560 1103 625 1140 esse
640 1085 830 1160 completum,
854 1105 920 1144 curn
934 1091 1025 1146 resal-

13 1166 99 1221 tiex
113 1175 214 1222 monte
227 1163 318 1238 Sion,
345 1167 449 1238 idest,
476 1185 514 1223 ex
527 1164 635 1223 Iudaea
649 1167 802 1224 credentes
816 1171 847 1225 in
863 1169 1023 1243 Christum,

13 1246 27 1300 i
48 1249 206 1323 praecipue
220 1257 423 1326 agnoscuntur
438 1242 580 1324 Apostoli,
601 1249 827 1322 adscenderunt,
840 1261 873 1306 ut
886 1252 1024 1310 deiende.

13 1340 52 1386 at
63 1340 195 1386 montem
206 1329 295 1387 Esau.
331 1332 482 1399 Quomodo
496 1331 702 1404 defenderent,
727 1335 783 1389 nisi
802 1350 854 1405 per
866 1333 1024 1414 Evangelii

13 1412 234 1470 aedicationem
253 1416 349 1470 salvos
368 1414 503 1471 faciendo
524 1433 574 1471 eos
594 1417 646 1489 qui
663 1415 864 1487 crediderunt,
890 1419 924 1472 ut
938 1437 1025 1476 erue·

13 1507 87 1552 atur
105 1496 141 1551 de
159 1506 305 1570 potestate
320 1498 520 1568 tenebrarum,
544 1507 574 1560 at
591 1498 822 1554 transferrentur
844 1501 876 1554 in
900 1519 1040 1577 regnum„

13 1576 59 1633 tii
98 1579 183 1645 Quod
204 1589 418 1658 consequenter
437 1582 584 1653 expressit
596 1579 744 1654 addendo,
771 1577 813 1634 Et
827 1573 885 1636 erit
900 1579 1024 1639 Domine

13 1675 123 1731 guum:
151 1659 237 1718 Mons
251 1664 330 1718 onim
343 1662 418 1719 Sion
432 1662 569 1740 iudaeam
582 1662 748 1740 significat,
761 1661 811 1716 ubi
825 1661 926 1718 futura
938 1683 1022 1737 prae·

13 1751 60 1800 =ta
75 1753 122 1798 est
136 1745 227 1815 salus,
242 1755 272 1800 et
285 1743 427 1816 sanctam,
442 1746 520 1819 quod
533 1739 724 1808 estschrinus
739 1742 830 1799 lesus.
853 1743 939 1801 Mons
952 1765 1022 1802 vero
1050 1789 1052 1794 .

13 1841 61 1881 au
76 1825 214 1882 ldirmaea
228 1837 288 1898 est,
314 1847 366 1900 per
388 1845 475 1902 qnam
493 1827 659 1904 significata
674 1834 719 1882 eat
730 1824 864 1882 Ecclesia
877 1830 1021 1904 gentium,

13 1921 70 1964 tam
84 1901 296 1982 defenderunt,
320 1913 396 1967 sicut
409 1912 546 1984 exposui,
564 1911 703 1966 resalvati
718 1926 755 1964 ex
770 1919 869 1965 monte
883 1907 971 1980 Sion,
990 1921 1023 1966 ut

13 2001 61 2047 tet
74 1991 205 2048 Domino
218 2011 350 2070 regnum.
387 1991 452 2058 Hoc
466 1993 619 2048 obscurum
640 2002 719 2062 erat,
742 2001 811 2049 ante
825 2007 910 2068 quarn
922 1993 1021 2050 fieret:
1036 2001 1042 2008 “
1098 2063 1102 2068 q

13 2067 25 2124 Ι
45 2075 158 2130 sactum
172 2073 237 2149 quis
252 2095 311 2132 non
325 2075 420 2132 fidelia
436 2071 595 2152 agnoscati
795 2127 801 2136 ,

42 2157 143 2214 Naum
154 2176 224 2214 vero
235 2156 388 2232 Propheta,
403 2160 461 2214 irno
473 2175 525 2230 per
538 2159 620 2214 illum
632 2156 726 2229 Deus,
740 2156 961 2229 Extermiuubo,
977 2159 1023 2230 in,-

14 2236 61 2311 it,
86 2233 244 2316 scuptilia
258 2253 287 2298 et
302 2240 485 2316 conflatilia:
503 2233 615 2316 ponam
630 2240 814 2318 sepulturum
829 2252 927 2298 tuum:
953 2244 1023 2317 quia

14 2316 95 2380 'arces
108 2341 175 2380 ecce
188 2339 278 2401 super
290 2334 402 2381 montes
409 2322 504 2398 pedes
518 2323 764 2399 evangelizantis,
772 2333 802 2379 et
814 2327 1024 2381 aununtiantis
1075 2349 1076 2352 ¹

14 2422 93 2462 cem.
110 2405 234 2462 Celebre
249 2404 327 2463 ludu
340 2407 402 2461 dies
408 2405 511 2475 festos
522 2415 597 2475 tuos,
610 2406 701 2462 redde
713 2416 783 2461 ootu
797 2416 867 2462 tau:
880 2408 950 2482 quie
964 2408 1022 2462 ium

14 2499 37 2540 tr
52 2481 199 2544 adiiciant
211 2481 305 2558 ultro,
318 2497 352 2544 ut
364 2497 522 2564 transeunt
534 2488 564 2542 iu
577 2495 763 2543 uetustatem.
789 2484 1023 2545 consummatum

14 2574 37 2636 Ὶι,
51 2569 234 2636 consumtum
247 2581 301 2641 eat,
316 2569 449 2626 ablutum
460 2579 514 2625 est.
528 2567 700 2637 Adsceadit,
713 2569 765 2643 qui
777 2567 911 2640 insufflat
925 2573 954 2630 in
961 2570 1021 2641 fu·
1069 2578 1072 2585 '

14 2665 56 2707 tm
71 2663 166 2720 tuum,
181 2654 310 2732 eripiens
324 2671 362 2710 ex
375 2650 576 2708 tribulatione.
611 2651 684 2716 Quis
698 2647 884 2705 adscenderit
897 2651 932 2706 ab
946 2652 1021 2708 info-

14 2749 36 2803 l,
50 2745 81 2790 et
94 2733 288 2804 insufflaverit
302 2736 332 2791 in
346 2735 453 2790 faciem
466 2730 571 2804 ludae,
593 2731 648 2788 hoe
662 2740 721 2803 est,
748 2730 919 2787 ludaeorum
932 2733 1020 2790 disci-

15 2814 119 2874 lorum
134 2815 277 2891 Spiritum
292 2826 439 2887 sanctum,
453 2817 581 2886 recolat,
605 2817 657 2890 qui
668 2814 803 2872 meminit
814 2812 1027 2891 Evangelium..

15 2895 24 2952 i
43 2918 155 2956 nevum
166 2901 247 2960 ,enim
260 2899 482 2956 Testamentum
495 2900 654 2973 pertinent,
681 2915 802 2973 quorum
816 2895 877 2952 dies
891 2898 968 2952 festa
982 2899 1022 2953 ita

15 2979 159 3039 iritaliter
170 2984 366 3053 innovantur,
393 2983 471 3039 utin
484 2990 662 3038 vetustatem
680 2981 809 3037 transire
824 2999 883 3048 non
896 2980 1020 3053 possint.

15 3083 76 3122 nro
94 3083 148 3140 per
160 3065 355 3143 Evangelium
373 3065 567 3121 exterminata
586 3065 777 3138 sculptiliaet
791 3059 968 3133 conflatilia,
992 3063 1027 3117 id'

15 3156 39 3220 t,
54 3148 135 3205 idola
144 3148 264 3204 deorum
276 3149 425 3218 falsorum,
439 3156 469 3203 et
482 3146 623 3202 oblivioni
634 3156 772 3221 tanquam
786 3146 950 3219 sepulturae
961 3153 1027 3204 tra·-

15 3237 43 3288 ta
57 3235 119 3287 iam
132 3231 279 3302 videmus3
290 3247 292 3254 ’
304 3240 336 3292 ,οι
352 3229 428 3288 hanc
442 3231 530 3286 etiam
541 3230 573 3285 in
586 3227 641 3286 bae
654 3247 687 3286 re
700 3227 881 3304 prophetiam
896 3229 1021 3301 comple-

16 3332 42 3371 ta
56 3333 125 3370 esse
139 3314 352 3391 cognoscimus.
556 3307 564 3318 ⁸
1019 3331 1024 3350 ’-

46 3398 209 3456 Ambacum
222 3395 257 3451 dc
271 3413 327 3472 quo
340 3396 409 3467 alio,
421 3413 505 3469 quarn
520 3395 555 3452 de
569 3394 678 3454 Christi
691 3392 1021 3467 adventn,quifi1tarus

16 3489 95 3550 erat,
101 3480 283 3556 intelligitur
296 3478 405 3549 dicere,
413 3477 454 3534 Et
466 3477 769 3556 reaponditllomiuus
783 3475 824 3532 ud
835 3476 1038 3545 maudiut,¹
1078 3543 1080 3546 .

16 3565 89 3621 sibe
103 3564 200 3620 cisum
214 3571 319 3638 aperte
332 3564 363 3618 iu
374 3561 468 3634 burm·
486 3571 520 3617 at
534 3567 710 3634 assequatur
723 3561 775 3630 qui
786 3558 861 3631 legit
874 3575 926 3614 eu:
951 3559 1021 3630 qaia

16 3651 83 3709 uec
101 3649 179 3706 cisio
199 3647 241 3704 ud
261 3657 388 3724 ternpus,
410 3646 572 3704 storiatus·
591 3645 622 3698 in
633 3641 714 3713 fiae,
739 3650 769 3698 et
787 3659 842 3698 noa
856 3642 887 3696 ia
899 3656 1023 3696 uacuum
1111 3649 1128 3668 ··

16 3725 56 3791 ut·
84 3733 115 3787 oi
128 3731 315 3853 lup-duruit,
340 3730 544 3797 sustinueram
570 3726 639 3800 quio
651 3725 769 3816 renisus
783 3725 895 3792 ueniet,
920 3733 948 3782 et
968 3740 1020 3778 non

16 3815 167 3872 irraditur.
517 3819 520 3826 ·
640 3839 641 3842 =
