2340 4312
145 176 151 182 ’
200 211 259 270 nn
288 165 508 274 crerrnrn
535 195 819 269 perunxi.
867 277 873 284 ,
922 191 924 200 ’
986 219 1033 276 57-
1073 167 1080 174 ⁸

28 366 133 441 uagina
145 367 335 438 interpretes,
361 365 392 419 in
405 365 626 439 plurimis=1quae
639 362 754 418 divorsa
768 361 865 418 dicere
877 364 1026 437 videntur,

28 453 46 492 Κ
64 447 184 511 Hebraeis
199 447 349 503 codicibus
364 447 517 502 emendare
531 465 618 500 ausus
633 455 678 500 est
691 463 785 504 nemo.
810 445 878 502 Non
892 449 968 503 enim
984 461 1030 514 est
1094 477 1096 480 ·

28 521 61 582 la
72 531 326 604 diversitassputata
338 530 530 600 mendositas3
556 547 610 584 nec
629 548 683 605 ego
698 531 757 584 ullo
772 529 859 584 modo
871 531 1042 612 putendanp

28 610 139 669 tissima.
182 612 242 668 Sed
263 614 314 670 ubi
332 629 393 668 non
411 621 455 666 est
472 614 729 686 scriptoriserror,
744 611 852 685 aliquid
866 630 915 666 eos
930 611 1028 668 divino
1099 605 1101 609 ⁵

28 695 121 766 siritu,
142 696 192 750 ubi
207 713 311 754 sensus
327 706 405 754 essct
417 703 632 750 consentaneus
651 695 785 763 veritati,
810 703 840 748 et
857 693 1029 767 praedicans

28 781 157 848 mitatem,
179 797 243 833 non
252 765 513 852 interpretantium
525 796 616 847 more,
631 777 681 832 scd
693 775 928 850 prophetantium
940 778 1029 844 liber·
1075 809 1076 812 =

28 865 60 915 te
71 863 151 916 aliter
164 860 262 914 dicere
275 863 404 916 voluisse
417 860 593 914 credendum
606 869 658 914 cst.
681 858 894 929 Vndcmerito,
909 878 968 914 uon
982 879 1029 915 so-

28 959 57 1014 {n
72 943 231 1012 Hebraeis,
255 944 465 998 verumetiam
482 944 570 1015 ipsis,
589 961 655 997 cum
669 940 790 996 adhibet
809 943 976 998 testimonia
995 941 1030 996 dc

28 1027 164 1098 eriptu'ris,
179 1027 224 1080 uti
237 1025 403 1098 Apostolica
416 1027 567 1080 invonitur
580 1026 749 1080 auctoritas.
764 1023 824 1079 Sed
830 1023 905 1084 'hinc
918 1044 964 1080 sne
978 1043 1030 1096 op·
1121 1061 1122 1064 =

28 1100 168 1164 ›rtuniorc‘
178 1109 260 1177 loco,
280 1108 306 1160 si
319 1106 400 1163 Deus
414 1107 575 1177 adiuuerit,
594 1108 716 1178 promisi
730 1105 901 1182 diligentius
916 1109 1029 1162 locutu-
1065 1139 1069 1148 ·
1097 1115 1102 1122 ”

28 1208 71 1246 sn:
90 1209 171 1246 nunc
184 1189 261 1263 quod
273 1190 367 1244 instat
380 1179 540 1262 expedialn·
569 1199 570 1202 ’
583 1188 743 1244 Nc‘n'enim
756 1189 959 1264 ambigendum
975 1199 1031 1259 cst,

43 1273 178 1342 bomine,
192 1273 294 1346 quiex
307 1272 400 1343 primo
413 1269 531 1326 horninc
544 1272 654 1343 primus
669 1275 714 1328 est
728 1281 830 1338 natus,
845 1272 959 1343 quando
973 1281 1031 1326 tani

28 1357 204 1425 nitebant,
217 1355 350 1427 potuisse
363 1355 502 1409 constitui
516 1355 677 1423 civitatem,
698 1371 769 1408 sane
783 1351 945 1422 terrenam,
969 1361 1031 1410 non
1121 1369 1124 1372 ·

28 1455 70 1493 nm
83 1433 160 1513 qnae
174 1437 283 1519 dicitur
296 1435 406 1492 Civitas
419 1435 490 1491 Dei:
510 1435 545 1490 de
554 1433 615 1509 ,qua
627 1444 661 1492 ut
673 1435 883 1506 scriberemus,
902 1436 1031 1502 laborem

28 1524 66 1578 nti
77 1519 165 1577 buius
179 1520 286 1592 Operis
299 1521 332 1583 in
344 1537 447 1577 uranus
461 1519 625 1612 sumsimus.

28 1779 41 1822 t
46 1751 173 1822 credibile
183 1767 236 1830 sit,
253 1765 338 1834 primi
347 1765 449 1836 sacrasti
457 1765 528 1817 viros
538 1743 620 1832 cepoe
630 1765 668 1816 od
676 1780 734 1816 earn
744 1772 877 1828 oetatem,
898 1763 1031 1834 quafllias

165 1851 311 1906 generasse
322 1836 492 1907 referuntur,
504 1853 519 1886 o
531 1834 673 1886 concubitu
684 1834 856 1886 continuisse.
940 1897 943 1904 Ι

58 1943 149 2001 Dicet
159 1959 231 2020 ergo
240 1942 361 2013 uliquis,
374 1939 456 2008 Itane
471 1940 647 1996 credendum
661 1950 715 2012 cst,
730 1939 876 1997 hominem
889 1941 965 1996 filios
979 1961 1031 2018 ge·

28 2037 183 2095 naturum,
210 2043 266 2080 nec
278 2021 432 2078 habentem
445 2025 625 2098 propositum
639 2026 853 2091 continentiae,
874 2033 990 2084 centum
1005 2033 1033 2080 et
1095 2057 1099 2066 r

28 2111 126 2183 rplius,
140 2109 189 2163 vel
203 2105 363 2162 secundum·
375 2105 523 2160 Hebraeos
538 2101 597 2160 non
611 2109 701 2174 multo
714 2109 827 2176 minus,
837 2107 866 2162 id
880 2115 935 2176 est,
950 2113 1032 2162 cctoss
1083 2119 1084 2122 ’

28 2202 87 2262 nto,
101 2191 301 2267 septuaginta,
316 2189 472 2264 sexaginta
484 2205 576 2243 annos
588 2208 605 2244 a
619 2189 830 2245 concumbendi
843 2207 932 2263 opere
945 2191 1031 2244 vaca'-

28 2283 89 2344 sse3'
106 2282 158 2328 aut
170 2274 197 2326 si
210 2290 270 2328 non
283 2280 411 2338 vacaret,
431 2269 506 2326 nihil
519 2271 609 2343 prolis
623 2273 747 2349 gignere
758 2269 921 2346 potuisset
950 2270 1032 2327 Haec

28 2357 127 2411 {aestio
142 2355 253 2409 duobus
265 2353 357 2408 modis
372 2354 503 2408 solvitur.
529 2353 589 2409 Aut
602 2357 680 2410 enim
692 2364 775 2410 tanto
790 2357 883 2411 serior
897 2355 952 2409 fuit
963 2373 1032 2428 pro·

28 2441 128 2493 ›rtiosm
147 2437 301 2512 pubertas,
328 2431 531 2510 quanto-ritae
547 2437 753 2494 to.tinsrnaio‘r
773 2441 938 2508 annositas:
970 2446 1032 2507 aut,

28 2521 70 2576 lod
82 2521 178 2596 magis
193 2517 278 2574 uideo
293 2535 356 2572 esse
370 2517 524 2588 credibile,
548 2536 609 2574 non
623 2518 670 2572 hic
682 2521 872 2594 primogeniti
884 2521 1032 2574 filiicom-

28 2605 147 2657 emorati
161 2610 243 2671 sunt,
263 2599 314 2654 sed
328 2617 402 2673 quos
416 2602 612 2654 successionis
625 2599 696 2654 ordo
709 2601 863 2675 poscebat,
882 2611 916 2656 ut
928 2622 1032 2674 pervc-

28 2695 110 2740 retnr
124 2683 160 2740 ad
175 2683 249 2752 Noe,
262 2701 279 2738 a
291 2701 347 2756 quo
362 2697 464 2736 rursus
478 2682 514 2736 ad
526 2680 672 2738 Abraham
684 2681 815 2737 videmus
830 2673 894 2736 csse
906 2701 1031 2754 perven-

28 2783 70 2838 m3
96 2786 131 2823 ac
145 2767 251 2821 deinde
265 2775 357 2838 usque
370 2764 406 2819 ad
419 2773 531 2824 certum
546 2765 700 2818 articulum
714 2766 867 2836 temporis,
892 2777 1033 2838 quantum

28 2850 150 2906 uertebat
167 2850 281 2925 signari
301 2849 389 2902 etiam
406 2847 645 2923 generationibus
665 2848 895 2902 commemoratis
915 2865 1033 2904 cursum
1104 2890 1106 2894 -

29 2934 226 2988 oriosissimae
241 2930 375 2986 Civitatis
388 2928 489 2984 inlice
503 2928 610 2984 mundo
623 2930 855 3005 peregrinantis,
874 2937 913 2984 'et
929 2947 1036 3001 super-

28 3033 64 3070 mr
78 3016 203 3088 patriam
217 3013 407 3086 requirentis.
430 3012 518 3077 Quod
532 3012 611 3066 enim
623 3013 728 3088 negari
742 3031 801 3066 non
814 3011 929 3085 potest,
952 3014 1033 3084 prior

28 3100 127 3156 nninm
142 3095 217 3152 Cain
229 3111 266 3149 ex
280 3095 486 3150 coniunctione
498 3097 587 3148 neuris
602 3103 632 3148 et
644 3091 772 3149 feminac
784 3104 938 3152 natusest.
972 3093 1032 3150 Ne-

28 3197 51 3234 ue
73 3183 152 3235 enim
170 3181 221 3236 illc
241 3188 310 3233 nato
328 3178 453 3232 dixisset
469 3176 577 3243 Adam,
604 3177 686 3250 quod
700 3177 953 3256 dixissclcgitur,
973 3175 1032 3232 Ac-

28 3264 107 3318 u'ss'vi
124 3261 268 3330 bominem
284 3277 344 3336 per
362 3259 473 3332 Denm3
499 3261 556 3314 nisi
575 3260 633 3313 illis
653 3261 762 3315 duobus
780 3261 843 3332 ipse
861 3259 965 3314 fuisset
981 3257 1033 3313 ho-

28 3361 44 3398 o
58 3343 208 3399 nascendo
223 3343 337 3397 additus
351 3344 471 3414 primus.
503 3341 590 3396 Hunc
605 3351 719 3396 secutus
733 3342 820 3409 Abel,
844 3359 930 3414 quem
942 3343 1035 3397 maior

28 3436 89 3481 ster
107 3425 232 3496 cecidit,
256 3424 503 3500 praefiguratione
519 3425 645 3498 ‘quadarn
664 3419 880 3499 peregrinantis
899 3423 1034 3480 Civitatis

28 3511 72 3580 ei,
96 3509 175 3584 quod
189 3507 316 3562 essetab
331 3507 444 3580 impiis,
469 3517 499 3562 et
517 3507 641 3579 quodam
653 3507 738 3561 modo
753 3507 925 3580 terrigenis,
947 3506 1036 3580 idest

28 3609 145 3647 menam
168 3591 314 3666 originem
337 3589 541 3666 diligentibus,
564 3600 593 3646 ct
612 3599 746 3644 terrenae
764 3586 898 3644 Civitatis
917 3596 1035 3642 terrena

27 3676 139 3729 licitatc
161 3671 373 3750 gaudentibus,
393 3673 619 3756 persecutiones
643 3673 758 3743 iniquas
782 3686 902 3741 passura
926 3671 1034 3738 fuerat,

28 3758 110 3812 imus
123 3753 262 3811 ostendit.
278 3753 337 3809 Sed
350 3764 421 3827 quot
432 3763 652 3809 annoruneses
663 3752 765 3823 Adam,
779 3770 844 3810 cunt
855 3761 906 3806 eos
920 3755 1034 3828 genuit,

28 3855 59 3895 sn
78 3833 225 3914 apparet(
240 3835 358 3892 Exinde
377 3836 554 3915 digeruntur·
568 3829 773 3912 generationes
795 3835 871 3890 aliae
892 3833 1034 3910 de,Csio,
