2266 4312
59 167 199 306 *QY
220 200 469 276 Civrrrrs
489 189 567 276 oni
593 217 674 277 ιιι
690 217 837 315 xm
897 209 899 214 '
938 228 995 281 nn
1081 269 1086 280 ,.

210 347 301 439 Y(lt,
330 380 358 427 et
370 373 474 448 'sistere
492 363 541 428 ubi
558 372 704 428 soluerint
722 387 774 427 sua
793 389 914 447 corpora
939 392 999 430 non

307 474 317 509 ι
329 463 512 511 terrenorum
511 473 695 528 corporum,
710 455 786 509 sicut
799 471 894 511 onera
902 458 932 512 in
947 477 1000 534 gc-

340 539 430 608 imus,
451 546 559 612 quanto
573 539 665 593 maior
680 545 725 592 est
738 540 903 611 quantitas,
918 549 999 594 tanto
1074 571 1080 576 -

351 623 397 708 ιιι
410 629 442 674 ut
459 623 543 693 plura
562 620 659 694 pondo
679 638 764 693 quam
782 623 921 694 pauciora
934 623 999 695 plus

395 721 447 768 spe
462 703 558 758 carnis
573 705 682 758 leviora
692 713 792 776 portat
803 705 899 759 anima
911 715 1005 778 quum*
1067 771 1070 774 ,

433 801 491 844 sam
505 787 536 839 in
549 787 691 882 languore
705 803 794 860 quum
806 803 904 842 macra
918 797 998 842 sunt

463 869 552 923 ιιἰἰοι
566 869 605 923 ιιι
618 886 706 923 sanus
722 877 751 923 et
763 869 892 940 validus,
913 888 999 953 quam

502 949 538 1008 *sl
552 969 636 1006 suum
647 967 749 1024 corpus
763 910 938 1008 moventium
952 961 997 1008 at·
1021 951 1022 954 ’

528 1017 641 1089 hbona
651 1033 818 1090 valetudine
831 1035 896 1108 plus
911 1035 998 1093 hahet

487 1135 561 1172 rame
583 1117 734 1172 minimum
757 1107 880 1174 roboris.
916 1117 999 1174 Tan

411 1245 418 1254 .
437 1201 563 1255 terrenis
582 1197 773 1273 corporibus,
798 1203 930 1275 quamvis
945 1201 996 1257 asl-

352 1303 379 1338 c
397 1283 584 1380 mortalibus,
611 1300 672 1339 non
686 1285 857 1357 quantitatis
870 1284 995 1359 pondus,

292 1351 370 1422 edus.
413 1366 454 1421 Et
477 1367 542 1440 quis
564 1365 662 1422 verbis
688 1367 830 1438 explicet,
857 1378 996 1443 quantum

230 1455 352 1528 cntem‘,
376 1457 462 1524 quam
475 1444 597 1504 dicimus
612 1437 784 1519 sanitaiem,
805 1458 835 1504 ct
847 1453 996 1507 immorta-
1048 1477 1050 1488 ι
1065 1499 1070 1504 .

164 1527 236 1586 anri
258 1521 349 1587 Non
342 1543 440 1607 itaque
460 1540 591 1590 nostram
610 1529 696 1586 iidem
699 1529 891 1612 redarguant
901 1532 996 1606 philo·

105 1613 281 1690 ponderibus
295 1633 457 1690 corporum
488 1614 564 1670 Nolo
583 1615 661 1669 enim
680 1621 838 1688 quaerere,
866 1633 917 1671 our
937 1635 997 1673 non

13 1711 81 1760 ,snt
96 1710 246 1755 terrenum
259 1716 345 1771 posse
359 1715 423 1754 csse
438 1711 539 1772 corpus
553 1698 584 1752 in
598 1699 709 1766 coelos
723 1715 812 1771 quum
830 1707 910 1752 terra
928 1701 996 1754 uni·

1 1799 43 1846 sa
57 1783 204 1838 libretur'
195 1800 226 1835 m
241 1779 339 1836 nihilo.
382 1781 527 1837 Fortassis
549 1775 626 1835 enim
648 1780 709 1836 dc
700 1798 764 1853 ipso
783 1779 877 1836 aredio
895 1781 996 1838 munti
1035 1841 1047 1856 Ὢ

26 1886 88 1938 c,o
104 1863 203 1944 quotl
195 1883 226 1918 m
240 1879 308 1919 eum
316 1869 419 1920 coeant
430 1880 559 1939 quaeque
573 1882 646 1941 grai
648 1865 725 1932 iera,
741 1865 828 1919 ctiam
839 1882 996 1942 argumen-
1037 1859 1038 1862 ¹

2 1953 63 2006 'o
43 1941 235 2005 ιειίιιιιιιίιίοι
250 1945 399 2003 habeatur.
443 1944 517 2002 illud
528 1945 611 2016 dico,
636 1965 662 2003 si
654 1946 715 2002 'dii
728 1949 874 2018 minores,
893 1947 996 2021 quibus
1058 1957 1069 1966 '

6 2051 33 2088 ι·
60 2031 200 2086 animalia
225 2033 376 2086 terrestria
400 2040 516 2086 caetera
542 2032 629 2085 etiam
655 2028 803 2086 hominem
828 2029 997 2086 iacientium

5 2142 8 2160 .
38 2115 105 2170 risit
119 2111 213 2183 Plato,
228 2123 396 2186 potuerunt,
411 2116 488 2170 sicut
501 2113 581 2184 elicit,
597 2114 631 2168 ab
643 2115 713 2191 igne
726 2127 878 2178 removere
892 2107 999 2170 urendi·
1035 2121 1037 2132 '

12 2201 131 2268 litatem
126 2236 147 2274 ,
161 2195 276 2251 lucendi
290 2198 455 2278 relinquere
471 2215 544 2270 quac
557 2215 609 2270 per
624 2199 723 2252 oculos
739 2193 893 2253 emicareti
916 2197 996 2252 itane

7 2308 11 2331 t
31 2297 151 2336 summo
167 2279 326 2334 concedere
340 2273 549 2351 dubitabimus,
577 2281 660 2336 euius
680 2281 729 2334 ille
750 2282 900 2335 voluntate
913 2290 996 2354 pote-

13 2366 86 2438 ique
103 2381 141 2416 ne
157 2361 319 2417 moriantur
333 2363 480 2418 concessit
493 2380 568 2437 quac
582 2372 646 2418 orta
659 2373 738 2432 sunt,
754 2373 854 2417 ettam
869 2363 996 2446 diversa,

1 2468 13 2502 ι
27 2446 205 2514 dissimilia
219 2444 248 2498 id
263 2455 306 2499 est
313 2459 478 2543 ,corporea
493 2447 543 2500 et
535 2463 706 2518 incorporea
721 2441 837 2500 sibimet
850 2465 996 2517 connexa,

2 2532 34 2584 la
49 2529 169 2602 possint
182 2528 372 2584 dissolutmne
387 2530 514 2605 scrungr,
529 2538 561 2582 ut
574 2527 609 2582 do
624 2545 711 2582 carne
723 2525 867 2598 hommrs
882 2547 927 2584 cur
943 2524 995 2584 do
1053 2559 1054 2562 ι
1113 2541 1117 2556 '

1 2631 4 2662 ς
17 2611 287 2682 immortalitatem,
312 2613 530 2686 corruptionem
543 2611 673 2680 auferat,
689 2617 823 2664 naturam
837 2612 995 2686 relinquat,
1029 2653 1033 2658 -

1 2694 188 2771 rgruentiam
200 2691 311 2769 ii'gurac
326 2687 576 2767 membrorumque
596 2692 741 2762 detineat,
769 2689 902 2748 detrahat
921 2687 995 2767 pon-

1 2781 34 2832 ·is
50 2773 239 2830 tarditatem?
266 2775 324 2832 Sed
338 2776 373 2831 dc
385 2777 444 2831 fide
456 2776 683 2832 resurrectionis
696 2783 893 2845 mortuorum,
918 2777 995 2832 etde

1 2860 133 2934 poribus
152 2876 249 2913 eorum
268 2861 478 2916 immortalibus
500 2860 685 2936 diligentius,
712 2859 738 2914 si
756 2851 837 2914 Deus
856 2860 995 2948 volucrit,

1 2943 62 2999 line
75 2941 165 2996 huius
179 2939 281 3016 Operis
299 2942 500 3040 disserendum
514 2951 568 2997 est.

337 3092 459 3150 CAP.
501 3087 665 3147 XIX.

1 3153 61 3242 stra
71 3203 167 3242 corum
177 3185 316 3258 dogmata,
338 3189 384 3258 qui
396 3187 498 3256 prensos
509 3173 637 3250 borsines,
657 3171 682 3239 ii
691 3205 743 3240 non
754 3195 927 3258 peccassent,
948 3186 997 3237 im-

206 3227 337 3310 rnortalbr
343 3257 553 3330 futurosfoissc
563 3274 615 3322 qen
626 3259 745 3324 credunt.

19 3365 112 3423 Nunc
131 3359 166 3420 de
187 3363 364 3439 corporibus
374 3365 534 3436 primorum
551 3361 703 3418 hominum
722 3341 799 3437 quod
818 3361 1000 3418 instituimus
1025 3391 1027 3415 ι

1 3451 154 3532 plicemus:
181 3447 320 3523 quoniam
338 3465 393 3502 nce
408 3463 485 3501 mors
500 3448 557 3502 ista
564 3464 664 3520 ,quae
677 3446 754 3501 bona
765 3443 934 3518 perhibetur
948 3442 999 3498 bo-

1 3571 19 3604 ‚
45 3553 104 3590 nee
122 3542 237 3588 tantum
255 3531 354 3605 paucis
378 3487 610 3612 intelligentibus
632 3530 694 3592 sive
719 3527 921 3597 credentibus,
948 3525 1050 3582 sed

1 3615 96 3673 nribus
110 3611 180 3673 nota
196 3624 251 3684 est,
267 3631 323 3687 qua
337 3611 371 3667 iit
384 3614 497 3674 animae
511 3630 527 3666 ιι
543 3627 664 3685 corpore
678 3611 833 3688 separatio,
847 3627 905 3683 qua
919 3619 999 3670 certe

1 3721 63 3776 rpus
78 3699 255 3766 animantis,
271 3691 348 3770 quod
359 3693 514 3752 evidenter
527 3689 665 3764 ιιίνιΙιι,ιι
685 3690 837 3751 euidenter
852 3693 1002 3762 emoritur,

1 3787 158 3858 potuisset
172 3737 325 3848 acciiere,
346 3779 404 3832 nisi
417 3779 530 3851 pcccati
543 3777 679 3848 meritum
693 3785 873 3850 sequeretur.
906 3775 1001 3832 Licet

1 3869 47 3926 im
52 3872 198 3928 iustorum
213 3881 249 3920 ac
262 3862 376 3936 piorum
390 3861 503 3916 animae
517 3859 740 3932 defunctorum,
767 3859 866 3936 quosl
857 3878 893 3917 ιιι
902 3860 1011 3935 requie

578 3945 716 4031 ¹Co
