2266 4312
210 204 271 264 un
292 173 511 298 'crrrrsrs
535 201 618 260 our
639 201 721 260 mn.
747 203 835 262 xlv.
901 249 909 254 ,,
1017 214 1036 267 9

4 367 81 414 utos
95 377 173 429 esse,
197 345 393 413 scitissimum
406 365 459 420 est.
495 352 554 410 Sed
566 353 695 412 viderint
703 353 868 429 philosophi
881 368 976 432 nitrum
991 363 1037 416 rel

7 460 54 496 nn
66 442 261 496 rationeisto
274 439 450 494 discernunt.
476 439 610 494 Amorem
624 446 720 494 tomen
735 457 784 492 cos
799 440 831 492 in
846 440 933 502 bonis
952 443 1038 496 rebus

5 535 114 600 storga
126 527 227 596 ipsum
241 521 338 578 Deum
349 505 449 598 nrogni
463 520 605 594 pendere,
629 519 697 574 libri
711 539 813 578 eorum
827 524 897 580 sutis
912 524 1038 596 loquun-

6 615 58 666 tur.
84 605 152 661 seu
171 605 342 678 Scripturas
360 605 512 680 religionis
537 611 667 670 nostroe,
692 621 814 677 quorum
837 607 1040 662 auctoritatem

11 690 125 743 coeteris
139 688 414 762 quibusque-literis
429 683 653 759 anteponimus,
678 704 738 740 non
756 686 835 742 uliud
849 686 947 742 dicere
961 706 1042 758 puro,

12 788 75 841 reu,
88 771 167 827 aliud
181 771 429 832 dilectionemrel
444 757 604 838 caritatem,
618 768 828 830 insinuandum
840 768 904 832 fuit.
922 763 997 826 Nem
1011 780 1041 826 ct
1112 789 1114 802 ’

16 863 129 908 rnorem
142 855 174 908 iu
189 853 268 907 bono
283 852 356 922 dici,
374 853 434 906 iam
447 850 638 916 ostendimus,
669 849 728 906 Sed
746 867 783 906 ne
801 853 865 926 quis
879 854 1040 922 existimet,

19 953 129 992 sorerem
142 935 263 1010 quidem
277 937 351 990 etin
363 935 439 992 b'ono
453 943 483 988 et
495 935 526 990 iu
539 935 629 1006 ululo,
654 932 842 994 dilectionem
863 945 960 1000 autem
979 949 1040 991 non
1093 975 1097 982 ·

20 1020 68 1072 uisi
78 1019 196 1082 inbono
211 1037 277 1082 esso
291 1017 459 1094 dicendam,
469 1017 541 1072 illud
554 1012 687 1088 attendet
698 1017 777 1089 quod
790 1019 820 1072 in
834 1017 949 1074 Psalmo
966 1020 1041 1074 scri-

21 1109 86 1172 ptun
97 1111 155 1157 est:
190 1093 256 1168 xQui
269 1110 366 1158 autern
383 1099 485 1173 diligit
502 1101 704 1173 iniquitatem,
728 1101 790 1156 ertit
805 1103 933 1160 unimam
947 1119 1040 1158 sunem.

22 1179 125 1239 Etillud
137 1185 270 1257 Apostoli
284 1181 419 1238 loannis:
446 1180 482 1238 Si
495 1183 564 1256 quic
573 1181 679 1238 ditescit
692 1183 844 1253 inondum,
864 1203 920 1239 nen
935 1195 980 1240 est
994 1186 1040 1240 di-

21 1264 93 1322 lectio
106 1265 212 1329 Petris
227 1269 259 1321 in
272 1285 313 1324 co.
334 1265 412 1340 Ecce
425 1263 484 1319 uno
499 1267 563 1318 loco
578 1263 696 1318 dilectio
713 1273 741 1318 et
756 1265 877 1322 inbono
892 1275 921 1320 et
934 1268 964 1322 in
978 1286 1040 1336 rnu-

15 1347 49 1408 30·
67 1349 200 1404 Amorem
212 1346 309 1408 nutem
322 1349 354 1404 in
369 1349 461 1422 mulo,
482 1343 562 1421 (qnia
575 1347 607 1402 in
620 1345 696 1402 bono
710 1348 769 1401 ium
782 1342 987 1428 ostendimus)
997 1341 1041 1416 ¹ne

16 1433 155 1506 quisquam
168 1429 295 1507 flagitet,
309 1432 389 1506 leget
399 1429 475 1504 quod
486 1430 625 1500 scriptum
639 1437 696 1484 cst:
712 1427 811 1484 Erunt
824 1433 900 1486 enim
912 1429 1041 1490 borsines
1099 1439 1111 1457 ⁸

21 1529 45 1568 te
55 1515 289 1590 ipsorummet,
302 1523 453 1584 ornatores
461 1513 617 1588 pecunius.
631 1509 724 1580 Recto
736 1512 833 1584 itoquc
845 1515 981 1569 voluntas
997 1525 1046 1580 est

21 1594 97 1651 bonus
111 1615 204 1666 amor,
220 1605 250 1650 et
263 1597 400 1667 veluntus
414 1612 551 1666 perverso
564 1596 657 1648 melus
671 1611 761 1649 umor.
805 1595 894 1650 Amor
910 1614 980 1671 crgo
994 1598 1041 1650 in·
1056 1599 1058 1604 ‘

18 1673 87 1734 hians
99 1678 207 1753 hebere
221 1677 297 1753 quod
310 1687 433 1748 onrutur,
448 1675 590 1749 cupiditas
605 1686 664 1745 est3
678 1675 707 1732 il
721 1685 817 1730 nutem
827 1674 937 1732 habens
951 1697 1041 1752 eoque

18 1759 113 1832 truens,
127 1763 243 1832 laetitio
256 1770 314 1816 est:
329 1759 445 1836 fugiens
457 1758 534 1832 quod
544 1759 572 1812 ei
582 1759 765 1827 antennor,
781 1760 869 1814 timor
883 1770 941 1826 est3
956 1759 1042 1833 idque
1076 1775 1077 1780 ’

10 1842 348 1913 ιίαεοίᾶοῐίῑέοηῒὶοῃε,
375 1845 563 1897 tristitioost.
599 1839 727 1896 Proinde
743 1843 819 1898 malo
838 1851 908 1920 sunt
921 1844 1003 1912 istor
1016 1845 1042 1898 si
1080 1897 1083 1908 χ

16 1929 94 2002 molus
108 1937 154 1983 cst
167 1941 266 1996 un10r3
288 1926 375 1996 bono,
395 1927 420 1980 si
435 1926 537 1982 bonus.
570 1923 655 1996 Quod
670 1923 810 1995 dicimus,
833 1923 1041 1998 descriptoris

13 2001 165 2082 probemus.
190 2008 381 2082 Concupiscit
392 2008 547 2082 Apostolus
563 2007 694 2076 dissolvi,
716 2016 746 2062 et
759 2026 824 2062 esse
839 2027 903 2064 eum
916 2006 1041 2064 Christo.

14 2089 62 2160 Et,
84 2092 261 2168 Concupiuit
275 2094 375 2160 enimc
388 2110 452 2148 nceu
467 2087 640 2146 desiderare
660 2090 773 2158 iudicio
792 2101 863 2162 tun:
875 2143 879 2150 ,
890 2093 938 2146 vel
952 2093 978 2146 si
991 2110 1041 2145 uc-

16 2177 213 2232 commodatius
228 2175 349 2243 dicitur,
377 2172 572 2230 Desideravit
586 2174 685 2248 eninm
699 2191 763 2236 meu
777 2177 982 2250 concupiscere
996 2177 1042 2230 iu·
1102 2237 1104 2248 Ι

4 2257 84 2316 ticio
96 2270 159 2318 tun.
191 2255 247 2328 Et,
264 2256 509 2332 Concupiscentia
522 2256 689 2330 sapientius
697 2257 839 2330 perducit
858 2259 898 2314 od
910 2277 1041 2332 regnunt.

16 2335 69 2396 lloc
87 2331 185 2398 teroem
204 2338 341 2414 loquendi
364 2339 493 2394 obtinuit
516 2337 713 2407 consuetudo,
738 2347 771 2392 ut
789 2341 814 2394 si
834 2341 975 2414 cupiditas
996 2342 1042 2410 vol

17 2426 241 2498 concupiscentie
260 2422 390 2492 dicetur,
408 2439 464 2476 nco
482 2417 605 2480 addatur
626 2422 707 2476 cuius
726 2423 771 2474 roi
790 2425 844 2493 sit,
865 2443 924 2478 non
939 2425 996 2478 uisi
1010 2425 1041 2478 in

13 2509 79 2562 ursio
91 2510 185 2581 possit
198 2506 335 2581 intelligi
356 2502 480 2559 Laetitia
493 2505 523 2557 in
539 2504 615 2558 bono
631 2511 689 2557 est:
714 2501 884 2564 Luctunrini
897 2508 926 2561 in
939 2505 1043 2562 Domi-

17 2605 60 2657 no,
78 2602 104 2646 et
117 2589 271 2648 exsultate
286 2589 368 2643 iusti.
394 2585 443 2656 Et,
460 2584 584 2643 Dedisti
596 2585 745 2640 iustitium
755 2587 789 2639 -in
803 2605 853 2640 cor
867 2606 967 2644 rreum..
993 2589 1042 2657 Et,

18 2669 183 2749 ,llinpiebis
198 2691 243 2730 mc
257 2670 377 2728 iustitio
391 2688 454 2728 cunc
467 2669 551 2726 vultu
564 2678 624 2726 tuo.
659 2664 762 2734 Timor
775 2667 896 2738 inbono
911 2680 954 2724 est
968 2672 1042 2744 apud

16 2752 186 2824 Apostolum,
210 2754 261 2810 ubi
278 2753 334 2808 uit:
366 2751 436 2810 Cum
456 2753 561 2806 timore
580 2761 609 2808 et
628 2760 754 2828 tremore
767 2761 897 2806 cestrum
912 2752 1042 2827 ipsorum

19 2835 131 2894 solutori
141 2837 317 2914 operamini.
339 2834 388 2906 Et,
402 2831 472 2890 Noli
484 2833 577 2888 ultum
587 2850 705 2914 supere,
719 2834 772 2889 scd
785 2835 863 2888 time.
877 2831 926 2902 Et,
944 2833 1074 2910 Tinreog

18 2919 113 2990 cutem,
132 2913 176 2996 ne
190 2921 269 2978 sicut
283 2935 409 2994 serpens
420 2915 514 2982 Erum
529 2917 648 2972 seducit
667 2918 783 2974 astutio
797 2933 867 2983 sua,
894 2917 937 2972 sic
952 2919 980 2970 c't
993 2935 1042 2972 re-

19 3011 86 3058 strae
102 3013 215 3060 montes
239 3009 469 3076 corrumpuntur
484 3017 502 3053 u
516 2999 675 3066 castitate,
703 3008 838 3072 quaeest
858 3000 889 3056 in
913 2995 1041 3056 Christo.

20 3078 56 3136 De
66 3087 184 3141 tristitia
197 3102 280 3152 vero,
296 3101 382 3156 quom
393 3081 495 3138 Cicero
506 3081 599 3156 magis
611 3080 826 3158 aegritudinem
839 3083 975 3155 appellnt,
990 3079 1041 3134 do-

21 3163 94 3223 lorem
106 3179 203 3223 nutem
217 3165 377 3242 Virgilius,
399 3165 518 3233 ubisit,
542 3161 652 3218 Dolent
666 3162 869 3239 gaudentque,
896 3161 961 3236 (sod
975 3157 1040 3216 ideo

20 3249 92 3304 osui
110 3250 264 3310 tristitiom
282 3247 394 3317 dicere,
422 3247 489 3320 quio
509 3245 662 3322 aegritudo
682 3247 735 3304 vel.
748 3247 831 3303 dolor
854 3247 992 3302 usitatius
1010 3246 1062 3314 in·

22 3333 171 3403 torporibus
188 3327 332 3406 dicitur),
358 3330 555 3406 scrupulosior
569 3330 700 3404 quaestio
719 3337 778 3398 est,
801 3339 901 3388 utrum
913 3328 1042 3386 inveniri

20 3415 138 3479 postitio
152 3415 240 3473 bono.
603 3447 604 3450 =

272 3547 277 3558 ,.
347 3493 508 3556 ,CAR
551 3491 709 3552 v111.'

23 3580 57 3636 De
65 3593 144 3644 tribur
152 3591 418 3660 perturbationibus,
438 3607 504 3658 qum
515 3589 543 3642 in
554 3590 643 3642 animo
654 3588 783 3656 sapientis
795 3585 881 3640 Stoici
891 3585 1042 3638 esseeoiuc·

25 3667 82 3720 rmt,
92 3665 194 3714 exstruo
206 3663 294 3714 dolore
305 3661 359 3712 sice
367 3661 497 3723 tristitia,
508 3653 1041 3730 picemvirtusarriruisentirerrorrdeiect.

33 3785 35 3792 ‹
76 3750 147 3814 Quos
162 3753 242 3808 enim
255 3750 360 3806 Gracci
374 3752 520 3824 appellant
534 3741 704 3816 εὐπαθείας,
714 3745 823 3824 ΙΙιῑιῐίιιιε
833 3756 926 3823 eutem
938 3742 1041 3798 Cicero
1129 3815 1132 3818 ι

31 3836 186 3912 ltnstsntias
201 3834 382 3903 nominavit,
394 3869 398 3876 ,
409 3831 505 3888 Stoici
517 3839 576 3888 tres
596 3848 660 3884 osse
680 3831 852 3900 voluerunt,
878 3847 930 3902 pro
948 3826 1040 3883 tribus
1101 3828 1105 3868 ἰ
