2362 4312
77 195 79 204 ‘
137 205 176 258 ιι
268 222 279 246 1
353 161 946 300 ιιιιιιιιιιιιιιιιιιιιιιιιι
1022 211 1073 296 ,ι

137 353 309 426 „miliares,
335 367 431 424 neque
457 349 529 404 alios
555 345 653 423 patiI‘t
697 347 779 404 Dicit
793 349 995 424 deiudcplura
1008 349 1165 410 Sallustius

118 417 172 508 ,dc
185 434 284 512 Syllae
310 434 390 493 vitiis
417 437 591 506 caeteraque
609 430 749 489 foeditate
767 433 960 507 reipublicae:
987 437 1082 492 etalii
1096 439 1165 492 scri-

136 530 236 610 ptores
248 521 282 575 in
294 513 368 573 haec
383 517 588 614 consentiunt,
600 516 733 590 quamvis
746 516 862 591 eloquio
876 518 1021 576 multum'
1011 522 1127 593 impari.

121 607 123 619 ’
200 601 305 660 Cernis
318 610 432 671 tamen,
457 608 493 654 ut
506 599 628 674 opinor,
644 609 674 654 et
687 599 820 674 quisquis
834 583 1010 672 adverterit,
1031 601 1167 668 facillime

30 699 33 704 “
136 688 276 764 perspicit
301 684 426 741 colluvie
450 701 565 740 morum
576 684 771 780 pessimorum
783 699 841 756 quo
855 684 906 740 illa
920 673 1023 744 civitas
1036 671 1167 761 prolapsa

114 793 121 802 ,
138 773 246 840 fuerit,
272 777 341 824 ante
354 766 451 824 nostri
464 784 586 841 superm
577 765 690 844 Regis
704 765 872 825 adveutum.
914 765 998 824 Haec
1020 771 1102 838 eninr
1120 791 1167 847 gc·

139 865 184 912 sta
198 861 268 910 sunt
281 869 340 933 non
354 851 449 908 solum
462 859 620 924 antequam
626 849 781 915 Christus
772 868 804 905 ιιι
815 868 904 906 carne
914 869 1056 926 praesens
1067 852 1167 909 docere

91 961 93 964 ·
133 937 300 1012 coepisset,
313 934 520 993 verumetiam
532 942 689 1009 antequam
701 933 737 990 de
750 934 868 1012 virgine
881 943 968 990 natus
983 945 1082 1000 essct„
1100 935 1168 994 Cum

90 1043 92 1048 ’
137 1013 235 1099 igitur·
248 1027 293 1082 tot
311 1027 341 1075 et
353 1026 437 1076 tanta
448 1018 525 1074 mala
537 1025 702 1092 temporum
714 1019 834 1074 illorum
844 1019 894 1074 vel
906 1019 1110 1076 tolerabiliora
1124 1039 1167 1076 su·

137 1105 253 1180 parius,
276 1103 324 1158 rel
336 1111 403 1177 post
416 1103 549 1158 eversam
561 1099 770 1198 Carthaginem
782 1100 967 1162 intoleranda
982 1111 1012 1158 et
1024 1100 1169 1160 horrenda

139 1187 194 1250 diis
208 1189 270 1244 suis
283 1187 427 1261 imputare
440 1205 502 1242 non
521 1182 664 1256 audeant,
689 1185 842 1262 opiniones
858 1181 994 1260 humanis
1014 1188 1168 1258 mentibus,

68 1285 70 1294 ·
138 1271 217 1328 undo
243 1270 316 1328 talia
340 1271 413 1326 vitia
439 1271 649 1344 silvescerent,
674 1268 805 1346 maligna
822 1269 935 1326 astutia
956 1270 1168 1340 inserentibus,

139 1373 193 1411 cur
210 1356 286 1410 mela
298 1354 466 1428 praesentia
479 1345 596 1413 Christo
609 1353 769 1425 imputant,
796 1352 848 1426 qui
866 1350 1001 1416 doctrina
1014 1347 1167 1410 saluberri-

48 1469 49 1476 ι
138 1456 187 1494 rina
200 1446 231 1493 et
243 1437 334 1496 falsos
348 1455 383 1493 ac
397 1436 516 1492 fallaces
531 1434 608 1492 deos
616 1436 672 1491 coli
686 1443 783 1505 votat,
810 1443 840 1490 et
855 1436 928 1496 istas
942 1433 1097 1508 hominum
1121 1456 1168 1493 no-

81 1579 82 1582 ,
138 1524 205 1578 xias
226 1519 450 1598 flagitiosasque
469 1517 645 1594 cupiditates
661 1517 761 1574 divina
774 1520 951 1574 auctoritate
965 1501 1117 1584 detestans
1130 1530 1168 1575 at·

58 1641 60 1646 ,
140 1625 197 1680 que
224 1604 439 1675 condemnans,
465 1601 511 1658 his
524 1603 609 1660 malis
628 1598 791 1675 tabescenti
804 1601 962 1668 aclabeuti
984 1602 1097 1659 mundo
1112 1605 1169 1660 ubi·

38 1698 45 1712 ²
141 1708 198 1765 que
211 1689 352 1746 familiam
366 1705 450 1744 suam
462 1687 573 1747 sensim
586 1684 747 1756 subtrahit,
774 1703 832 1759 qua
845 1675 953 1750 condat
965 1675 1133 1751 acternam,
1139 1695 1170 1742 'cr

140 1793 200 1830 non
220 1775 326 1848 plausu
348 1771 506 1892 vanitatis,
530 1769 585 1826 sed
599 1769 709 1884 iudicio
721 1769 856 1832 veritatis
869 1769 1115 1846 gloriosissimam
1128 1769 1169 1827 Ci-

19 1903 39 1938 4
138 1852 285 1913 vitatemi

526 1921 647 1997 cta
689 1931 853 1996 XIX.

140 2018 183 2072 De
193 1991 365 2086 corruptione
375 2017 514 2070 Romanae
524 2015 688 2158 reipublice?
694 2015 775 2084 prius
784 2030 864 2086 qaam
874 2017 976 2074 cultam
988 1995 1168 2074 deoramChri

561 2102 573 2136 s
589 2101 619 2137 aa
629 2103 665 2137 aa
681 2095 763 2140 erret

179 2194 282 2256 Ecce
295 2179 428 2252 Romana
452 2179 618 2267 respublica
641 2190 735 2268 (quod
747 2211 807 2250 non
822 2211 877 2280 ego
891 2169 1004 2270 primus
1018 2173 1100 2268 dico,
1126 2195 1169 2251 scd

141 2289 276 2350 auctores
291 2297 393 2334 eorum
405 2275 487 2333 unde
496 2273 569 2332 haec
581 2276 716 2334 mercede
730 2275 901 2348 didicimus,
927 2287 1011 2335 tanto
1038 2291 1107 2348 apte
1131 2279 1168 2334 di·

141 2371 252 2419 xerunt
263 2360 460 2420 antechristi
468 2360 636 2428 ιιᾱιιιιιιιιιιι)
661 2361 802 2434 paulatim
825 2370 954 2434 mutata,
981 2380 1019 2418 ex
1041 2361 1167 2439 pulcher·

140 2449 216 2504 rima
240 2455 331 2521 atque
358 2446 481 2519 optima,
506 2445 634 2518 pessima
659 2441 1004 2522 atquallagitiosissima
1029 2448 1110 2504 facta
1123 2457 1170 2524 cst.

5 2576 7 2590 .
38 2597 39 2602 η
139 2529 302 2592 Ecceante
315 2527 427 2586 Christi
440 2525 614 2598 adsensun,
627 2537 694 2602 post
707 2527 832 2588 deletam
845 2525 1072 2606 Carthaginem,
1086 2527 1169 2587 maio-

140 2633 207 2671 rum
220 2630 334 2682 mores,
359 2631 420 2669 non
433 2611 590 2686 paulatim,
610 2619 758 2682 mantea,
773 2610 824 2666 sed
838 2615 979 2668 torrentis
991 2615 1079 2672 modo
1092 2607 1170 2688 prae-

141 2699 271 2773 cipitati,
300 2697 372 2753 adeo
387 2697 527 2752 iuventus
541 2697 615 2751 luxu
626 2703 718 2769 atque
731 2695 855 2752 avaritia
869 2697 1009 2770 corrupta
1023 2708 1078 2754 est.
1122 2696 1168 2754 Le

138 2790 215 2859 gant
227 2781 311 2844 nobis
326 2789 431 2835 contra
442 2780 547 2837 luxum
556 2787 587 2833 et
596 2779 749 2835 avaritiam
758 2787 914 2856 praecepta
922 2778 1046 2844 deorum
1057 2799 1171 2838 suorum

140 2861 486 2939 populoRomauodata.·
528 2861 586 2934 Cui
610 2864 724 2918 utinam
747 2870 864 2920 tantum
890 2873 972 2928 casta
998 2874 1028 2920 et
1045 2864 1171 2924 modesto

140 2949 318 3017 reticerent,
344 2965 379 3002 ac
392 2964 454 3002 nou
467 2948 556 3004 ctiam
569 2945 604 3004 ab
618 2947 668 3002 illa
682 2945 822 3020 probrosa
844 2955 874 3002 et
899 2948 1100 3024 ignominiosa
1128 2947 1171 3006 dc-

140 3039 312 3106 posoerent,
335 3031 438 3104 quibus
451 3049 504 3106 per
516 3031 620 3086 salsam
633 3029 817 3086 divinitatem
828 3032 1024 3104 perniciosam
1038 3034 1171 3090 concilia

140 3124 209 3184 rent
222 3115 438 3170 auctoritatem,
451 3113 568 3192 lingant
581 3121 694 3185 nostra,
708 3122 738 3174 at
749 3132 801 3187 per
814 3111 986 3187 Prophetas,
1001 3123 1031 3172 ct
1042 3135 1095 3190 per
1109 3134 1170 3172 san·

142 3195 477 3276 ctumEnangolinm-,ot
486 3197 835 3273 parapostoucoshctus,
851 3196 1105 3272 etperEpistolus,
1120 3209 1172 3256 tam

24 3277 37 3290 ²
140 3281 232 3342 multa
246 3291 349 3337 contra
362 3284 517 3340 avaritiam
530 3292 618 3356 atque
635 3281 797 3351 luxuriam,
824 3281 931 3354 ubique
945 3284 1059 3356 populis
1074 3281 1173 3340 adhoc

141 3367 350 3442 congregetis,
373 3385 460 3441 quam
474 3366 669 3434 excellenter,
683 3381 769 3438 quam
782 3363 898 3434 divine,
913 3383 973 3421 nan
987 3374 1128 3442 tanquam
1141 3381 1173 3420 cx

141 3446 378 3523 philosophorum
390 3447 658 3506 concertationibus
673 3455 826 3522 strepere,
842 3447 1046 3523 sedltanquam
1060 3467 1098 3505 ex
1112 3467 1171 3506 ora

142 3531 215 3586 calis
230 3540 260 3586 et
273 3530 332 3587 Dei
344 3533 469 3588 nubibus
483 3532 627 3586 intonare.
671 3527 712 3586 Et
724 3539 823 3590 tamea
840 3531 913 3588 luxu
939 3541 1026 3607 atque
1053 3533 1172 3590 avaritia

142 3616 295 3690 saevisque
309 3634 344 3670 ac
353 3615 489 3688 ‘turpibus
503 3613 631 3670 moribus
644 3623 713 3669 ante
727 3612 885 3670 adventum
899 3613 1010 3672 Christi
1020 3617 1169 3692 rempubli-

37 3713 39 3718 ’
142 3714 206 3751 cam
217 3699 373 3771 pessimam
386 3695 694 3774 aoflagitiosissimam
718 3696 842 3776 factam,
865 3717 925 3756 non
952 3701 1098 3772 imputant
1122 3699 1171 3756 diis

142 3779 219 3834 auis:
246 3779 436 3836 afflictionem
446 3799 523 3838 -rero
538 3779 618 3850 eius,
645 3797 847 3856 quotacunque
860 3783 917 3840 isto
930 3791 1060 3856 tempore
1076 3800 1171 3858 super·

143 3862 189 3920 bia
203 3862 497 3934 deliciacaaeeor'am
516 3881 669 3941 perpessae
684 3862 809 3936 fuerint,
836 3861 975 3943 religioni
1000 3868 1171 3934 increpitant
