2400 4312
4 261 6 268 .
129 219 217 296 aas*
342 209 457 306 nrm
476 209 668 272 *evasum
693 207 959 272 nvcvsmm

481 362 604 422 cna.
639 361 809 423 xxxv.
892 326 912 406 s
980 313 984 326 ⁸

96 511 104 515 ..
137 461 174 516 De
185 459 386 532 hydromantia,
401 477 453 528 per
462 477 541 528 quam
552 457 658 524 Noram,
678 443 743 512 cisio
757 459 914 530 quibusdam
928 463 1082 517 daemonum
1095 465 1151 518 ima·

410 589 413 596 ,
469 530 587 599 ginibus,
610 531 812 600 letdtficcbatpr.
841 585 842 588 ,

121 677 126 704 ,
192 621 311 679 Names
328 621 390 694 ipse
403 619 512 690 Numa,
538 613 575 675 ad
592 634 677 696 quem
694 622 791 694 nullus
810 619 869 677 Dei
884 620 1039 696 propheta,
1065 626 1152 681 nullus

135 716 252 774 sanctus
271 703 401 786 Angelus
420 699 605 775 mittebatur,
632 700 867 779 hydromantiam
884 706 982 761 iacere
998 710 1152 782 compulsus

134 783 196 861 est,
212 790 289 844 utin
303 805 377 862 aqua
389 783 503 843 videret
514 787 661 864 imagines
669 775 799 858 deorum,
813 791 859 844 vcl
875 791 972 861 potius
986 783 1152 847 ludificatio·

133 863 390 941 nes'daemonum,
404 889 422 926 a
435 864 538 944 quibus
551 871 680 943 audiret,
695 871 763 946 quid
775 872 807 926 in
821 874 911 927 sacris
925 865 1103 930 constituere
1116 883 1151 929 at-

134 973 189 1030 quc
206 956 362 1011 observare
383 954 509 1010 deberet.
552 953 641 1020 Quod
654 965 747 1032 genus
766 954 956 1012 divinationis
975 955 1052 1012 idem
1070 956 1152 1012 Varro

125 1052 150 1090 a
163 1039 260 1094 Persis
274 1035 347 1093 dicit
359 1037 495 1108 allatum,
518 1044 619 1112 quaet
631 1039 727 1112 ipsum
738 1037 876 1108 Numam,
896 1047 927 1093 ct
938 1049 1041 1113 postea
1054 1037 1151 1115 Pytha-

134 1139 236 1200 goram
247 1120 448 1196 philosophum
457 1133 540 1176 usum
552 1120 643 1176 luisse
656 1131 875 1178 commemorat:
888 1120 939 1195 uhi
951 1121 1082 1180 adhibito
1095 1137 1151 1179 san-

136 1208 225 1285 guine
239 1207 326 1260 etiam
338 1203 450 1260 inferos
459 1197 591 1278 perhibet
604 1205 764 1275 sciscitari‘3
779 1214 809 1260 et
822 1205 1040 1283 rinpopovra'av
1053 1207 1152 1262 Graece

28 1337 31 1340 .
49 1349 50 1352 Ἴ
136 1290 206 1346 dicit
218 1289 333 1359 vocari,
352 1305 427 1362 quse
440 1289 503 1344 sive
515 1283 734 1362 hydromantia,
748 1289 811 1343 sire
824 1291 1026 1346 necromantia
1038 1289 1151 1361 dicatur,

137 1373 262 1446 idipsum
275 1381 335 1443 est,
359 1372 410 1427 ubi
422 1369 559 1428 videntur
573 1373 680 1440 mortui
694 1371 837 1427 divinare.
881 1373 993 1438 Quibus
1007 1372 1078 1430 hacc
1091 1375 1150 1429 arti·

9 1473 12 1484 “
127 1457 189 1512 bus
203 1455 291 1526 fiant,
305 1453 360 1529 ipsi
372 1451 510 1512 viderint.
548 1454 623 1511 Nolo
637 1457 716 1510 enim
727 1451 824 1510 dicere
837 1453 889 1510 has
903 1465 981 1512 artes
995 1459 1083 1512 etiam
1095 1466 1151 1512 ante

136 1529 232 1596 noemi
247 1537 407 1596 Salvatoris
420 1539 577 1596 adventum
589 1539 620 1593 in
634 1539 704 1612 ipsis
719 1539 885 1594 ciuitatibus
904 1541 1039 1617 gentium
1051 1541 1150 1618 legibus

137 1624 232 1686 solere
244 1621 400 1698 prohiberi,
415 1632 445 1678 et
457 1639 550 1697 poena
563 1623 746 1678 severissima
759 1623 913 1678 vindicari.
932 1621 1025 1694 Nolo,
1035 1626 1148 1698 inquam,

15 1699 17 1702 ¹
112 1735 114 1738 ·
136 1706 191 1762 hoc
205 1707 316 1763 dicore:
342 1705 475 1762 fortassis
490 1707 567 1764 enim
581 1707 651 1760 tolia
663 1715 735 1761 tunc
748 1706 884 1762 licebant.
925 1703 983 1761 llis
1003 1715 1099 1762 tamen
1111 1723 1148 1761 ar-

135 1791 212 1847 tibus
226 1790 327 1846 didicit
341 1807 424 1845 sacra
436 1791 487 1845 ille
499 1787 671 1862 Pompilius,
699 1801 823 1864 quorum
841 1797 991 1846 sacrorum
1008 1789 1085 1846 iacta
1094 1808 1147 1864 pro-

136 1873 225 1946 didit,
250 1891 352 1930 causes
366 1874 477 1942 obruit3
503 1873 545 1927 ita
563 1873 661 1928 timuit
679 1881 708 1928 ct
727 1873 789 1946 ipre
806 1873 883 1946 quod
901 1872 1017 1930 didicitt
1044 1889 1147 1948 quamn

124 1947 290 2014 'causarum
306 1955 436 2031 proditos
454 1955 545 2010 libres
568 1964 685 2011 senatus
711 1956 852 2011 incendit.
895 1957 972 2022 Quid
996 1955 1067 2012 mihi
1092 1973 1147 2032 crgo

125 2040 229 2097 ‘Varro
244 2041 362 2096 illorum
374 2031 524 2094 sacrorum
536 2039 608 2094 alias
617 2039 723 2094 ,nescio
737 2055 808 2112 quus
822 2053 925 2094 causas
938 2042 1021 2096 velut
1030 2039 1147 2115 physicos

85 2159 86 2162 =
136 2127 362 2197 interpretatum
388 2121 504 2196 quales,
529 2123 555 2176 si
573 2121 640 2178 libri
657 2121 701 2177 illi
719 2120 901 2192 habuissent,
927 2121 988 2179 uon
1001 2125 1101 2198 utiquc
1112 2139 1148 2177 ar·

137 2208 261 2276 sissent3
288 2214 340 2259 aut
354 2212 384 2258 et
395 2206 467 2258 istos
481 2202 623 2260 Varronis
637 2204 673 2260 ad
687 2205 839 2262 Caesarem
851 2206 1020 2278 pontificem
1039 2209 1147 2280 scriptos

95 2385 97 2388 ·
135 2383 175 2450 'go
189 2389 295 2445 aquam
309 2371 460 2446 egesserit,
474 2370 503 2426 id
516 2367 570 2442 cst,
584 2373 783 2444 exportaverit
793 2371 888 2428 Numa
900 2371 1072 2447 Pompilius,
1085 2367 1149 2428 unde

77 2519 81 2534 l
137 2451 371 2530 hydromantiam
384 2452 509 2526 faceret,
527 2454 599 2510 idco¹
607 2454 770 2530 Nymphum
782 2455 940 2531 Aegeriam·
951 2458 1105 2534 coniugem
1116 2454 1149 2510 di·

137 2540 215 2595 citur
227 2534 376 2608 habuisse,
391 2533 630 2611 quemadmodum
644 2539 675 2594 in
688 2538 854 2612 supradicto
868 2539 942 2594 libro
956 2538 1097 2597 Varronis
1109 2555 1149 2594 cr·

137 2622 264 2696 ponitur.
307 2619 351 2676 lte
369 2622 447 2676 enim
464 2624 560 2678 solent
572 2637 620 2677 res
633 2632 734 2700 gestae
747 2621 935 2695 adspersione
947 2622 1150 2679 mendaciorum

126 2707 169 2760 'in
182 2703 293 2760 fabulas
305 2706 392 2760 vorti.
435 2704 469 2761 ln
483 2707 534 2761 illa
551 2706 644 2782 igitur
661 2705 864 2781 hydromantia
882 2707 1098 2762 curiosissimus
1113 2707 1151 2762 ille

137 2805 191 2843 rex
204 2787 351 2844 Romanus
366 2798 396 2844 et
410 2805 492 2845 sacra
506 2787 623 2859 didicit,
644 2805 718 2863 quae
730 2791 762 2846 in
776 2789 859 2844 libris
873 2791 934 2844 suis
945 2790 1099 2864 pontifices
1111 2787 1152 2844 ha·

137 2871 254 2943 berent;
266 2879 296 2926 et
309 2891 410 2928 eorum
423 2889 536 2942 causas,
551 2889 621 2946 quas
635 2881 752 2946 praeter
765 2890 799 2928 se
811 2873 959 2928 neminem
970 2875 1049 2930 scire
1062 2874 1153 2930 voluit.

137 2951 237 3030 ltaque
259 2973 307 3010 cas
329 2973 461 3032 seorsum
475 2956 605 3029 ,scriptas
629 2973 727 3010 secum
745 2954 869 3030 quodam
887 2955 973 3012 modo
992 2957 1154 3027 surriserit,

122 3032 252 3113 'quando
269 3039 311 3094 ita
329 3036 539 3095 subtrahendas
558 3037 710 3095 hominum
725 3040 848 3095 notitiae
860 3039 1101 3116 sepeliendasque
1112 3057 1156 3100 eur

135 3124 221 3178 ravit.
264 3121 324 3178 hut
336 3139 408 3200 ergo
421 3121 596 3178 daemonum
608 3124 669 3178 aaa
682 3132 742 3179 tam
755 3122 888 3178 sordidac
907 3132 937 3180 et
954 3126 1065 3180 noxiae
1084 3123 1156 3197 cupi-

137 3204 242 3262 ditates
260 3214 345 3260 erant
364 3207 566 3278 conscriptae,
590 3214 624 3262 ut
642 3223 680 3263 ex
697 3205 743 3262 his
761 3215 823 3262 tota
840 3207 891 3262 ills
907 3204 1057 3286 theologia
1071 3207 1158 3265 civilis

136 3291 224 3344 ctiam
237 3288 312 3364 apud
325 3291 397 3344 tales
410 3288 542 3344 homines
556 3289 743 3346 exsecrabilis
756 3298 924 3365 appareret,
938 3292 990 3365 qui
1002 3301 1064 3347 tarn
1076 3293 1160 3348 malta

136 3374 169 3430 in
186 3374 256 3446 ipris
278 3372 368 3428 sacris
386 3367 584 3431 erubescenda
602 3383 802 3448 susscepersnt3
828 3381 880 3429 aut
901 3373 946 3430 illi
971 3391 1073 3431 omncs
1093 3373 1183 3434 nihil·

23 3518 32 3526 ,
137 3456 215 3532 aliud
228 3473 314 3530 quam
326 3454 462 3518 hominos
472 3447 582 3512 mortui
593 3453 801 3534 prodebantur,
815 3473 891 3532 quos
899 3467 962 3513 tam
971 3445 1083 3532 prolixi
1093 3469 1160 3515 tem·

136 3539 214 3613 poris
227 3548 372 3596 vetustate
385 3539 447 3595 fere
461 3558 560 3596 omnes
572 3542 669 3615 populi
681 3543 813 3620 gentium
822 3539 893 3598 deos
906 3543 1089 3598 immortales
1098 3558 1161 3604 ,esse

137 3621 335 3679 crediderant:
361 3641 429 3680 cum
442 3633 473 3679 ct
484 3623 590 3680 talibus
604 3626 693 3680 sacris
707 3624 795 3680 iidem
807 3625 851 3680 illi
864 3624 1021 3681 daemones
1035 3625 1161 3683 oblocu-

139 3713 268 3775 rentur,
283 3707 333 3778 qui
345 3723 376 3762 ue
390 3707 527 3762 colendos
540 3723 593 3780 pro
606 3709 677 3781 ipsis
689 3709 829 3778 mortuis,
844 3725 915 3782 quos
928 3709 997 3764 deus
1010 3713 1108 3784 putari
1122 3710 1162 3766 le-v

139 3795 242 3842 corant
255 3787 423 3860 quibusdam
435 3790 584 3846 fallacium
596 3791 802 3860 miraculorum
820 3793 1073 3864 causationibus,
1100 3811 1164 3868 sup·

133 3869 297 3945 ponebant.
335 3869 395 3940 ‚seu
409 3875 523 3930 occulta
535 3872 594 3930 Dei
606 3873 670 3930 veri
680 3873 864 3948 providentia
882 3875 991 3945 lactum
1004 3886 1065 3954 est,
1092 3888 1126 3934 ut
1139 3881 1166 3932 ct
