2310 4306
156 209 217 270 DE
236 199 455 284 'ClVlTAl'li
479 211 558 269 DEI
580 211 666 302 lolli.
689 212 787 270 XIX.
926 167 984 278 dli
1059 207 1068 212 ”

22 367 63 421 lo
83 364 261 421 adiuvandas
281 381 344 418 essc
363 362 524 420 credamus.
559 362 606 419 llli
625 373 722 420 autem
741 366 791 439 qui
809 368 910 424 insisto
925 369 984 424 vita
1043 365 1046 372 ²

23 447 26 456 ’
41 449 185 523 bonorum
198 448 384 502 etmalorum
398 465 462 502 esse
473 457 662 520 putaverunt,
676 449 739 504 sive
752 450 784 504 in
797 467 929 522 corpore,
943 453 983 504 si-

22 551 33 590 ι,
53 533 163 600 animo,
177 530 239 594 sive
253 531 285 584 in
298 539 421 603 utroque
434 539 576 602 ponentes
590 519 982 606 sumnrnmbonun131atque

22 659 23 665 ,
44 615 215 689 explicatius
229 615 360 686 eloquar,
374 613 480 668 sivein
495 615 654 686 voluptate,
668 613 731 669 sive
744 614 776 669 in
789 615 908 684 virtute,
923 617 986 670 sirc

22 711 136 771 maquo3
150 697 257 752 sivein
271 695 380 769 quiete,
397 695 504 760 sivein
517 699 637 766 virtute,
651 697 757 752 sivein
771 705 909 772 utraque3
924 698 986 754 sive

22 779 146 854 ›luptatc
158 779 244 834 simul
260 787 290 832 et
303 779 418 852 quiete,
444 779 507 833 sive
518 779 551 834 in
565 780 692 850 virtute,
718 779 781 836 sive
793 781 825 836 in
838 781 985 856 utrisque;

33 862 69 918 in
86 862 188 936 primis
208 870 346 931 naturae,
371 862 434 917 sive
446 862 478 915 in
498 863 624 931 virtute,
644 864 707 918 sive
720 862 752 917 in
762 861 988 938 unisquezhinc

22 941 30 996 i
49 954 166 1015 case,·et
181 963 199 1000 a
213 962 245 999 se
258 944 329 1016 ipsis
344 943 420 1000 beati
433 943 499 998 fieri
512 945 586 999 mira
600 947 730 1001 vanitate
743 947 907 1002 volucrunt.
941 943 986 1000 lr'-

28 1023 86 1086 hos
98 1027 212 1083 Veritas
225 1045 277 1100 per
289 1024 463 1100 Prophetam
476 1024 632 1082 dicentem:
647 1024 735 1084 Novit
747 1026 891 1090 Dominus
905 1031 986 1103 cogi-

22 1123 84 1168 sssaa
96 1109 256 1178 bominum,
283 1111 331 1165 rel
348 1106 496 1165 sicutlroe
508 1109 711 1165 testimonium
722 1113 820 1183 posuit
831 1111 986 1209 Apostolus

26 1208 79 1250 us:
105 1192 251 1250 Dominus
265 1194 347 1249 novit
359 1193 556 1316 cogitationes
569 1194 762 1269 sapientium,
785 1197 921 1270 quonium
934 1213 987 1251 oo-

22 1286 102 1333 seat.
391 1323 394 1328 .

22 1357 83 1420 luis
98 1361 177 1415 enim
190 1357 305 1430 sufficit,
330 1358 484 1432 quantouis
498 1311 683 1433 eloquentiae
695 1357 826 1431 flandae,
839 1362 918 1417 vitae
931 1358 984 1416 bu'-

22 1444 144 1498 niserias
158 1437 324 1515 explicarel
337 1442 432 1507 Quam
443 1443 618 1496 lamentatus
632 1450 678 1498 est
691 1441 816 1498 Cicero
807 1460 839 1499 ιιι
852 1446 986 1500 consola-

22 1523 296 1593 coenomanico,
323 1525 400 1580 sicu-t
417 1525 528 1597 potuit:
555 1523 606 1596 sed
625 1534 765 1598 quantum
783 1526 917 1598 estquod
934 1545 994 1599 po·-

22 1607 23 1616 ’
41 1607 86 1664 Ea
100 1609 205 1682 quippe
218 1607 438 1681 quaedicuutur
448 1608 540 1680 prima
551 1615 684 1678 naturae,
699 1606 825 1681 quando,
838 1609 898 1678 ubi,
913 1626 986 1682 quo·
1016 1649 1017 1656 ι
1059 1663 1064 1674 5

22 1706 39 1743 o
61 1701 122 1747 tarn
139 1691 213 1746 bene
233 1708 265 1744 sc
283 1688 390 1745 habere
402 1690 434 1744 in
448 1689 502 1744 hac
513 1691 575 1745 vita
588 1699 727 1762 possunt,
752 1699 785 1744 ut
797 1690 926 1748 non‘sub
939 1691 986 1746 in·
1058 1701 1061 1706 ’

25 1774 172 1829 sensibus
186 1767 343 1828 fluctuanti
368 1773 450 1838 Quis
468 1773 545 1828 enim
563 1771 645 1828 dolor
658 1774 819 1828 connerius
832 1774 987 1845 voluptati,
1089 1817 1090 1820 ,

22 1875 26 1905 ι
40 1855 213 1932 inquietudo
223 1857 370 1912 contraria
383 1856 484 1928 quieti,
497 1857 529 1911 in
543 1872 646 1927 corpus
658 1855 760 1910 cadere
773 1857 987 1929 sapientisnon

22 1936 69 2012 sti
106 1937 304 2016 Membrorum
325 1947 405 1992 certe
418 1939 580 2011 amputatio
590 1939 638 1993 vel
650 1937 783 1994 debilitas
796 1937 921 1994 bominis
935 1957 986 1993 cx-

22 2033 65 2079 sat
77 2021 323 2091 incolumitatem,
348 2019 515 2076 deformitas
528 2019 784 2094 pulchritudinem,
805 2021 987 2076 imbecillitas

22 2112 122 2176 tatem,
136 2106 214 2160 vires
230 2103 382 2171 lassitudo,
394 2103 585 2159 mobilitatem
600 2113 711 2177 torpor,
724 2113 775 2160 aut
788 2103 924 2162 tarditas:
939 2123 986 2158 ec-

22 2183 142 2245 llrorum
155 2197 210 2258 cst,
225 2185 302 2284 quod
315 2195 442 2261 nequeat
453 2188 484 2242 in
499 2205 616 2242 carnem
625 2189 763 2260 sapientis
774 2183 905 2254 irruere?
920 2186 987 2244 Sto·
1026 2189 1028 2194 ’

22 2273 134 2348 quoque
149 2271 278 2343 corporis
292 2277 504 2344 emaculatus,
532 2288 597 2324 cum
610 2269 746 2328 docentes
760 2279 845 2345 atque
859 2289 986 2348 congru·

22 2370 39 2410 a
52 2363 134 2425 sunt,
147 2355 226 2410 inter
238 2361 361 2408 naturae
374 2353 476 2425 prima
475 2361 682 2408 numerantur
705 2352 757 2408 sed
769 2353 878 2426 quidsi
891 2357 987 2428 aliqua

22 2436 179 2493 svaletudo
192 2435 320 2490 membra
332 2444 458 2489 tremore
472 2427 637 2489 concutiat?
651 2435 764 2500 Quid
741 2453 767 2490 ιι
780 2437 922 2512 usquead
935 2455 987 2510 po-

22 2517 88 2576 das
79 2539 112 2575 ιιι
126 2528 235 2574 terram
247 2535 348 2573 manus
362 2517 440 2572 dorsi
453 2517 537 2588 spina
550 2533 621 2571 curs
623 2524 700 2584 etur,
714 2526 744 2572 et
755 2515 901 2575 bominem
915 2525 990 2593 quo-''

22 2602 124 2659 imodo
143 2599 353 2676 quadrupedem
367 2595 472 2654 faciati
507 2597 612 2654 Nonne
627 2616 742 2654 omnem
761 2601 907 2656 statuendi
921 2620 987 2656 cor·
1056 2661 1060 2668 ,

22 2703 35 2742 s
49 2695 79 2740 et
91 2684 229 2742 movendi
243 2683 369 2757 speciem
381 2681 526 2756 decusque
538 2677 705 2754 perverteti
728 2681 825 2747 Quid
816 2683 909 2754 ipsius
924 2675 988 2739 bni-

22 2769 190 2845 primigenia
208 2784 281 2843 quae
300 2765 482 2840 appellantur
498 2765 591 2833 bona,
617 2764 668 2819 ubi
687 2763 744 2820 duo
762 2765 855 2838 prima
876 2753 996 2838 ponunt*

22 2861 72 2907 iter
87 2849 375 2924 comprehensionem
386 2847 657 2921 perceptionemque
671 2847 813 2918 veritatis,
828 2864 944 2903 sensum
959 2858 989 2903 ct

22 2929 159 2991 llectumi
181 2931 240 2989 Sed
253 2932 348 3006 qualis
361 2938 542 3004 quantusque
555 2939 687 2986 remanet
700 2947 820 3001 sensus,
834 2930 870 2999 si,
884 2931 987 2996 utalia

22 3015 79 3087 sm,
94 3016 146 3072 fiat
157 3013 243 3072 homo
256 3013 361 3070 surdus
376 3021 409 3068 et·
418 3008 541 3068 caeousl
566 3009 653 3070 Ratio
666 3031 737 3069 sero
750 3020 780 3068 et
792 3013 988 3088 intelligentia
1065 3043 1067 3048 s

23 3098 160 3170 recedet,
185 3098 236 3154 ubi
254 3097 402 3169 sopietur,
428 3097 454 3150 si
468 3096 594 3170 aliquo
577 3095 679 3150 morbo
692 3094 836 3154 alliciatur
848 3091 988 3152 insanus?

22 3183 125 3240 suenci
137 3183 229 3237 multa
241 3178 365 3238 absurda
378 3177 566 3248 condicunt,
580 3180 627 3234 vel
640 3178 766 3249 iaciunt,
790 3180 958 3254 plerumque
972 3197 988 3232 a

22 3286 31 3321 ι
46 3283 104 3321 suo
115 3264 264 3338 proposito
277 3270 307 3317 et
318 3257 447 3317 moribus
461 3261 607 3332 aliena,
597 3279 655 3317 uuo
677 3279 730 3333 suo
750 3262 825 3318 bono
838 3262 989 3356 proposito
1051 3293 1059 3300 -

22 3349 146 3422 ibasque
160 3345 323 3415 contraria,
348 3345 411 3400 sire
424 3345 475 3400 illa
489 3345 666 3420 cogitemus,
695 3345 757 3400 sive
776 3341 935 3412 videamus,
963 3345 989 3396 si

22 3450 48 3488 ιο
63 3427 295 3497 consideremus,
322 3427 457 3482 lacrimas
470 3435 572 3482 tenere
584 3429 636 3483 vix
655 3444 824 3506 possumus,
849 3435 900 3482 aut
913 3425 989 3482 forto

23 3529 190 3588 possumus.
217 3510 293 3577 Quid
307 3509 401 3566 dicam
413 3507 450 3564 dc
461 3507 519 3579 his,
532 3527 583 3584 qur
574 3503 766 3566 memorium
778 3510 950 3582 patiuntur'
942 3527 988 3563 ιιι-

22 3590 82 3652 usi
114 3592 170 3648 Vbi
192 3591 299 3649 habeut
319 3591 517 3648 absconditam
539 3594 586 3648 vol
608 3592 741 3648 obrutam
763 3592 990 3667 intelligentiam

22 3697 60 3748 n,
83 3673 200 3752 quando
221 3673 380 3730 secundum
397 3693 480 3730 suam
496 3675 678 3730 voluntatem
691 3684 721 3730 et
735 3677 832 3730 animo
845 3691 946 3736 eorum
961 3683 990 3729 ct

22 3778 83 3816 »ore
100 3759 247 3835 malignus
264 3757 358 3812 utitur
375 3752 514 3830 spiritual
536 3754 575 3812 Et
594 3758 658 3830 quis
679 3756 801 3814 confidit
814 3756 868 3812 hoo
882 3758 989 3830 malurn
1034 3767 1036 3770 '

22 3860 60 3898 ao
74 3843 136 3898 rita
148 3841 266 3896 evenire
280 3857 340 3896 non
352 3857 438 3915 posse
450 3834 593 3920 sapienti?
616 3837 730 3898 Deinde
747 3840 895 3914 perceptio
910 3841 988 3896 veri-
