2362 4320
58 227 60 232 ’
139 245 200 316 299
369 233 468 294 DlVl
487 233 680 296 AVRELII
703 235 984 298 AVGVSTlNl·

137 393 222 450 uiant
233 377 416 464 invidorum,
437 391 591 464 querelam·
600 389 635 446 de
647 388 702 446 hac
715 409 748 446 rc
762 383 907 447 Chaldaei
915 391 1020 447 nescio
1037 393 1116 448 cuius
1128 411 1168 447 ex-

137 493 289 550 promens:
318 472 551 546 „Conqueritur,
570 474 684 547 inquit,
709 475 756 529 vir
769 475 800 529 in
815 472 963 529 Chaldaea
977 474 1088 546 bonus,
1111 494 1166 549 pur·

65 548 67 556 ’
126 558 277 636 =„gandae
290 557 405 612 animae
416 573 524 632 magno
537 558 687 611 molimine
701 554 859 611 frustratos
871 543 929 610 sibi
940 575 1007 610 esse
1017 575 1165 626 successus,

139 661 229 717 „cum
238 642 286 697 vir
298 638 334 695 ad
348 637 449 692 cadem
459 647 564 712 potens
575 647 672 694 tactus
686 639 799 694 invidia
811 638 962 694 adiuratus
977 641 1073 694 sacris
1085 643 1164 714 preci-

139 725 215 797 „bur
228 723 375 798 potentias
390 721 560 796 alligasset,
586 739 624 776 nc
641 723 789 794 postulata
804 721 1014 777 concederent.
1057 721 1132 800 Ergo
1143 732 1164 776 ct

85 829 87 832 ·
138 808 268 884 „ligavit
280 807 347 872 ille,
362 805 474 877 inquit,
488 813 518 858 et
529 805 587 858 iste
601 822 661 859 non
676 798 807 860 solvit.“'
818 805 899 880 ‘Quo
913 805 1028 860 indicio
1043 804 1115 860 dixit
1125 823 1162 880 ap

102 881 103 886 ¹
137 906 242 964 parere
263 885 426 962 theurgiam
447 904 512 940 esse
530 895 590 941 tam
603 886 673 941 boni
688 885 865 942 conficiendi
880 905 967 961 quam
979 890 1053 942 mali
1066 897 1094 942 et
1104 887 1161 960 apud

45 1027 47 1030 .
138 971 208 1026 deos
224 967 253 1024 et
266 967 341 1042 apud
356 967 703 1040 hominesdisciplinam3
730 965 895 1049 patietiam
908 969 998 1039 deos,
1025 969 1160 1024 etadillas

136 1052 593 1130 perturbationespassionesque
607 1049 721 1119 deduci,
736 1068 807 1122 quas
822 1053 1018 1106 communiter
1033 1051 1160 1107 daemoni-

80 1179 88 1186 .
138 1139 192 1194 bus
211 1143 241 1189 et
257 1132 422 1188 hominibus
443 1133 581 1206 Apuleius
601 1131 747 1200 attribuit3
774 1131 844 1187 deos
858 1141 958 1188 tamen
972 1134 1068 1189 abeis
1082 1133 1160 1190 aethe

138 1220 200 1274 riae
214 1215 290 1272 sedis
311 1215 466 1270 altitudine
486 1205 641 1288 separans,
669 1223 699 1268 et
712 1212 844 1271 Platonis
858 1233 996 1272 asserens
1010 1217 1044 1272 in
1056 1217 1159 1273 iliadis

139 1302 270 1357 cretione
284 1299 469 1375 sententiam.

554 1377 678 1436 CAP.
720 1378 763 1436 X.

136 1473 180 1531 De
192 1475 333 1545 theurgia,
344 1475 524 1547 preaefalurm
531 1477 725 1544 purgationem
736 1475 833 1528 nutriris
844 1476 1003 1529 doemonum
1013 1475 1160 1530 invocatione

575 1545 726 1612 promittit.

158 1624 159 1628 ἵ
199 1633 278 1691 Ecce
294 1651 371 1690 nunc
387 1635 460 1690 alius
473 1633 660 1705 Platonicus,
685 1652 770 1708 quem
783 1632 945 1691 doctiorem
962 1634 1080 1707 ferunt,
1104 1633 1159 1690 Por·

136 1718 275 1796 phyrius,
301 1737 354 1792 per
369 1720 470 1774 nescio
484 1735 570 1791 quam
583 1715 767 1793 theurgicam
781 1716 966 1790 disciplinam
988 1718 1081 1774 etiam
1098 1720 1159 1791 ipsos

131 1802 208 1857 ‘deos
223 1801 379 1857 obstrictos
401 1801 589 1874 passionibus
602 1809 631 1854 et
643 1799 911 1873 perturbationibus
930 1800 1018 1857 dicit:
1045 1802 1158 1875 quonian

137 1886 230 1941 sacris
243 1884 379 1956 precibus
398 1883 528 1938 adiurati
544 1884 708 1957 terrerique
726 1891 903 1956 potuerunt,
929 1901 968 1938 ne
994 1891 1159 1957 praestarent

137 1969 254 2024 animae
267 1967 489 2042 purgationem,
504 1968 589 2021 etita
602 1967 710 2020 terreri
723 1964 757 2020 ab
772 1984 806 2020 co
820 1967 870 2039 qui
883 1967 1050 2039 imperabat
1062 1968 1158 2031 malum,

111 2101 113 2104 .
135 2060 170 2106 ut
183 2049 217 2104 ab
232 2049 283 2103 illo
297 2050 347 2120 qui
364 2048 505 2123 poscebat
523 2050 648 2119 bonum,
674 2066 726 2122 per
740 2047 863 2102 eandem
880 2058 974 2119 artem
998 2048 1158 2126 theurgicam

94 2141 96 2144 '
137 2133 215 2200 solvi
227 2132 277 2185 illo
291 2131 397 2186 timore
412 2149 471 2186 non
482 2127 616 2204 possent,
631 2131 707 2186 etad
721 2129 846 2184 dandum
859 2129 1038 2187 beneficium
1051 2129 1157 2187 liberari

136 2216 208 2281 Quis
231 2230 291 2267 non
314 2212 414 2268 videat
431 2211 503 2272 hacc
522 2215 621 2270 omnia
639 2213 789 2269 fallacium
811 2211 987 2270 daemonum
1012 2233 1077 2270 csse
1098 2231 1157 2268 con·

135 2304 250 2365 menta,
277 2295 337 2350 nisi
350 2301 451 2351 cotum
467 2291 647 2352 miserrimus
661 2307 763 2352 serras
784 2303 813 2350 et
826 2313 843 2349 a
858 2297 956 2372 gratia
979 2300 1046 2354 reri
1072 2297 1158 2352 libcra-

135 2379 212 2452 toris
237 2374 381 2433 alienusi·
397 2377 473 2434 Nam
492 2381 519 2436 si
536 2379 608 2435 hacc
626 2379 702 2452 apud
716 2379 784 2434 deos
799 2388 959 2454 agerentur
976 2379 1089 2450 bonos,
1112 2380 1159 2452 plu

135 2461 178 2516 ibi
193 2461 295 2535 utique
308 2462 421 2518 valeret
433 2462 582 2518 beneficus
596 2469 736 2538 purgator
754 2462 886 2531 animae,
915 2479 1003 2536 quam
1017 2463 1159 2518 malevolus

89 2601 90 2606 ,
135 2541 301 2616 impeditor.
344 2545 403 2600 Aut
418 2546 444 2599 si
457 2544 513 2600 diis
527 2546 612 2604 iustis
625 2536 728 2615 homo,
746 2561 870 2618 proquo
885 2544 1048 2620 agebatur,
1069 2559 1158 2620 purga-

101 2649 107 2670 s
134 2627 217 2681 tione
234 2623 389 2682 videbatur
406 2627 567 2704 indignus,
595 2644 657 2681 non
675 2628 776 2700 utique
795 2624 830 2680 ab
852 2625 953 2682 invido
973 2631 1088 2697 territi,
1110 2627 1160 2687 nes,¹

53 2729 56 2732 ·
134 2709 289 2782 sicutipse
303 2710 388 2779 dicit,
415 2729 467 2784 per
481 2719 589 2766 metum
609 2709 782 2764 valentioris
798 2709 930 2763 numinis
952 2710 1100 2784 impediti,
1122 2705 1157 2763 scd

133 2791 242 2848 iudicio
256 2791 348 2847 libero
363 2792 393 2846 id
416 2789 531 2870 negare
545 2792 717 2848 debuerunt.
760 2789 869 2847 Mirum
893 2800 939 2847 est
961 2803 1075 2864 autem,
1100 2787 1157 2867 quod

44 2936 45 2939 Ἰ
133 2873 283 2951 benignus
297 2876 347 2929 illc
361 2873 538 2946 Chaldaeus,
565 2877 615 2950 qui
627 2873 787 2950 theurgicis
803 2865 894 2929 sacris
908 2876 1039 2931 animam
1051 2891 1158 2952 purgare

133 2957 285 3031 cupiebat,
312 2975 372 3014 non
386 2959 503 3015 invenit
515 2961 640 3033 aliquem
654 2959 836 3030 superiorem
849 2955 965 3029 Deum,
986 2962 1039 3032 qui
1052 2961 1098 3016 vel
1110 2958 1157 3032 plus

133 3049 259 3096 terreret
272 3048 360 3115 atque
374 3040 410 3096 ad
423 3041 667 3110 benefaciendum
687 3050 808 3118 cogeret
826 3042 946 3096 territos
965 3040 1055 3114 deos,
1080 3043 1123 3097 rel
1134 3037 1157 3092 ab

49 3172 56 3178 .
133 3125 176 3178 eis
191 3130 352 3182 terrentem
366 3129 579 3199 compesceret,
605 3133 638 3180 ut
651 3123 741 3188 libere
755 3123 982 3180 benefacerent:
1011 3128 1055 3182 sic
1078 3135 1158 3181 tanen

132 3204 256 3284 theurgo
270 3206 347 3263 bono
362 3227 446 3264 sacra
459 3207 632 3278 defuerunt,
660 3205 764 3280 quibus
783 3209 863 3282 ipsos
882 3207 969 3278 deos,
996 3227 1071 3284 quos
1090 3211 1158 3262 invo-

133 3289 218 3344 cabat
232 3291 346 3350 animae
359 3299 550 3368 purgatores,
576 3293 657 3365 prius
677 3289 711 3345 ab
731 3291 781 3345 illa
794 3291 916 3345 'timoris
929 3300 1014 3363 peste
1027 3295 1158 3370 purgaret

133 3370 211 3436 Quid
225 3375 303 3429 enim
317 3383 496 3444 causac-est,
511 3393 564 3430 cur
578 3373 660 3430 Deus
674 3375 822 3446 potentior
836 3371 969 3428 adhiberi
979 3377 1075 3448 possit
1088 3394 1104 3430 a
1115 3386 1159 3447 quo

131 3455 315 3526 terrcantur,
334 3446 397 3512 'nec
419 3457 548 3530 possita
568 3475 625 3531 quo
644 3447 827 3532 purgentur?
865 3454 911 3512 An
926 3457 1082 3514 invenitur
1095 3457 1159 3516 Deus

132 3538 182 3610 qui
196 3537 334 3594 exaudiat
346 3540 494 3610 invidum,
515 3547 545 3595 et
558 3542 692 3596 timorem
706 3539 761 3596 diis
775 3541 904 3596 incutiat
916 3558 955 3594 nc
969 3539 1160 3602 benefaciant3

27 3635 30 3640 ·
131 3635 186 3672 nec
206 3621 452 3677 invenitur-Deus
472 3625 521 3696 qui
540 3622 680 3679 exaudiat
697 3621 889 3693 benevolum,
917 3631 947 3677 ct
966 3624 1103 3680 timorem
1115 3621 1159 3676 diis

83 3731 93 3751 ι
131 3699 245 3756 auferat
264 3712 297 3758 ut
309 3701 516 3761 benefaciant?
557 3705 583 3761 0
599 3706 735 3782 theurgia
746 3703 910 3780 praeclara!
925 3723 942 3760 o
957 3707 1076 3763 aniame
1088 3721 1159 3782 praa·

131 3777 253 3839 dicanda
266 3784 419 3864 purgatio!
447 3787 495 3843 ubi
509 3789 572 3863 plus
588 3790 711 3864 imperat
722 3789 870 3845 immunda
883 3787 1065 3862 invidentia,
1087 3804 1162 3865 quam

85 3946 88 3952 s
127 3863 270 3940 impetrat
289 3887 366 3946 pura
393 3870 604 3930 beneficentia:
629 3875 687 3930 imo
709 3891 780 3930 vero
800 3873 995 3952 malignorum
1015 3873 1160 3950 spirituum
