2362 4312
60 165 63 180 ⁴
108 223 147 277 aa
306 216 428 292 ἰιιιι
455 209 642 324 aventu
666 183 941 288 arcasium
1148 249 1181 306 ιι

110 375 229 448 spiritus
242 374 290 428 vel
303 379 438 446 propter
432 355 527 428 haec
517 387 580 443 ipsa
593 321 669 425 bona
683 356 794 425 malave
811 377 928 424 terrena
941 371 1140 444 propitiando·
1139 403 1174 459 ιιι

14 517 41 536 ,Ι
108 465 159 512 aut
184 453 329 512 timendos
358 455 567 509 existimemus.
613 453 687 519 Quia
710 452 788 520 sicut
811 455 866 526 ipsi
881 451 1118 509 nralihomines
1112 473 1146 524 ιι
1165 512 1166 527 ι

38 537 62 561 ’“
107 549 204 609 terra,
219 541 260 594 sic
275 537 492 593 etiamilliuou
507 537 605 592 omnia
619 553 693 610 quae
708 535 922 592 voluntfacere
935 547 1073 610 possunt,
1087 533 1156 628 nisi
1138 593 1167 628 m

108 632 249 698 quantum
262 623 342 676 illius
355 620 540 678 ordinatione
559 619 710 690 sinuntur3
733 620 819 675 euius
830 621 921 697 plene
934 618 1045 676 iudicio
1059 639 1147 676 neno

61 742 68 748 -
108 704 342 781 comprehendit,
370 705 448 758 iuste
467 699 767 814 nemor'eprehendit
1137 675 1162 806 ἦ

369 827 371 832 ’
465 852 586 910 (ιιι.
629 811 790 911 ιιιιιι.

63 1017 64 1020 ι
127 937 170 1005 De
182 951 298 1035 Syllanis
309 946 427 1014 actibus,
447 965 559 1019 quorum
569 965 596 1002 se
610 951 748 1018 daemones
764 959 969 1016 ostentaverant
979 953 1117 1022 adiutores.
1150 954 1156 1033 ι’

176 1041 267 1126 Sylla
273 1051 353 1097 certe
367 1043 441 1115 ipse,
456 1043 540 1097 euius
553 1051 686 1120 tempora
696 1041 768 1096 talia
780 1041 917 1114 fuerunt,
932 1052 966 1097 ut
979 1044 1129 1116 superiora,

112 1144 234 1200 quorum
246 1124 357 1182 vindex
371 1143 436 1181 esse
450 1123 620 1195 videbatur,
647 1125 766 1182 illorum
785 1127 1005 1197 comparatione
1020 1145 1128 1201 quaere·

12 1203 14 1216 ¹
110 1219 230 1281 rentur,
257 1211 462 1283 cumprimum
482 1208 518 1263 ad
536 1207 645 1264 Vrbem
658 1215 761 1264 contra
778 1205 905 1264 Marium
922 1219 1022 1266 castra
1034 1211 1128 1265 moris·

109 1303 171 1364 set,
199 1291 272 1349 adeo
286 1294 363 1348 laeta
376 1301 444 1347 exta
457 1293 623 1347 immolanti
636 1290 728 1346 fuisse
741 1290 844 1347 scribit
856 1291 969 1363 Livius,
996 1302 1031 1349 ut
1046 1265 1151 1406 custo?

112 1376 170 1432 diri
183 1395 214 1432 se
228 1375 394 1432 Postumius
408 1361 557 1473 haruspex
569 1377 696 1431 voluerit
715 1376 819 1447 capitis
839 1377 1016 1449 supplicium
1028 1367 1151 1468 subito

112 1478 174 1530 rus,
192 1461 260 1526 ,nisi
274 1477 308 1514 ca
322 1461 440 1535 quaein
455 1461 552 1515 animo
567 1435 881 1534 syllabarumque
898 1461 1094 1516 iuvantibus'
1087 1479 1128 1515 m·
1155 1509 1157 1517 .

6 1583 20 1612 (
111 1544 261 1618 plerissct.
299 1541 377 1599 Eece
401 1561 461 1599 nou
485 1542 684 1600 discesserant
699 1541 798 1618 adytis
812 1544 931 1616 arisque
955 1544 1068 1600 relictis
1089 1543 1176 1642 dit-

49 1687 56 1702 ι
111 1627 225 1702 quando
239 1627 275 1682 de
289 1645 387 1682 rermn
401 1637 509 1682 eventu
522 1622 745 1702 praedicebant,
772 1623 903 1701 nihilque
917 1626 974 1681 de
966 1630 1090 1699 rpsius
1073 1608 1175 1687 διιηΙ

109 1711 156 1766 lae
175 1712 359 1768 correctione
382 1710 533 1768 curabant.
581 1709 796 1766 Promittebant
813 1710 1027 1786 praesagiendo
1048 1711 1158 1772 felici·

26 1803 29 1838 ἐ
111 1804 202 1849 tatem
221 1813 373 1872 magnam,
399 1813 454 1849 nec
473 1793 578 1849 malam
591 1791 780 1864 cupiditatem
798 1791 936 1849 minando
956 1794 1129 1872 frangebant.
1143 1779 1171 1805 *¹

113 1877 228 1934 Deinde
250 1897 315 1933 cum
332 1879 437 1932 esset
429 1895 460 1931 m
479 1877 548 1932 Asia
567 1860 676 1931 bellum
692 1874 923 1942 Mithridaticum
938 1896 1065 1954 gerens,
1090 1893 1131 1950 per
1155 1950 1156 1953 Ἰ

111 1961 235 2026 Lucium
248 1959 360 2016 Titium
373 1979 401 2014 cr
392 1957 582 2015 mandatum
601 1966 646 2014 est
659 1975 677 2014 a
694 1957 781 2030 love,
807 1960 884 2042 quod
898 1971 977 2020 esset
990 1961 1150 2018 Mithrida·
1141 1953 1156 1963 '

46 2069 47 2072 ¹
112 2058 171 2100 tem
184 2053 387 2120 superaturus:
414 2052 444 2098 et
461 2043 571 2098 lactum
585 2050 639 2096 est.
669 2042 711 2098 Ae
723 2052 827 2118 postea
840 2045 975 2100 molienti
993 2043 1148 2101 redire
1108 2061 1131 2098 ιι
1158 2054 1159 2059 ’

35 2168 37 2176 .
110 2127 232 2199 Vrbem,
260 2127 291 2181 et
308 2143 375 2180 suas
389 2125 605 2199 amicorumque
626 2127 752 2181 iniurias
775 2128 856 2184 civili
869 2129 1017 2205 sanguine
1030 2128 1131 2186 ulcisci.
1148 2105 1170 2161 ·”

110 2213 218 2266 iterum
230 2208 397 2265 mandatum
415 2219 461 2265 est
473 2207 508 2264 ab
526 2208 630 2266 eodem
646 2207 715 2265 love
728 2227 782 2283 per
799 2209 923 2266 militem
936 2211 1082 2286 quendam
1097 2213 1132 2266 le·
1154 2204 1160 2225 ¹*

53 2361 56 2372 .
114 2295 210 2371 gionis
224 2301 337 2362 sextae,
362 2293 444 2367 prius
460 2287 541 2356 sede
557 2285 725 2350 Mithridate
738 2284 965 2366 praenuntiasse
977 2298 1131 2356 victoriam,
1169 2296 1175 2301 ⁵

97 2401 104 2410 ,.
113 2387 143 2432 et
152 2386 225 2433 tune
238 2377 408 2451 promittere
422 2376 561 2434 daturum
574 2389 606 2432 se
618 2386 810 2451 potestatem,
831 2395 888 2452 qua
900 2389 1154 2456 recuperaret
1105 2357 1156 2434 ab

111 2461 239 2516 inimicis
252 2461 460 2533 rempublicam
472 2477 533 2517 non
547 2461 611 2516 sine
625 2462 717 2517 multo
730 2463 884 2539 sanguine.
917 2461 1006 2518 Tunc
1020 2481 1159 2566 percon·

112 2551 191 2599 tatus
206 2541 305 2626 Sylla,
324 2563 398 2619 quae
410 2546 504 2602 forma
516 2544 646 2600 militi'
616 2543 682 2600 visa
694 2543 802 2617 fuerit,
829 2563 894 2601 cum
906 2546 956 2601 ille
969 2530 1159 2618 indicasset‚¹

49 2635 61 2666 ³
113 2645 176 2682 eam
193 2621 364 2685 recordatus
386 2638 431 2686 est
450 2647 537 2705 quam
552 2630 633 2701 prius
655 2607 689 2684 ab
709 2629 760 2685 illo
786 2586 934 2700 dudierat,
969 2631 1026 2705 qui
1039 2631 1075 2686 de
1088 2629 1134 2688 Mi-

113 2708 269 2768 thridaticu
293 2713 419 2770 victoria
437 2714 472 2770 ab
491 2711 592 2768 eodem
616 2711 753 2768 mandata
777 2713 949 2785 pertulerat.
1000 2715 1079 2782 Quid
1096 2713 1135 2769 hic

114 2794 285 2868 responderi
296 2805 411 2870 potest,
438 2813 528 2872 quare
546 2796 588 2852 dii
601 2798 772 2852 curaverint
787 2797 868 2852 velut
880 2797 1002 2854 lclieia'
993 2801 1054 2854 asta
1067 2815 1134 2854 nun·
1157 2824 1170 2839 ι

112 2879 204 2948 tiare,
232 2889 262 2934 et
279 2881 379 2936 nullus
403 2899 503 2937 eorum
517 2880 664 2936 curaverit
684 2877 795 2955 Syllam
818 2881 963 2937 monendo
979 2883 1173 2960 corrigeret

112 2964 187 3018 mala
207 2970 290 3030 tanta
302 2963 449 3019 facturum
465 2965 597 3020 scelestis
613 2966 700 3030 armis
710 2963 867 3034 civilibus,
893 2965 990 3039 qualia
1002 2983 1066 3020 non
1078 2965 1133 3020 foc-

113 3045 236 3117 darent,
268 3047 319 3102 sed
332 3031 485 3103 auferrent
503 3049 622 3102 omnino
641 3043 867 3122 rempublicami
897 3047 1009 3124 Nempe
1030 3049 1133 3104 intelli·
1155 3033 1161 3074 ¹

13 3193 15 3196 ,
112 3139 224 3208 guntur
239 3129 411 3201 daemones,
439 3133 518 3187 sicut
533 3147 622 3204 saepe
640 3131 714 3201 dixi,
740 3140 900 3208 notumque
927 3133 1012 3188 nobis
1041 3141 1088 3188 est
1107 3121 1165 3186 iu'

110 3215 219 3296 litteris
242 3216 349 3285 sacris,
377 3233 482 3290 resque
504 3216 584 3289 ipsae
606 3217 677 3272 satis
700 3215 848 3287 indicant,
878 3203 1035 3294 negotium⁴
1055 3199 1163 3272 auum'

112 3317 216 3392 agere,
244 3309 277 3354 ut
288 3317 349 3396 pro·
356 3296 410 3355 diis
425 3297 588 3356 habeantur
603 3309 633 3354 et
647 3301 793 3369 colantur,
815 3307 845 3355 et
858 3317 893 3354 ea
905 3301 964 3355 illis
979 3283 1163 3357 exhibean-

112 3379 176 3454 tur,
202 3381 338 3480 quibus
330 3384 352 3437 ri
375 3384 424 3457 qui
446 3381 584 3456 erhibent
598 3384 718 3454 sociati,
746 3400 835 3438 unam
849 3384 1007 3458 pessimam
1025 3401 1135 3442 causan
1164 3384 1166 3391 '

41 3479 45 3492 ¹
111 3483 177 3522 cum
196 3469 238 3522 eis
251 3463 398 3522 habeant'
390 3483 421 3522 ιιι
432 3447 540 3521 iudicio
555 3464 620 3521 Dei.

174 3535 289 3607 Deinde
304 3569 370 3606 eum
382 3549 515 3605 venisset
528 3545 692 3606 Tarentum
702 3547 795 3625 Sylla,
815 3559 903 3626 atque
917 3549 958 3606 ibi
972 3551 1132 3608 sacrificas·

84 3673 87 3686 .
112 3641 171 3703 set,
197 3633 271 3689 vidit
290 3635 321 3688 in
337 3635 431 3707 capite
445 3633 565 3708 vitulini
577 3633 684 3688 iecoris
699 3633 920 3689 similitudinem
939 3652 1069 3690 coronae
1087 3651 1134 3689 au·
1166 3645 1178 3652 ·

29 3763 31 3770 .
111 3732 188 3770 reae.
224 3715 310 3771 Tunc
323 3715 490 3774 Postumius
505 3713 653 3791 haruspex
665 3717 715 3792 ille
728 3717 894 3792 respondit,
914 3719 1098 3791 praeclarum
1112 3715 1136 3770 ei

112 3797 280 3875 significare
294 3801 462 3871 victoriam,
488 3801 634 3875 iussitque
649 3809 684 3855 ut
698 3802 775 3855 extis
788 3801 851 3856 illis
862 3803 943 3857 solus
956 3799 1134 3857 vesceretur.

112 3879 216 3936 Postea
230 3899 319 3957 parvo
339 3885 493 3940 intervallo
513 3893 616 3950 servus
641 3883 793 3941 cuiusdam
811 3883 896 3942 hueii
916 3881 1016 3945 Pontii
1034 3883 1134 3943 satiei-¹
1164 3883 1166 3888 '
