2362 4314
237 205 295 264 nn
317 201 527 266 οιιιιιιι
548 193 723 262 ιιιιιιιι.
744 181 875 264 ιιιιιι.’
994 209 1051 268 ιιι

25 375 120 430 eum,
140 358 217 414 sicut
225 354 371 426 solebant,
386 371 505 429 vespere
518 352 688 427 visitarent,
699 355 814 431 rogavit
827 354 1056 430 eosmiserabili-
1074 375 1087 418 ι’

18 443 87 500 bus
102 439 310 516 lacrymis,ut
321 437 406 502 mane
419 437 610 514 dignarentur
628 454 690 492 esse
706 447 871 514 praesentes
886 457 939 494 suo
960 439 1056 496 funeri

21 525 136 600 potius
150 539 236 598 quam
249 519 351 576 dolori.
393 517 506 576 Tantus
519 518 665 576 enimcum
677 525 814 576 metusex
823 522 966 594 prioribus
974 522 1055 578 inva-

23 614 117 668 serat
128 605 247 680 poenis,
269 613 304 660 ut
315 619 347 657 se
360 601 438 658 inter
449 601 627 658 medicorum
645 619 747 667 manue
761 622 819 660 non
833 602 983 660 dubitaret·
993 621 1056 660 esse

23 689 219 746 moriturum.
262 681 412 740 Consolati
425 691 495 760 sunt
507 702 573 742 eum
583 684 643 755 illi,
665 692 694 739 et
705 683 814 746 hortati
826 694 858 741 ut
871 686 901 740 in
914 682 976 740 Deo
987 685 1067 742 fidem

24 771 229 844 ret‚.eiusque
240 768 417 824 voluntatem
430 766 556 822 viriliter
567 762 667 836 lerr'et,
708 763 779 822 Inde
791 767 826 824 ad
841 769 1000 824 orationem
1011 769 1056 824 in·

22 853 132 932 gressi
147 849 318 910 sumusrubi
330 848 412 926 nobis
421 865 458 904 ex
468 866 547 905 more
560 867 658 925 genua
670 848 928 927 ligentibus‚atque
940 851 1055 906 incum-

20 934 173 996 bentibus
187 942 297 1003 terrae,
314 932 366 988 illc
379 949 410 992 ee
423 931 465 988 ita
476 931 612 1006 proiecit,
627 940 763 1006 tanquam
774 933 879 990 fuisset
890 934 987 1006 aliquo
1001 935 1056 987 im·

21 1021 160 1096 pellente
169 1017 298 1093 graviter
309 1022 487 1089 prostratus,
501 1022 531 1072 et
544 1015 638 1088 coepit
650 1030 748 1071 orare:
766 1015 871 1089 ¹quibus
885 1014 986 1085 modis,
1000 1032 1056 1089 quc

25 1099 159 1170 affectu,
178 1115 233 1173 quo
246 1105 325 1153 ιιιοιιι
338 1096 445 1168 animi,
460 1093 618 1170 quossuvin
630 1096 836 1171 lacrymarum,
850 1097 954 1171 quibus
966 1097 1056 1174 gemi-

21 1183 114 1241 tibus
133 1190 219 1257 atque
245 1175 418 1256 singultibus
436 1177 662 1236 succutientibus
687 1180 785 1236 omnia
807 1181 932 1244 membra
950 1182 1010 1235 einr
1029 1187 1058 1234 et
1131 1235 1137 1245 ,

22 1284 110 1343 pene
137 1261 397 1321 intercludentibus
423 1262 574 1335 spiritum,
609 1262 674 1336 quis
698 1259 766 1322 ullis
793 1263 918 1336 explicet
942 1257 1067 1330 verbis?¹

21 1349 139 1406 Vtrum
152 1353 271 1402 orarent
283 1345 345 1415 elii,
359 1362 413 1400 nec
426 1346 458 1400 in
471 1340 543 1400 haec
554 1362 655 1400 eorum
668 1352 848 1402 averteretur
860 1345 994 1413 intentio,
1006 1362 1071 1412 neg

23 1429 172 1490 sciebam.
214 1426 277 1504 Ego
291 1436 387 1502 tamen
399 1443 517 1503 prorsus
530 1445 615 1483 orare
628 1446 685 1484 nen
696 1435 840 1502 poteram:
865 1423 920 1482 hoc
933 1436 1058 1483 tantum-
1106 1465 1107 1476 ι

23 1512 121 1572 ruodo
135 1510 264 1566 breviter
277 1510 308 1566 in
323 1508 408 1566 eorde
421 1527 486 1566 meo
499 1509 576 1580 dixi,
602 1505 726 1566 Domine
745 1526 815 1584 quas
827 1517 942 1584 tuorum
959 1515 1058 1582 preces

25 1594 174 1665 exaudis,
201 1593 227 1650 si
238 1589 290 1648 has
302 1609 361 1648 nen
373 1584 512 1650 ''exaudisi
552 1590 633 1650 Nihil
646 1594 723 1648 enim
736 1589 808 1654 mihi
823 1589 972 1647 videbatur
993 1590 1059 1646 addi

24 1683 94 1736 iam
106 1693 205 1751 posse,
217 1675 321 1736 nisiut
333 1674 494 1749 exspiraret
506 1670 632 1748 orandoi
646 1673 842 1744 Surrentinus,
856 1682 885 1729 et
896 1682 1013 1746 accepta
1025 1673 1059 1728 ab

24 1762 182 1837 Episcopo
194 1755 396 1814 benedictione
410 1755 607 1813 discessimus:
633 1766 757 1834 rogante
770 1756 822 1810 illo
835 1751 868 1811 ιιι
879 1774 963 1812 mane
976 1755 1059 1810 ades·

23 1852 121 1912 sent,
143 1841 203 1895 illie
217 1848 251 1896 ut
270 1855 363 1914 aequo
377 1839 474 1894 animo
493 1849 569 1894 esset
582 1837 773 1914 hortantibus.
816 1834 918 1896 llluxit
934 1838 996 1894 dies
1010 1839 1059 1912 qui

27 1923 230 1990 metuebatur,
246 1919 368 1976 aderant
381 1921 457 1976 servi
472 1915 539 1991 Dei,
550 1922 625 1976 sicut
638 1939 669 1976 se
680 1920 832 1977 'adhrturos
846 1938 908 1976 esse
921 1921 1061 1995 promise·
1128 1967 1130 1976 ,

28 2016 120 2068 terit:
146 2004 272 2081 ingressi
284 2012 354 2059 sunt
366 2001 484 2069 medici,
510 2013 647 2076 parantur
660 2005 757 2059 omnia
769 2021 842 2078 quae
854 2001 992 2060 horailla
1009 2020 1061 2077 pe-
1144 2005 1147 2012 ’

31 2090 153 2159 scebat,
178 2085 328 2142 tremenda
340 2083 516 2141 ferramenta
528 2084 731 2158 proferuntur,
754 2087 885 2142 attonitis
900 2087 1062 2159 reuspensi·

35 2192 98 2250 quc
110 2169 256 2232 omnibus.
298 2167 351 2225 Eis
364 2175 459 2224 autem
473 2185 592 2242 quorum
607 2178 671 2225 erat
683 2169 776 2226 maior
789 2170 963 2240 auctoritas,
983 2167 1062 2223 defc-

37 2267 121 2313 etum
146 2253 237 2310 animi
264 2253 325 2308 eius
351 2249 747 2326 consolandoerigcntioua
774 2250 811 2306 ad
835 2270 936 2310 manus
955 2251 1063 2308 secturi
1103 2306 1105 2308 .
1137 2260 1141 2264 '

34 2334 170 2404 membre
182 2337 215 2392 in
228 2333 338 2391 lectulo
350 2341 571 2405 componuntur,
585 2335 738 2390 solvuntur
751 2334 820 2392 nodi
831 2336 1063 2412 ligamentorum,

35 2420 171 2480 nudatur
182 2419 279 2486 locus,
305 2415 422 2490 inspicit
433 2411 577 2485 medicus,
587 2475 588 2482 p
597 2425 626 2470 et
640 2416 795 2472 secandum
807 2419 888 2474 illum
906 2418 1002 2474 sinum
1015 2433 1062 2471 ar-

33 2511 137 2564 matus
150 2510 236 2574 atque
245 2502 374 2558 intentus
387 2497 518 2573 inquirit.
540 2494 693 2554 Scrutatur
706 2499 809 2567 oculis,
824 2497 980 2574 digitisque
995 2517 1064 2556 con-

35 2593 166 2656 trectat;
179 2591 275 2640 tentat
286 2581 409 2656 denique
421 2578 515 2637 modis
527 2578 674 2646 omnibus3
687 2581 801 2636 invenit
813 2579 1005 2636 firmissimam
1020 2583 1064 2637 ci-

36 2669 192 2728 catricem.
233 2663 294 2722 lam
307 2665 357 2720 illa
369 2662 481 2718 laetitia
496 2671 525 2718 et
537 2664 600 2719 laus
614 2671 700 2735 atque
712 2663 870 2738 gratiarum
889 2665 963 2718 actio
976 2665 1063 2720 mire·
1090 2703 1091 2708 ι

34 2747 154 2810 ricardi
166 2757 196 2804 et
207 2747 397 2821 omnipotenti
410 2743 490 2816 Deo,
516 2763 591 2819 quac
606 2743 673 2799 fusa
690 2753 735 2802 est
752 2762 802 2801 ore
821 2746 947 2802 omnium
968 2747 1063 2822 laeryz

36 2833 190 2894 mantibus
202 2830 329 2909 gaudiis,
343 2845 403 2885 non
416 2838 462 2886 est
474 2825 678 2884 committenda
692 2827 764 2884 meis
777 2827 889 2884 verbis:
917 2827 1064 2904 cogitetur

37 2918 150 2996 potius,
161 2932 244 2990 quam
257 2912 377 2970 dicatur.
471 2979 473 2982 ¹
1015 2965 1016 2970 ,

104 2995 143 3056 ln
156 2995 256 3054 eadem
269 2993 443 3072 Carthagine
456 2990 628 3049 Innocentio
642 2991 863 3069 religiosissima
874 2992 999 3062 femina,
1027 2991 1062 3048 dc

37 3081 191 3160 primariis
203 3079 293 3155 ipsius
307 3079 449 3146 civitatis,
474 3077 506 3131 in
521 3076 646 3132 mamilla
671 3094 808 3133 cancrum
829 3074 965 3132 habebat:
990 3093 1063 3147 rem,

38 3168 124 3222 sieut
137 3161 242 3219 medici
256 3161 371 3231 dicant,
384 3160 472 3220 nullis
485 3156 699 3214 medicamentis
712 3159 881 3215 sanabilem.
922 3159 979 3214 Αιιι
993 3176 1064 3234 ergo

38 3245 175 3325 praecidi
188 3244 309 3314 solet,et
320 3260 338 3297 a
350 3259 468 3316 cor-pore
481 3241 609 3314 separari
621 3241 779 3297 membrum
792 3240 842 3296 ubi
854 3243 1000 3297 nascitur:
1014 3233 1066 3297 aut

39 3338 77 3388 ut
87 3329 239 3402 eliquanto
252 3323 337 3382 homo
352 3321 460 3380 diutius
473 3320 572 3393 vivat,
598 3333 693 3380 tamen
710 3321 777 3378 inde
798 3332 891 3378 morte
908 3322 1066 3396 quamlibet

39 3411 158 3470 tardius
171 3403 322 3478 adfutura,
335 3403 491 3462 secundum
504 3404 705 3480 Hippocratis,
718 3415 752 3460 ut
765 3399 877 3475 fdrunt,
892 3407 1065 3462 sententiam
1137 3426 1147 3436 ·

41 3495 142 3553 omnis
155 3501 201 3548 est
213 3489 370 3546 omittenda
384 3489 503 3544 curatio.
545 3487 608 3544 Hoc
621 3488 673 3542 ille
686 3489 810 3560 aperito
823 3486 933 3542 medico
948 3497 977 3542 et
996 3505 1066 3543 suae

43 3577 145 3635 domui
157 3573 381 3630 familiarissimo
396 3571 561 3643 acceperet,
588 3579 618 3625 ct
635 3569 670 3626 ad
690 3571 782 3626 solum
796 3568 891 3626 Deum
909 3588 940 3623 re
957 3570 1065 3625 orando

41 3655 240 3720 converterat.
282 3653 459 3710 Admonetur
472 3654 502 3710 in
517 3654 625 3708 romnis
638 3653 882 3725 appropinquante
896 3650 1019 3723 Pascha,
1032 3659 1064 3707 ut

40 3748 76 3802 in
90 3750 174 3815 perte
187 3737 358 3794 feminarum
371 3735 536 3790 observanti
549 3733 584 3790 ad
599 3733 807 3806 baptisterium,
821 3750 1007 3808 quaecunque
1020 3735 1065 3791 illi

41 3823 194 3900 baptizata
208 3820 340 3894 primitus
352 3818 535 3886 occurrisset,
553 3818 683 3893 signaret
695 3817 723 3870 ei
739 3817 830 3871 locum
846 3818 929 3891 signo
944 3814 1065 3882 Christi?
1082 3811 1085 3823 “
