2310 4306
131 263 135 268 ,
159 195 223 262 on
246 201 466 262 crvrrnre
489 173 582 263 osi
599 183 829 268 urs-‘xuni
960 219 1016 274 ιιι
1088 243 1094 256 ,

45 355 155 436 Ηφιιι
175 366 386 432 expavescent,
414 365 444 413 et
461 355 655 414 tabernacola
675 368 778 416 terrae
795 358 936 418 Medion:
950 362 1016 421 ‘hoe

45 449 156 518 gentes
169 445 291 512 repente
300 439 474 511 perterritae
484 440 590 497 nuntio
601 440 778 495 nrirabilium
788 449 915 511 tuorum,
930 447 1017 502 etiarn

45 541 54 575 s
76 539 134 579 non
154 529 225 576 sunt
240 519 525 596 iniure'Romano',
554 523 644 577 ciunt
662 521 696 577 in
711 524 819 596 populo
839 521 1016 581 Christiano.
1098 509 1100 512 ¹

45 605 129 683 equid
139 607 172 660 in
178 593 353 678 flaminibus
365 605 464 659 iratas
474 621 504 662 es
517 602 657 673 Domine,
677 616 732 660 ont
743 607 773 660 in
778 606 952 680 fluminibus
956 593 1016 678 fn·
1040 619 1054 648 ι

45 697 129 756 tn'ns,
147 685 197 744 vel
208 687 239 740 in
253 689 333 758 mori
345 687 471 762 impetus
485 684 572 744 tonsi
593 686 660 743 Hoe
673 687 739 744 ideo
752 687 863 745 dietum
876 697 935 760 est,
949 691 1017 763 quia

48 771 138 827 venit
150 786 230 826 nuno
243 775 276 822 ut
287 767 398 824 iudicet
409 769 564 840 mundum,
577 769 629 826 sed
642 779 675 826 ut
687 771 817 828 salvetur
828 771 951 828 anundus
965 790 1022 846 per

45 871 83 909 m.
131 850 214 921 Quia
227 851 388 908 adscendet
400 867 491 930 snper
503 869 589 929 equos
602 861 684 922 tuos,
698 863 729 910 et
742 856 889 932 equitatio
900 864 954 912 tna
965 871 1025 911 se-¹
1101 843 1102 847 ¹

59 935 125 992 boc
138 942 201 1005 est,
229 931 441 1009 Evangelistue
455 935 498 990 tui
516 935 675 1006 portabunt
688 944 741 1007 te,
763 938 830 1011 quia
843 946 1018 1014 regnatura

47 1015 297 1094 etEvangelium
310 1019 481 1072 tuunrsslus
495 1018 612 1086 seteis,
639 1019 689 1092 qui
702 1020 870 1076 ereduntin·
883 1029 921 1075 te.
964 1017 1029 1077 In·

45 1101 101 1162 'ens
116 1099 253 1157 intendes
271 1116 374 1155 orcam
394 1109 475 1156 tunm
490 1116 582 1177 snper
602 1107 739 1179 sceptro,v
765 1103 840 1159 dicit
854 1101 1018 1160 Dominus:

45 1194 103 1256 est,
119 1181 345 1240 comminaberis
356 1182 497 1254 iudicium
507 1191 589 1239 tuum
602 1183 688 1240 etiam
697 1183 817 1261 regibus
828 1194 933 1250 terrae.
947 1184 1017 1243 ttu-

45 1259 107 1326 tue
133 1265 416 1322 scindetnr'teerot
436 1263 501 1320 boe
527 1275 590 1336 est,
616 1263 807 1322 influentibus
834 1269 1017 1326 sermonibus

45 1350 217 1406 dicentium
234 1357 279 1417 te,
307 1348 476 1420 aperientur
494 1347 529 1402 ad
545 1347 743 1420 confitendum
755 1347 905 1419 bominum
920 1350 1018 1422 eorda,
1034 1361 1046 1374 ·’

45 1451 81 1490 us
97 1433 287 1500 dictumest,
312 1427 447 1487 Scindite
467 1431 558 1487 eorde
577 1441 709 1500 oestro‚.
721 1442 752 1488 et
765 1451 821 1489 non
834 1435 1018 1492 vestimento.
1035 1489 1040 1498 ,
1066 1419 1072 1424 ’

45 1515 55 1572 Ι
69 1525 138 1586 est,
159 1511 305 1578 Videbunt
318 1522 364 1582 te,
379 1522 409 1569 et
422 1513 559 1569 dolebant
567 1514 687 1590 populi,
701 1515 759 1570 nisi
774 1524 807 1570 ut
819 1504 948 1590 lugendo
961 1518 1020 1573 sint

44 1597 76 1655 it
102 1596 183 1665 Quid
197 1604 258 1665 est,
273 1593 457 1673 Dispergens
471 1595 568 1672 equos
581 1597 711 1665 incesso,
724 1597 783 1653 nisi
800 1597 975 1654 ambulando
988 1601 1020 1655 in

45 1683 144 1758 quite
162 1695 371 1752 usquequaque
389 1681 585 1749 annuntiant,
611 1676 665 1733 bae
684 1689 772 1753 atque
791 1680 858 1740 illac
877 1679 1021 1757 dispergis

45 1775 91 1821 sta
108 1756 282 1819 doctrinael
309 1759 388 1827 Quid
400 1768 461 1832 est,
487 1760 615 1835 Alpesne
633 1762 716 1819 dedit
731 1777 827 1819 vocem
847 1760 952 1818 sunni
976 1761 1022 1819 Λιι

45 1847 166 1904 unditus
180 1843 276 1899 cordis
289 1841 410 1899 humani
422 1844 492 1918 quid
505 1846 533 1899 ei
546 1843 694 1900 videretur
709 1840 873 1919 expressitl
885 1843 1022 1902 Altitudo

45 1931 165 1988 etesiae
176 1944 266 1983 enee:
291 1934 429 2001 tanquam
442 1945 545 1983 versus
559 1928 718 2000 superioris
733 1938 778 1984 est
790 1929 951 2002 expositi03
978 1929 1021 1983 ala

45 2013 72 2070 lo
85 2012 171 2068 enim
182 2018 228 2065 est
238 2008 369 2083 abyssus.
397 2009 480 2076 Quod
491 2018 589 2066 autem
598 2012 654 2084 ait,
662 2009 846 2088 phantasiae
857 2009 1021 2080 snoasub-
1055 2001 1064 2030 ‘

45 2095 160 2156 endum
175 2101 238 2162 est,
263 2109 360 2148 nocem
374 2093 473 2150 dedit:
497 2092 554 2149 hoe
569 2103 628 2163 est,
652 2093 728 2168 quod
741 2094 886 2164 diximus,
913 2091 981 2166 quid
996 2094 1023 2147 ei
1069 2117 1093 2153 ι·

45 2188 133 2235 retur
149 2175 304 2248 expressit.
346 2172 504 2231 Phantasis
518 2177 622 2251 quippe
635 2178 711 2233 visio
727 2186 786 2246 est,
802 2193 889 2250 quam
901 2194 961 2230 non
976 2181 1022 2231 te-

45 2303 56 2332 ,
79 2277 147 2317 non
161 2257 290 2332 operuit,
314 2256 365 2311 sed
378 2257 543 2315 confitendo
558 2261 713 2315 cructavit.
756 2257 956 2326 Eleoetnsest
969 2258 1022 2326 sol,

45 2363 96 2402 mn
111 2343 202 2399 stetit
214 2341 245 2395 in
258 2339 361 2398 ordine
374 2357 445 2396 sno:
458 2339 513 2397 hoe
527 2341 588 2409 est,
602 2341 754 2398 adscendit
765 2339 897 2404 Christus
910 2342 941 2395 in
955 2359 1023 2396 eoe-

45 2469 52 2493 ‚
80 2436 114 2482 et
134 2423 272 2481 ordinata
288 2429 335 2477 est
347 2421 481 2480 Ecclesia
499 2423 551 2479 sub
569 2423 642 2506 rege
661 2439 723 2476 suo.
767 2418 803 2476 ln
817 2422 908 2478 lucent
923 2423 1023 2482 ioculo
1103 2481 1109 2486 ,

45 2511 157 2568 ibunt:
182 2505 237 2562 hoc
250 2507 312 2576 est‘,
326 2523 386 2562 uon
401 2506 436 2561 in
446 2506 605 2573 oecultum,
624 2499 675 2556 setl
686 2503 718 2556 in
731 2501 919 2559 manifestum
933 2506 1022 2561 verba

45 2596 213 2649 mittentur.
258 2584 294 2646 In
305 2588 486 2667 splendorem
498 2585 713 2643 coruscationis
727 2601 875 2640 armornm
889 2596 1023 2642 tuorum:

45 2673 221 2732 iudiendum
234 2680 295 2743 est,
309 2670 410 2727 incolo
424 2681 476 2729 tuo
490 2669 581 2725 ibunt.
614 2665 741 2722 Dixerat
755 2667 833 2722 enim
847 2667 922 2737 suis,
940 2667 1031 2738 Quae

60 2758 145 2815 vobis
160 2758 191 2811 in
206 2755 353 2824 tenebris,
378 2754 469 2810 dieite
482 2754 512 2807 in
531 2749 646 2807 himine.
686 2745 722 2807 ln
736 2743 956 2805 comenenntione
970 2755 1024 2806 erti-

45 2842 107 2897 sota
121 2849 254 2896 terrem:
277 2837 384 2906 idest,
399 2832 603 2890 comminando
615 2829 780 2887 humiliabis
795 2828 937 2893 homines.
982 2832 1024 2887 Et

45 2922 139 2982 innare
152 2921 276 2978 delicies
287 2914 407 2996 gentes?
432 2917 500 2991 quia
514 2915 627 3006 eosqui
641 2933 672 2970 se
687 2916 833 2984 exaltent,
846 2911 1023 2970 vindicando

45 3005 116 3060 ides.
160 3003 266 3078 Existi
278 3005 307 3057 in
322 2997 563 3076 solntenpopnli
573 2999 629 3069 tui,
645 3008 678 3054 nt
690 2995 787 3060 sulcos
793 2997 921 3068 faceres
937 2994 1023 3052 Cleri-

65 3098 149 3161 tnos‚·
173 3084 286 3141 misisti
303 3085 333 3138 in
351 3083 454 3159 eapite
472 3083 637 3156 iniquorum
656 3089 798 3148 nortem:
816 3076 897 3133 'nihil
922 3077 1025 3133 bornnr
1098 3135 1102 3140 ,

45 3159 264 3244 exponendum.
291 3163 447 3221 Eceitnsti
458 3162 577 3229 vinonio
591 3179 681 3241 usqne
695 3162 737 3217 od
745 3160 860 3217 ‘colione
897 3159 1025 3216 Esbous

45 3241 172 3325 possunt
185 3247 313 3325 intelligi
324 3245 442 3302 vincula
455 3246 633 3318 sapientiae,
645 3253 680 3301 ut
690 3243 861 3300 iniicianiur
874 3234 1024 3318 [vincian-

67 3327 153 3407 pedes
167 3336 198 3388 in
213 3328 363 3404 compedes
378 3330 458 3399 eius,
478 3337 508 3384 et
520 3327 627 3382 collum
640 3327 671 3381 in
685 3336 818 3401 torquem
831 3326 904 3378 eius.
929 3322 1024 3381 Proe-

45 3419 94 3473 'etl
101 3419 132 3474 in
140 3427 262 3494 stupore
276 3415 399 3470 mentis:
412 3410 630 3480 subaudiamus,
643 3408 781 3467 vinculo:
796 3407 935 3461 excitavit
948 3407 1025 3463 enim

45 3513 85 3570 ι,
109 3497 253 3574 praecidit
265 3497 358 3565 suala,
372 3493 525 3569 dequibus
540 3493 567 3547 ei
581 3491 703 3559 dieitur,
723 3487 895 3564 Disrnpisti
906 3489 1027 3546 vineole
1054 3483 1058 3486 ⁸

45 3581 176 3637 Rethos
190 3583 220 3635 in
228 3589 352 3654 stupore
361 3579 477 3646 mentis,
490 3576 520 3631 id
535 3583 588 3643 est,
602 3572 784 3628 mirabiliter.
801 3568 910 3644 Capito
918 3581 1037 3645 poten·

45 3679 70 3719 ιι
82 3663 272 3722 movebuntur
286 3663 316 3715 in
331 3677 384 3715 eo:
397 3660 428 3714 in
444 3677 478 3714 ea
493 3658 605 3712 seilicet
618 3654 817 3730 admiratione.
844 3648 1031 3727 Adoperient

45 3762 108 3802 *ens
120 3761 206 3812 enos,
221 3743 299 3798 sient
314 3743 400 3797 edens
406 3759 527 3817 pauper
539 3731 687 3792 dlsoonse.
715 3734 858 3806 ¹‘Potentes
873 3735 950 3788 onim
965 3738 1028 3809 qui.

45 3843 64 3882 u
78 3827 246 3884 ludaeorum
260 3823 417 3878 veniebant
430 3823 466 3878 mi
480 3821 636 3878 Dominum
651 3818 728 3875 iaetu
747 3817 809 3872 eius
824 3822 853 3869 et
868 3815 956 3873 verba
975 3821 1044 3874 mi-v
