2266 4312
182 217 239 276 an
261 195 475 277 civrrarn
498 213 580 278 aar
600 213 679 276 ma.
701 213 799 275 xrn.
940 221 1000 278 aaa
1082 169 1084 176 ¹

8 381 96 432 eetet
109 389 181 429 vera
193 372 320 444 iustitia,
340 363 402 428 non
415 371 471 426 nisi
487 369 585 428 divina
599 369 733 426 subvenit
744 369 848 448 gratia.
891 366 951 427 Sed
964 389 1001 426 ne

14 468 128 532 pterea
140 458 190 510 lex
204 463 355 528 putaretur
367 455 472 512 malum
481 485 500 525 ,x
517 456 656 529 quoniam
672 455 771 510 virtus
787 463 831 508 est
844 450 920 508 diota
932 461 1002 528 pea-

1 545 36 614 ';
65 539 136 596 ideo
158 541 222 611 ipse
235 539 293 594 alio
315 541 381 594 laea
397 555 518 595 versans
534 536 700 595 huiusmodi
720 538 932 611 quaestionem,
955 537 1002 590 in-

1 621 45 701 ts,
73 622 142 680 Lex
160 622 274 698 quidem
291 631 413 693 saneta,
436 630 467 677 et
479 621 648 677 mandatam
661 630 795 676 sanatam
808 629 839 676 et
852 621 960 674 iustam
974 627 1004 675 et
1041 627 1053 642 ⁵
1079 653 1081 658 κ

24 727 78 764 sm.
115 703 204 773 Quod
216 723 286 779 ergo
300 705 402 760 bonam
416 714 477 772 eat,
501 705 608 778 inquit,
630 703 703 759 mibi
712 701 835 774 factam
848 712 894 758 eet
906 698 1004 757 aeota?

1 795 63 848 'eia
90 787 155 846 Sed
158 798 327 864 peccatam,
348 797 382 844 at
394 798 544 864 appareat
551 797 724 865 peccatam,
743 804 805 865 per
818 785 919 842 bonam
931 782 1006 838 mibi

1 884 126 931 eratum
141 881 188 927 eet
199 880 332 939 mortem,
344 867 380 926 at
384 870 448 942 fiat
461 885 554 948 sopra
567 870 678 942 modum
684 879 830 945 peccator
844 860 1001 946 [peceant]

9 968 23 1013 t
33 964 199 1034 peceatum·
202 970 263 1029 per
275 954 456 1009 mandatam.
495 951 595 1029 Sapra
609 952 722 1008 modam
735 953 826 1024 dixitp
836 953 904 1026 qnia
915 951 1003 1005 etiam

16 1039 174 1094 evarieata
188 1034 314 1106 additur,
328 1054 393 1092 enm
405 1035 544 1112 peccandi
553 1045 638 1090 aneta
648 1035 770 1091 libidine
782 1035 869 1091 etiam
880 1037 929 1089 lex
940 1036 1003 1108 ipsa

1 1123 182 1177 ntemnitnr.
209 1117 268 1174 Cur
286 1117 342 1174 hoe
356 1117 637 1194 commemorandum
648 1114 830 1192 putavimus?
857 1119 931 1184 Quia
945 1118 1002 1172 sciss

21 1232 23 1237 r
53 1207 131 1260 sieut
144 1205 194 1258 lex
207 1220 267 1258 non
283 1205 455 1273 estmalum,
469 1202 582 1276 quando
597 1203 881 1278 augetpeeeantinm
894 1219 1001 1257 coneu-
1043 1249 1044 1252 ,

0 1290 157 1357 centiam3
184 1287 226 1341 ita
241 1302 295 1340 nee
307 1303 385 1340 mors
397 1283 506 1340 bonum
520 1293 580 1356 est,
601 1285 717 1359 quando
731 1295 819 1362 anget
830 1286 1002 1359 patientium
1102 1277 1109 1290 '¹

10 1374 110 1427 niam:
125 1387 193 1424 enm
205 1370 253 1423 vel
266 1369 317 1423 illa
327 1386 379 1442 pra
393 1365 545 1443 iniquitate
559 1367 719 1437 deseritur,
741 1378 770 1423 et
783 1367 869 1423 efficit
881 1385 1001 1440 praeva-

22 1464 129 1525 tores3
155 1453 204 1508 vel
218 1453 274 1506 ista
291 1469 343 1524 pra
362 1453 674 1525 veritate-suscipitur,
703 1459 733 1504 et
750 1450 837 1506 efficit
848 1449 1002 1524 Martyres.
1075 1487 1077 1492 .
1104 1445 1107 1450 ’

29 1557 81 1611 per
99 1535 156 1592 hoe
177 1536 227 1589 lex
245 1534 362 1608 quidem
378 1534 455 1590 bona
475 1545 535 1606 est,
562 1535 629 1609 quia
646 1531 801 1606 prohibitio
816 1535 1002 1606 est'peacati3
1087 1545 1094 1554 ⁴

8 1639 50 1676 rs
64 1630 163 1676 antem
176 1619 263 1688 mala,
279 1619 347 1692 quia
362 1618 539 1692 stipendium
553 1626 598 1672 est
609 1618 737 1691 peccati:
756 1615 806 1670 sed
819 1613 1002 1689 quemadmo-

21 1732 32 1753 n
52 1704 158 1759 iniusti
164 1703 243 1755 male
253 1710 376 1759 utentur
386 1719 445 1757 non
456 1711 572 1774 tantum
582 1701 678 1769 malis,
690 1717 792 1755 verum
806 1699 892 1752 etiam
904 1696 1003 1767 bonis3

1 1817 3 1820 v
28 1789 98 1842 iusti
111 1786 187 1841 bene
200 1793 387 1840 non'tantum
399 1783 493 1854 bonis,
508 1784 558 1838 sed
572 1785 659 1838 etiam
671 1783 765 1838 malis.
782 1778 860 1836 Hinc
873 1779 915 1848 fit,
929 1789 963 1834 nt
975 1788 1009 1834 et

0 1894 10 1915 e
33 1872 128 1924 imale
141 1870 207 1943 lege
221 1875 358 1936 utantur,
385 1870 521 1942 quamvis*
535 1869 574 1922 sit
592 1868 641 1922 lex
659 1865 780 1936 bonum;
806 1873 836 1920 et
848 1863 917 1919 boni
929 1862 1004 1917 bene
1045 1937 1046 1940 Ἴ

9 1955 148 2022 ·riantur,
162 1951 293 2026 quamvis
307 1951 346 2005 ait
358 1969 435 2005 mors
449 1952 564 2006 niolam.
649 1956 651 1961 '

277 2057 280 2064 ¹
337 2073 340 2078 '
376 2066 498 2124 cuP.
540 2066 599 2124 Vl.
653 2063 655 2068 ’
916 2121 917 2124 ,

35 2145 170 2215 generalis
181 2145 275 2198 mortis
286 2143 373 2210 malo,
385 2164 435 2216 qao
446 2147 551 2198 atrimae
563 2157 589 2198 et
599 2146 719 2214 corporis
729 2145 842 2198 societas
852 2152 1003 2214 separatur.

39 2237 222 2311 Quapropter
235 2237 312 2310 quad
326 2238 431 2292 attinet
445 2236 480 2312 ad
495 2237 623 2308 eorporis
637 2247 774 2308 mortem,
796 2236 826 2292 id
840 2247 900 2306 est,
919 2252 1002 2307 sepa·
1021 2249 1024 2252 ·

1 2319 118 2376 tionem
130 2323 246 2375 animae
259 2339 277 2374 a
290 2337 424 2394 corpore,
434 2339 507 2390 ¹enm
521 2337 583 2373 eam
595 2321 763 2393 patiuntur,
783 2322 834 2393 qni
847 2320 1003 2374 senentes

6 2405 173 2474 pellantur,
198 2403 273 2460 nulli
291 2403 368 2457 bona
386 2413 439 2460 esa
468 2401 565 2460 Habet
586 2405 664 2459 enim
687 2421 821 2475 asperum
840 2420 958 2458 sensum
975 2409 1004 2454 et
1052 2411 1053 2422 ¹

9 2497 78 2541 ntra
92 2496 227 2542 naturam
238 2487 284 2543 vis
298 2487 360 2559 ipsa
373 2504 429 2560 qua
449 2487 607 2560 utrumque
620 2485 784 2554 divellitur,
813 2484 890 2558 quod
908 2485 1005 2539 fuerat

1 2571 134 2625 ‘vivente
148 2571 337 2624 coniunctum
349 2569 437 2643 atque
458 2579 634 2638 consertum,
649 2566 785 2642 quamdiu
799 2569 938 2636 moratur,
953 2567 1004 2621 do-

11 2669 32 2703 c
44 2655 135 2708 omnis
150 2651 293 2708 adimatur
307 2670 420 2722 sensus,
435 2655 484 2726 qui
496 2670 532 2706 ex
545 2654 606 2724 ipso
618 2652 713 2714 inerat
723 2651 836 2705 animae
850 2650 1004 2721 carnisque

9 2738 137 2808 mplexu.
152 2736 247 2801 Quam
260 2744 351 2790 totam
362 2727 524 2790 molestiam
539 2751 748 2806 nonnunquam
760 2749 835 2787 unns
849 2731 1004 2806 ictusaar-

0 2832 2 2849 ³
14 2819 56 2872 ris
67 2821 114 2892 vel
127 2820 243 2874 animae
255 2828 355 2892 raptus
369 2820 526 2891 intercipit,
541 2837 595 2872 nee
609 2834 672 2870 eam
683 2817 786 2872 sentiri
797 2813 1005 2888 praeveniente

7 2893 125 2957 leritate
138 2903 291 2976 permittit.
335 2901 481 2976 Quicquid
500 2910 597 2956 tamen
614 2899 686 2954 illud
700 2909 745 2954 est
756 2901 788 2954 in
801 2895 1014 2968 morientibus„

0 2996 2 3013 ¹
15 2984 54 3039 od
65 3003 130 3039 cum
143 2985 229 3061 gravi
242 2983 443 3053 sensuadimit
456 3002 582 3054 sensum,
602 2984 649 3056 pie
662 2983 846 3056 fideliterque
856 2976 1005 3036 tolerando

12 3078 67 3144 get
76 3069 213 3123 areritum
226 3069 400 3142 patientiae,
427 3087 489 3148 nan
501 3066 599 3123 aufert
611 3067 789 3138 vocabulum
799 3083 918 3138 poenae.
961 3059 1006 3116 lta

0 3161 45 3206 *tn
62 3169 99 3216 ex,
115 3149 243 3206 hominis
259 3152 347 3225 primi
363 3158 534 3224 perpetuata
551 3150 712 3226 propagine
733 3150 834 3222 procul
857 3147 943 3203 dubio
968 3146 1006 3199 sit
1026 3141 1028 3146 ’

8 3249 52 3289 'rs
69 3253 165 3308 poena
182 3235 348 3304 nascentis;
373 3242 470 3288 tamen
484 3234 509 3287 si
521 3250 573 3306 pro
593 3233 700 3304 pietate
714 3233 883 3306 iustitiaque
897 3227 1005 3304 penda·
1024 3256 1041 3284 ·,

1 3325 41 3401 [¹⁹
63 3317 96 3371 fit
113 3318 209 3394 gloria
222 3319 419 3373 renascentis:
449 3324 557 3371 etcum
571 3316 610 3369 sit
623 3334 700 3370 mors
714 3315 826 3389 peceati
839 3311 1004 3380 retributio,

16 3400 130 3473 quando
145 3402 281 3476 impetrat
294 3409 327 3456 nt
339 3397 411 3455 nihil
425 3399 603 3454 retribuatur
614 3408 743 3473 peccato.

319 3513 487 3580 „cala
528 3512 615 3572 Vll.

3 3608 15 3643 ³
48 3623 147 3678 asarta,
165 3630 246 3682 qaam
254 3629 308 3668 aaa
317 3611 473 3681 regenerati
478 3627 535 3678 pro·
545 3609 649 3663 &bristi
658 3608 822 3680 confessione
832 3603 988 3672 suscipiant.
1000 3583 1002 3592 s
1047 3627 1049 3635 ¹

45 3703 118 3760 Nam
132 3707 300 3779 qniannqoe
313 3705 400 3758 etiam
412 3720 473 3758 non
488 3710 622 3775 percepto
644 3698 878 3778 regenerationis
892 3697 1007 3752 lavaero
1080 3759 1081 3762 Ἴ

14 3801 36 3838 ο
47 3787 155 3844 Christi
166 3787 353 3843 confessione
366 3787 547 3854 moriuntur,
573 3793 687 3839 tantum
707 3783 748 3838 eis
766 3782 845 3838 valet
861 3778 897 3834 ed
908 3776 1008 3833 dimit*

1 3871 67 3928 {aaa
80 3877 371 3946 peecata,'qnantum
384 3869 409 3923 si
422 3865 609 3924 abluerentur
623 3867 706 3924 saera
722 3866 807 3924 fante
818 3863 1021 3939 baptismatis.
1053 3877 1054 3880 ¹
