2266 4312
26 253 30 260 .
153 226 218 282 sor
383 187 1012 314 orviivnnmrnversrim⁸
1071 167 1081 290 ]

153 371 281 431 noirabili
295 369 352 428 Dei
366 370 463 447 gratia
481 361 715 444 praestabatur:)
726 371 834 434 ,tamen
850 377 881 422 et
900 369 975 423 alios
989 368 1128 423 sumebant

152 455 204 513 bos
217 465 333 531 praeter
345 451 434 509 unam
448 453 591 521 arborem,
606 469 681 525 qnae
691 450 968 520 lueratinterdicta,
982 470 1042 506 non
1054 453 1130 525 quisi

154 550 218 596 erat
231 541 349 608 malum,
364 535 415 590 sed
426 545 545 608 propter
557 533 816 590 commendandum
828 552 921 607 purae
934 544 964 588 et
974 535 1129 607 sirnpliciso

153 613 283 678 dientiae
296 621 415 688 bonum,
429 636 504 692 quae
517 635 625 693 magna
636 619 729 673 virtus
746 628 792 670 cst
804 619 961 672 rationalis
976 626 1118 672 creaturae

92 747 95 752 ·
154 705 294 764 Creatore
306 703 434 758 Domino
449 702 636 756 constitutae.
654 698 730 755 Nam
743 699 791 754 ubi
806 701 920 754 nullum
934 702 1042 754 malum
1055 707 1128 776 tange

153 799 214 858 tur,
228 787 375 860 profecto
375 802 401 838 ss
392 781 590 858 prohibitum
604 791 785 858 tangeretur,
804 785 865 837 sola
879 783 1079 839 inobedientia
1089 801 1129 856 pec

153 871 248 928 batur
271 867 430 930 Alebantur
445 885 515 942 ergo
530 867 595 920 aliis
609 883 683 939 quae
695 864 861 935 sumebant,
875 885 914 920 ne
925 868 1064 920 animalia
1073 885 1133 921 eon

17 983 19 990 ι
74 959 86 971 ”
150 952 306 1009 molestiae
320 948 430 1024 aliquid
444 948 601 1004 esuriendo
616 967 649 1003 ac
663 946 789 1003 sitiendo
804 949 968 1005 sentirent:
999 948 1116 1026 deligno

154 1046 214 1098 tem
227 1035 306 1090 vitoe
319 1042 474 1106 propterea
487 1030 670 1108 gustabatur,
683 1049 720 1085 ne
732 1049 812 1085 mors
826 1033 868 1086 eis
883 1031 1078 1105 undecunque
1086 1031 1128 1086 'sub

154 1126 254 1193 peret,
278 1118 325 1172 vel
339 1123 492 1171 senectute
507 1114 641 1170 confecta
654 1112 783 1168 decursis
797 1122 963 1187 temporum
977 1115 1076 1188 spatiis
1087 1117 1132 1169 int

154 1210 236 1257 rent:
250 1209 388 1274 tanquam
402 1206 517 1254 caetera
532 1204 630 1250 essent
644 1197 794 1266 alimento,
806 1193 878 1250 illud
891 1207 1088 1269 sacrament03
1100 1205 1124 1252 ut

154 1284 246 1340 fuisse
257 1283 419 1355 accipiatur
433 1281 545 1358 lignum
557 1280 636 1334 vitae
648 1280 680 1334 in
690 1278 823 1352 paradiso
836 1283 993 1353 corporali,
1008 1282 1112 1348 sicutin

153 1367 245 1437 ritali,
258 1359 312 1420 hoc
325 1367 380 1433 e'st,
393 1362 574 1439 intelligibili
586 1361 737 1435 paradiso,
752 1360 904 1434 Sapientia
918 1363 988 1435 Dei,
1003 1363 1039 1418 de
1052 1367 1101 1438 q'ua
1110 1381 1132 1417 ιι

96 1442 98 1444 ’
152 1459 236 1525 ptum
250 1458 307 1506 est:
321 1441 453 1522 Lignum
467 1448 547 1502 uitae
561 1455 606 1500 est
620 1442 861 1521 amplectentibus
877 1465 950 1503 eum.

515 1605 653 1670 CAP.
696 1607 809 1667 XXI.
876 1625 878 1630 ·

154 1709 196 1764 De
206 1710 376 1794 paradiso,'
364 1729 394 1764 ιιι
404 1725 457 1792 pue
454 1709 547 1777 priua
541 1708 676 1760 Ἰιιιιιιὶιιει
685 1710 819 1790 ficerunt,
834 1709 906 1776 quod
914 1716 989 1760 recte
995 1706 1106 1778 possit'

115 1821 122 1830 i
189 1781 295 1834 catione
306 1779 363 1832 eius
374 1781 498 1859 spiritale
507 1777 613 1845 aliquid
621 1778 744 1846 intellig
712 1797 754 1840 ι,
778 1781 853 1829 sulca
863 1778 983 1831 ueritate
992 1780 1107 1832 narratio

469 1847 615 1906 historicae
625 1849 656 1900 de
666 1815 802 1915 corpoluli
812 1850 875 1899 loco.

215 1955 298 2012 Vnde
307 1921 453 2014 nonnulli
471 1963 565 2018 totum
583 1955 666 2009 illum
682 1954 863 2028 paradisum,
888 1955 938 2009 ubi
956 1957 1044 2028 primi
1061 1953 1131 2031 boni

153 2047 288 2115 parentes
302 2039 420 2114 generis
434 2035 554 2096 humani
568 2047 687 2092 sanctae
699 2036 868 2111 Scripturas
881 2029 1009 2094 ueritate
1022 2039 1126 2094 fuisses

76 2141 78 2144 ·
154 2130 270 2189 rantur,
285 2120 527 2195 adintelligibilia
536 2119 681 2190 referunt
696 2121 870 2195 arboresque
880 2123 946 2176 illas
960 2132 989 2177 et
999 2125 1077 2199 ligna
1086 2121 1132 2174 ltu

155 2204 240 2260 fera
232 2220 263 2256 ιιι
276 2201 399 2256 virtutes
414 2203 492 2257 vitae
505 2220 659 2276 moresque
672 2213 861 2259 convertunt·
877 2214 1020 2278 tanquam
1028 2203 1132 2261 visibilia

125 2275 128 2286 ’
156 2283 318 2357 eorpor‘alia
332 2282 456 2339 illanon
469 2283 592 2355 fiacrint,
619 2285 681 2340 sed
689 2286 920 2362 intelligibilium
935 2286 1115 2364 significando

155 2385 243 2423 causa
258 2384 291 2420 co
305 2363 391 2434 niodo
405 2363 482 2419 dieta
493 2369 541 2422 vel
555 2369 663 2441 scripta
676 2371 763 2424 sint
789 2371 880 2435 Quasi
896 2380 1053 2444 propterea
1068 2386 1114 2424 non
1128 2392 1130 2413 ι

155 2441 245 2506 tuerit
258 2465 322 2502 esse
336 2446 488 2520 paradisus
503 2453 675 2522 corporalis,
699 2453 767 2526 quia
779 2462 876 2524 potest
890 2454 980 2508 otiam
994 2448 1132 2528 spiritalis

156 2533 267 2608 telligi:
286 2539 425 2605 tanquam
438 2529 514 2585 ideo
513 2548 579 2584 non
592 2533 703 2591 fuerint
717 2534 792 2590 duae
805 2537 959 2606 mulieres,
973 2537 1053 2614 Agar
1066 2545 1090 2590 et
1100 2531 1127 2588 Sa

156 2625 185 2670 et
199 2633 238 2668 ex
251 2615 309 2668 illis
324 2613 380 2670 duo
393 2613 462 2669 Filii
474 2610 625 2683 Abrahae,
645 2635 720 2673 unus
740 2618 775 2672 de
794 2620 918 2688 aneilla,
943 2620 1020 2690 alius
1039 2621 1071 2674 de
1085 2615 1126 2671 libs

118 2729 119 2732 ¹
155 2700 223 2773 quia
235 2696 291 2753 duo
300 2695 510 2754 Testamenta'
502 2715 533 2750 ιιι
548 2697 590 2750 eis
604 2695 735 2778 figurata
744 2700 815 2756 dicit
825 2683 1000 2774 Apostolus:
1011 2713 1064 2762 aut
1075 2699 1124 2755 ideo

156 2783 238 2838 nulla
249 2789 333 2854 petra
347 2771 451 2866 Moyse
464 2780 648 2853 percutiente
662 2799 736 2854 aqna
750 2783 921 2852 defluxerit,
946 2782 1132 2859 quiapotet1

155 2864 282 2941 figurata
296 2855 514 2938 significatione
527 2863 615 2916 etiam
628 2861 761 2918 Christus
775 2867 917 2943 intelligi,
940 2869 1040 2924 eodem
1053 2869 1115 2940 Ap⁰¹
1130 2888 1131 2907 ι

155 2946 284 3002 dicento:
303 2942 397 3002 Petra
411 2954 510 3000 uestem
522 2954 590 3000 erat
606 2943 752 3002 Christus.
778 2946 894 3004 Nemo'
887 2961 988 3025 itaque
1000 2945 1130 3025 probibet'

155 3030 251 3105 telligi
262 3027 451 3112 paradisum,
453 3028 544 3082 sitam
556 3026 724 3098 beatorum3
747 3039 870 3104 quatuor
884 3035 948 3087 cius
964 3033 1093 3100 flandra,
1126 3060 1128 3069 ν

154 3120 223 3167 tuor
237 3109 379 3180 uirmtes,
393 3107 593 3183 prudentiam,
607 3069 825 3183 fortitudinem,
843 3119 1077 3186 temperantiam,
1097 3119 1124 3167 rt

155 3195 312 3264 iustitiam3
338 3202 368 3247 et
380 3193 461 3268 ligna
475 3193 555 3262 cius,
577 3210 678 3248 omncs
692 3196 781 3250 utiles
794 3195 981 3270 disciplinas;
1005 3210 1034 3254 et
1045 3201 1112 3275 ligno
1128 3214 1130 3233 ¹

154 3276 277 3344 fruetus,
290 3293 386 3352 mores
396 3276 525 3349 piorum,
541 3284 570 3331 et
581 3276 694 3352 lignum
703 3279 793 3348 vitae,
807 3281 900 3353 ipsam
910 3279 1054 3338 bonorum
1063 3276 1131 3336 onai

117 3385 120 3394 >
153 3370 277 3416 matrem
290 3359 479 3432 sapientiam
506 3367 536 3412 ct
553 3358 664 3434 lignum
686 3361 827 3417 scientiae
848 3363 918 3418 boni
936 3373 967 3418 et
984 3365 1066 3432 mali,
1089 3372 1130 3416 tra

1 3519 4 3526 ἱ
74 3503 83 3507 ,
155 3445 252 3518 gressi
264 3440 648 3513 mandati'experimentum.
667 3440 795 3500 Poenam
809 3447 888 3520 enim
903 3441 1118 3520 peccatoribusl

155 3527 269 3600 utique,
284 3525 420 3598 quoniam
433 3525 520 3592 iuste,
535 3527 688 3580 constituit
698 3524 791 3598 Deus,
806 3528 858 3583 sed
871 3547 932 3585 non
945 3531 1021 3586 bono
1036 3547 1084 3584 suo
1095 3540 1129 3580 cx

44 3611 56 3622 ”
104 3625 110 3636 ·
155 3609 231 3662 ritur
244 3620 339 3663 nomo.
363 3606 490 3662 Possunt
502 3603 572 3663 haec
587 3609 675 3662 etiam
687 3611 719 3664 in
733 3609 866 3667 Ecclesia
880 3613 1067 3689 intelligi,ut
1078 3627 1106 3664 ea
1120 3632 1128 3651 ιι

153 3690 210 3744 lius
230 3692 408 3762 accipiamus
427 3698 564 3761 tanquam
583 3690 750 3765 prophetica
772 3695 881 3750 indicia
894 3696 1092 3769 praecedentia
1102 3689 1123 3744 lu

153 3787 269 3828 rorum:
284 3771 448 3867 paradisum
461 3773 593 3827 scilicet'
584 3792 677 3846 ipsam
689 3773 864 3848 Ecclesiam,
881 3780 959 3834 sicut
973 3779 1007 3833 de
1020 3780 1066 3833 illa
1078 3772 1124 3849 legi

134 3851 184 3926 ‘iu
197 3849 318 3915 Cantiao
331 3855 524 3914 canticorum:
537 3865 661 3932 quatuor
674 3869 772 3916 autom
782 3861 910 3936 paradisi
921 3861 1058 3932 flumina,
1063 3864 1119 3934 quat
1132 3888 1133 3895 ι
