2400 4312
256 209 316 272 ne
346 202 564 268 crvrrlrrr
590 207 668 268 nm
697 175 875 268 oraru.
1032 217 1090 270 ιιι

67 373 122 434 est,
147 371 182 418 ut
201 381 320 418 sensum
336 359 524 430 horribilibus
543 360 629 418 rebus
650 357 789 420 offensum
815 363 895 418 velut
919 365 1095 420 naturalium

65 447 342 520 eamarnmratione
362 443 474 500 reddite
494 443 639 502 deliniret.
768 457 770 460 ·
1085 441 1090 448 '

294 615 296 618 ·
384 579 506 652 cnr.
552 591 747 652 xxxiv.

72 693 106 746 De
116 694 190 746 libris
204 692 313 746 Numae
323 681 466 762 Ponrpp'b'i,
486 707 549 758 quot
569 681 690 755 senatus,
709 708 889 744 peractorum
899 708 1008 756 causae,
1029 707 1093 760 pua·

188 766 225 816 les
235 763 265 815 in
274 763 312 848 eir
328 759 511 824 habebantur,
529 760 738 828 innotescerent,
758 761 962 814 taetitiaeendi.

129 869 182 928 Sed
201 880 307 926 eontra
324 869 506 939 invenimus,
533 869 609 924 siout
622 869 684 942 ipsc
696 870 742 926 vir
755 868 940 926 doctissimus
953 861 1091 942 prodidit,

83 953 110 1008 de
119 953 222 1010 Numae
236 953 374 1028 Pompilii
390 953 472 1008 libris
485 950 613 1006 redditas
628 970 776 1008 sacrorum
795 971 896 1010 causas
911 950 1091 1008 nullomodo

87 1038 189 1108 potuisse
203 1038 341 1107 tolerari,
367 1055 423 1092 nec
436 1035 540 1113 dignas
558 1033 688 1107 habitas,
715 1054 788 1112 quae
806 1055 867 1092 nen
886 1035 981 1092 solum
998 1035 1092 1090 lectae
1176 1059 1181 1066 ¹·

20 1161 21 1168 ,
87 1119 280 1176 innotescerent
292 1120 457 1196 religiosis,
484 1118 536 1174 sed
554 1120 656 1174 saltem
672 1116 797 1193 ¹scriptae
815 1119 1046 1176 reconderentur
1058 1119 1092 1175 ia

86 1203 200 1258 tenebris.
243 1202 306 1259 lam
326 1205 405 1258 enim
424 1201 533 1272 dicam,
560 1202 636 1276 quod
649 1203 681 1260 in
695 1204 783 1260 tertio
796 1191 883 1260 buiud
897 1201 1002 1276 Operis
1016 1202 1091 1256 libro

22 1329 23 1332 ,
85 1303 118 1339 ne
129 1304 174 1342 suo
187 1288 252 1342 loeo
266 1287 411 1342 dicturum
424 1304 488 1340 esse
501 1287 699 1360 promiseram.
727 1285 818 1358 Nam,
839 1289 916 1349 slent
927 1285 1004 1360 ¹apud
1018 1303 1091 1340 eun-

24 1415 27 1436 ,
87 1365 134 1423 dem
144 1367 302 1427 Varronem
321 1371 431 1448 legitur
449 1370 482 1424 in
500 1370 574 1424 libro
593 1368 629 1424 dc
649 1371 728 1426 cultu
746 1369 885 1441 deorum,
910 1368 1092 1440 „Terentius
1156 1415 1158 1420 .

25 1480 31 1536 ι
87 1451 218 1525 „quidam,
246 1473 313 1510 eum
324 1451 445 1510 haberet
456 1451 492 1508 ad
505 1451 666 1509 Ianiculum
679 1451 817 1525 fundum,
832 1466 862 1510 et
874 1453 1012 1510 bubulcus
1027 1453 1091 1529 eius

27 1551 30 1590 ῑ
88 1536 171 1602 „iuxta
189 1539 357 1612 sepulerum
370 1529 482 1592 Numae
499 1535 633 1609 Pompilii
652 1537 801 1592 traiieiens
819 1547 949 1592 aratrum
968 1536 1093 1592 eruisset

19 1627 27 1657 ι
88 1629 218 1686 „exterra
232 1620 322 1676 libros
335 1621 411 1688 eius,
431 1617 479 1674 ubi
493 1635 640 1675 sacrorum
653 1620 855 1675 institutorum
868 1620 993 1690 scriptae
1006 1626 1095 1674 erant

88 1720 207 1775 „causae,
232 1706 266 1759 in
278 1702 385 1759 Vrbem
397 1701 752 1777 portulitadpraetorcm.
793 1702 832 1757 At
849 1702 898 1756 ille
916 1701 1091 1774 crnninspe-
1158 1717 1159 1724 ¹

19 1805 31 1874 ⁵:
88 1786 181 1852 „risset
196 1788 357 1862 principia,
382 1805 444 1842 rem
464 1795 575 1842 tantam
594 1785 698 1842 detulit
715 1783 912 1840 ad0senatum.
955 1783 1010 1838 Vbi
1028 1801 1092 1838 cum

88 1870 225 1941 „primores
239 1870 379 1945 quasdam
393 1887 493 1926 causas
506 1870 660 1946 legissent,
674 1887 725 1932 cur
738 1868 864 1943 quidque
877 1868 908 1924 in
921 1867 1012 1922 saeris
1025 1866 1090 1922 lue·
1176 1929 1177 1934 ι

19 1983 22 1990 =
88 1952 133 2018 „rit
143 1953 321 2024 institutum,
348 1953 461 2010 Numae
479 1962 595 2010 mortuo
613 1963 733 2010 senatus
746 1969 884 2014 assensus
898 1949 971 2020 est,¹
984 1965 1092 2024 eosque

20 2053 23 2082 a
89 2033 177 2101 „libros
189 2045 327 2114 tanquam
339 2037 473 2113 religiosi
487 2034 586 2092 Patres
601 2038 774 2111 conscripti,
799 2044 916 2110 praetor
929 2043 963 2090 ut
974 2032 1091 2089 combu-
1130 2107 1132 2116 ‚

18 2127 31 2204 ιι
89 2129 181 2190 „reret,
207 2120 417 2176 οιιιιειιιιιιιιιίέι
461 2117 567 2176 Credat
584 2121 706 2195 quisque
724 2118 912 2194 quodputat:
940 2118 1090 2172 imovero

18 2197 31 2292 ἕι
88 2196 160 2272 dieat,
186 2203 262 2280 quod
280 2202 442 2272 dicendum
453 2205 635 2279 suggesserit
653 2221 763 2260 vesana
774 2203 941 2272 eontentio,
969 2199 1092 2275 quilibet

18 2298 23 2331 ι
88 2289 164 2340 antec
183 2287 339 2361 impietatis
359 2285 497 2348 defensor¹
513 2287 657 2362 egregius.
700 2283 748 2344 Me
773 2285 929 2342 adrnonere
954 2277 1099 2354 sufficiat,

18 2367 20 2388 ⁵
88 2381 213 2426 unorum
230 2389 333 2429 causas
356 2389 374 2426 a
393 2388 464 2446 rege
477 2368 617 2443 Pompilio
631 2367 829 2426 Romanorum
843 2387 991 2424 sacrorum
1002 2367 1090 2422 insti·
1126 2415 1128 2424 ι

18 2467 21 2492 2
85 2455 368 2528 tutoreeonseriptas,
396 2455 582 2527 neopopulo,
608 2471 663 2508 nec
677 2443 808 2522 senatui,
835 2472 890 2508 uec
903 2453 1006 2506 saltem
1018 2450 1090 2525 ipsis

84 2536 270 2594 sacerdotibus·
282 2539 469 2594 innotescere
487 2535 638 2606 debuisse,
662 2536 813 2609 ipsumque
833 2535 956 2592 Numam
974 2533 1089 2608 Pompi-

20 2646 24 2687 ι
82 2613 135 2674 lium
157 2621 327 2677 curiositate
348 2621 451 2682 illicita
474 2619 510 2676 ad
532 2638 567 2674 ea
590 2618 761 2675 daemonum
778 2619 946 2692 pervenisse
964 2628 1090 2692 secreto,

18 2699 22 2876 l

82 2715 136 2772 quae
148 2705 212 2779 ipse
222 2703 337 2778 quidem
351 2703 504 2772 scriberet,
520 2712 554 2768 ut
563 2700 682 2758 baberet
693 2702 770 2760 unde
784 2701 908 2779 legende
922 2719 1089 2776 commone-

82 2795 156 2845 retur:
182 2788 233 2851 sed
248 2806 282 2844 ea
299 2797 413 2857 tamen,
439 2805 504 2842 eum
521 2803 575 2842 rex
594 2794 687 2856 esset,
713 2787 762 2859 qui
781 2787 900 2840 minime
918 2802 1090 2859 quemquam

18 2901 20 2946 ι
78 2879 219 2942 metueret,
245 2890 299 2926 nee
317 2870 422 2926 doecre
441 2871 581 2945 aliquem,
609 2887 662 2926 nec
675 2868 797 2924 delendo
812 2871 860 2924 vel
873 2886 989 2942 quoquo
1004 2865 1088 2924 modo

18 2969 19 2972 ’
78 2953 262 3022 consumendo
275 2953 397 3028 perdere
411 2952 543 3018 auderet;
569 2953 610 3008 ita
629 2950 706 3026 quad
723 2953 806 3008 seire·
818 2955 964 3008 neminem
985 2951 1087 3021 voluit,

75 3053 103 3092 ne
114 3036 244 3096 homiues
258 3036 371 3093 nefario
384 3035 516 3107 doceret3
536 3037 652 3092 «violare
668 3042 763 3091 autem
781 3035 891 3103 timuit,
919 3053 956 3090 ne
971 3033 1087 3090 daemo⁴

73 3137 116 3176 nes
127 3124 216 3177 iratas
230 3120 365 3190 haberet;
380 3120 489 3188 obruit,
503 3119 551 3174 ubi
564 3127 659 3182 tntum
670 3119 793 3192 putarit,
808 3119 939 3192 sepulcro
952 3134 1006 3171 suo
1018 3133 1086 3189 pro-

69 3205 200 3280 pinquare
214 3213 345 3262 aratrum
358 3217 443 3277 posse
457 3219 516 3258 non
531 3201 666 3264 eredens·
691 3199 818 3272 Senatus
832 3209 1004 3257 autemeam
1018 3199 1087 3254 reli-

68 3289 162 3364 giones
176 3285 353 3351 formidaret
361 3285 498 3346 danrnare
511 3286 667 3354 rusiorum,
695 3295 725 3342 et
743 3285 807 3340 ideo
820 3283 1087 3340 Numaeaseentire

67 3381 233 3450 mperatum
256 3371 324 3427 illos
337 3379 436 3426 temen
449 3369 538 3426 libros
550 3378 609 3424 tam
621 3368 801 3443 perniciosos
816 3385 879 3422 esse
891 3363 1041 3433 iudicavit,
1055 3372 1088 3418 ut

65 3472 113 3512 nec
130 3457 216 3512 obrui
236 3471 341 3510 rursus
359 3452 486 3522 iuberet,
512 3469 550 3508 ne
567 3450 692 3508 bunraua
710 3451 862 3506 euriositas
884 3448 974 3504 multo
998 3444 1086 3502 vehe-

62 3542 184 3596 mentius
198 3557 265 3595 rent
278 3529 490 3609 iamproditam
502 3533 670 3608 quaereret,
694 3534 746 3590 sed
763 3531 884 3588 ssanmris
906 3529 1015 3586 aboleri
1033 3547 1085 3584 ne-

61 3621 145 3680 fanda
157 3628 367 3680 monumenta:
392 3628 425 3674 ut
441 3619 508 3692 quia
518 3619 579 3678 ,iam
591 3635 711 3674 neeesse
724 3613 929 3670 existimabant
939 3625 1023 3666 ‘saera
1036 3609 1088 3666 illa
1169 3669 1170 3672 ι

59 3705 168 3777 iacere,
195 3702 381 3762 tolerabilius
403 3709 552 3758 erraretur
575 3701 668 3758 causis
693 3717 793 3756 eorum
815 3694 975 3774 ignoratis,
1000 3711 1086 3768 quam

60 3792 182 3868 coguitis
194 3788 306 3846 civitas
321 3784 491 3842 turbaretur.
566 3823 568 3836 r
