2362 4312
144 249 183 314 ιι
220 249 237 332 -ῖ
287 273 288 278 ¹
380 237 482 302 ιιιιι
508 223 994 335 ιιιιιιιιιιιιιιιιιιι

99 377 245 464 ‘secum
258 395 392 460 trahant
421 400 484 454 sive
501 395 658 454 homines·
648 406 716 456 ista
717 399 938 471 commiserint,
953 413 1027 477 quos
1042 399 1113 459 deos
1125 400 1167 462 ha·

107 485 111 500 ¹
142 490 240 567 berig
241 486 351 543 audent
364 501 415 558 qur
406 481 561 538 humanis
576 478 728 539 erroribus
742 483 888 560 gaudent,
901 503 954 560 pro
969 486 1076 561 quibus
1091 488 1179 544 etiam

145 593 176 630 se
168 569 328 628 colendos
342 567 421 623 mille
435 564 565 621 nocendi
576 558 769 665 fallendique
768 568 1102 654 ιιιιιιιιιιίιιιιιιιιιιιιιιιι;
1115 573 1177 628 sire

144 660 233 714 etiam
246 645 458 715 nonnullorum
470 643 809 706 hominumillacrimina
823 662 893 708 tera
907 653 977 724 sint,
993 665 1069 742 quac
1078 665 1169 714 tamen

144 740 179 796 de
193 735 363 796 numinibus
376 733 451 812 fingi
463 732 590 789 libenter
603 736 754 807 occipiunt
768 727 950 798 fallacissimi
977 733 1118 812 spiritns,
1141 750 1170 796 ιιι

133 821 180 880 ad
194 824 318 880 scelesta
332 828 367 902 ap
381 819 479 892 turpia
496 817 708 898 perpetranda,
735 819 829 878 velut
834 812 948 893 abipso
963 823 1047 877 coelo
1062 822 1169 879 traduci

142 911 173 964 in
188 917 282 962 terras
286 901 368 958 satis
382 895 489 958 idonea
503 897 640 957 videatur
653 904 823 958 auctoritas.
868 901 967 960 Cum
958 906 1053 984 rgitnr
1069 905 1178 962 Gracci.

142 993 246 1068 talium
259 985 413 1043 numinum
427 999 529 1042 servos
544 999 575 1040 se
590 1001 656 1040 esse
675 981 838 1057 sentirent,
864 979 944 1044 inter
967 997 1013 1045 tot
1038 1000 1069 1046 et
1094 999 1170 1046 tanta

142 1093 245 1131 eorum
250 1065 402 1128 theatrica
416 1067 574 1142 opprobria
587 1067 767 1144 parcendum
780 1026 838 1126 sibi
849 1081 867 1126 ιι
879 1073 974 1146 poetis
991 1068 1073 1129 nullo
1089 1075 1168 1132 niodo

138 1163 336 1234 putaverunt,
362 1153 411 1210 vel
425 1149 486 1210 diis
497 1143 559 1207 suis
576 1153 665 1208 etiam
678 1155 721 1208 sic
736 1149 918 1218 consimilari
930 1163 1115 1230 appetentes,
1128 1160 1169 1214 ιιι

139 1251 322 1310 metuentes,
349 1255 387 1292 ne
400 1227 601 1306 honestiorem
614 1236 743 1292 ianuam
734 1238 791 1312 ipsi
815 1233 1010 1316 requirendo,
1037 1250 1068 1296 et
1085 1243 1137 1297 eis
1143 1261 1169 1298 ιι

139 1323 195 1394 hoc
210 1317 295 1380 uredo
308 1319 520 1398 praeferendo,
547 1321 613 1376 illos
628 1319 665 1375 ad
676 1315 860 1408 iracundiam
884 1324 1092 1396 provocarent,

545 1477 668 1544 w
711 1475 779 1545 xi
865 1401 951 1481 (ιιι
969 1403 1168 1492 cnecon)

136 1589 180 1642 De
190 1563 301 1642 scenicis
310 1577 386 1654 opud
397 1584 535 1640 Graecoa'
524 1603 554 1638 ιιι
562 1583 727 1667 reipublicae
738 1553 1001 1639 ιιιιιιιιιιιιιιιιιιιιιιιι
1011 1589 1136 1658 receptio,
1145 1607 1170 1642 ιι

217 1658 286 1728 quod
292 1659 447 1726 placatores
459 1657 567 1708 deorum
576 1655 677 1715 iniuste
688 1655 721 1707 ab
733 1647 882 1708 horninibus
898 1672 959 1726 sper·
961 1667 1099 1712 necentur.

198 1747 243 1806 Αιι
267 1745 343 1804 hane
369 1745 610 1822 conuenientiam
640 1739 791 1824 pertinet,
823 1745 902 1821 quod
925 1749 1014 1804 etiam
1040 1751 1168 1806 scenicos

136 1817 253 1890 actores
273 1824 431 1887 earundem
457 1825 624 1887 fabularum
641 1847 702 1885 non
722 1848 814 1906 pamm
836 1831 965 1888 civitatis
990 1831 1106 1900 honore
1130 1829 1168 1888 di-

79 1963 86 1970 ,
137 1937 213 1997 gnos
241 1917 458 1971 existimarunt.
502 1903 681 1988 Siquidem,
700 1911 805 1988 quod
796 1933 828 1969 ιιι
849 1932 884 1969 eo
904 1933 1022 1990 quoquc
1037 1915 1168 1992 derepu-

135 2003 213 2072 bliea
238 2001 313 2055 libro
336 2006 602 2086 coumrcmoratur,
628 1996 789 2053 Aeschines
815 1995 1021 2072 Atheniensis,
1047 2001 1096 2058 vir
1113 2004 1169 2056 elo-

136 2083 400 2162 quontissimus,
390 2101 456 2137 cum
456 2079 647 2137 adolescens
674 2071 861 2160 tragoedias
869 2085 1072 2158 actitavisset,
1097 2104 1168 2142 rom·

135 2168 284 2264 publicam
313 2167 488 2240 capessivit,
516 2175 546 2220 et
557 2161 777 2238 Aristodemum
789 2167 939 2244 tragicum
952 2168 1023 2223 item
1042 2179 1168 2225 actorem

83 2245 87 2255 ¹
125 2251 272 2329 ¹urranimie
298 2243 333 2304 de
358 2249 446 2306 rebus
469 2247 550 2324 pacis
568 2267 604 2305 ac
620 2249 690 2306 belli
707 2252 838 2328 legatum
855 2249 892 2306 ad
904 2249 1075 2340 Philippum
1085 2252 1168 2309 Athe-

136 2336 255 2393 nienses
270 2347 356 2408 saepe
369 2333 524 2390 miserunt.
568 2333 637 2390 Non
658 2335 737 2390 enim
749 2343 983 2398 corrsentaneum
1002 2337 1167 2410 putabatur,

136 2413 333 2486 eunicasdem
344 2426 424 2474 artes
444 2409 621 2492 cosdemque
640 2419 775 2476 scenicos
795 2417 896 2490 ludos,
923 2421 1013 2476 etiam
1033 2410 1091 2476 diis
1111 2421 1168 2476 suis

72 2525 73 2528 ¹
135 2512 272 2576 acceptos
291 2499 454 2574 viderent,
471 2503 540 2558 illos
558 2521 615 2576 per
629 2520 702 2576 quos
728 2511 907 2580 agerentur,
933 2503 1091 2560 infamium
1106 2506 1168 2561 loco

74 2643 77 2652 ,
135 2606 169 2644 ac
183 2602 306 2644 numero
320 2580 470 2684 deputare.
503 2587 519 2622 *i
531 2581 614 2641 Hace
628 2585 738 2642 Gracci
751 2588 879 2662 turpiter
893 2582 1021 2666 quidem,
1035 2587 1089 2644 sed
1101 2606 1170 2644 sane

135 2669 192 2743 diis
207 2672 269 2726 suis
284 2673 403 2728 omnino
418 2678 636 2748 congruenter,
657 2671 726 2744 qui
733 2686 788 2725 nec
806 2672 898 2728 vitam
912 2672 1023 2727 civium
1036 2670 1168 2729 laceran-

135 2737 201 2810 dam
215 2755 326 2831 linguis
345 2763 499 2826 poetarum
519 2762 549 2808 et
562 2751 748 2820 histrionum
766 2745 940 2810 subtrahere
953 2756 1020 2810 ausi
1039 2767 1168 2828 sunt,a

135 2837 241 2913 quibus
257 2837 417 2893 cernebant
425 2829 554 2893 deorum
566 2837 658 2892 vitam
673 2815 809 2892 eisdem
800 2838 872 2910 ipsis
888 2831 944 2894 diis
957 2840 1129 2912 colentibus
1143 2847 1170 2896 et

133 2920 292 2978 libentibus
307 2921 402 2993 carpi,
428 2929 458 2975 ct
471 2921 551 2993 rpsos
563 2917 715 2991 hommes,
741 2938 794 2993 per
818 2933 891 2994 quos
914 2924 1003 2978 ista
993 2942 1027 2979 m
1046 2907 1168 2980 theatris

88 3079 89 3084 η
134 3005 300 3083 agebantur
314 3021 389 3078 quae
402 3004 591 3075 numinibus,
619 2997 725 3100 quibus
745 3001 856 3060 subditi
875 3009 976 3077 erant,
1005 3017 1093 3084 grata
1107 3025 1169 3063 csse

67 3108 69 3110 ·
120 3081 356 3184 cognoverant,
381 3105 442 3144 non
456 3089 552 3143 solum
564 3089 685 3142 minime
704 3083 914 3162 spernendos
905 3109 937 3146 ιιι
956 3091 1093 3163 ciuitate,
1120 3111 1168 3147 vc-

132 3177 199 3230 rum
225 3171 313 3228 ctiam
330 3173 457 3236 ιιιιιιιιιιιι
473 3169 665 3228 honorandos
690 3181 843 3246 putarunt,
887 3172 966 3240 Quid
992 3177 1073 3231 enim
1100 3193 1169 3232 eau-

133 3275 183 3314 sae
202 3255 333 3332 reperire
352 3265 494 3329 possunt,-
521 3273 574 3311 eur
587 3251 755 3332 sacerdotes
772 3247 956 3314 honorarent
970 3259 1039 3334 quia
1052 3277 1106 3333 per
1120 3276 1168 3314 eos

131 3343 267 3398 victimas
290 3334 347 3396 diis
369 3339 562 3414 acceptabiles
587 3335 765 3414 offerebant,
787 3350 822 3416 ,ιι
837 3337 983 3400 'scenicos
1008 3343 1167 3417 probrosos

25 3453 29 3464 s
49 3472 51 3478 ,
129 3423 289 3502 haberent,
315 3441 369 3498 per
383 3439 457 3500 quos
474 3425 555 3480 illam
574 3424 755 3498 voluptatem
774 3426 837 3482 sive
852 3424 994 3484 honorem
1010 3425 1068 3483 diis
1084 3425 1166 3482 ιιιιιίὁ

130 3507 194 3564 beri
207 3509 386 3582 petentibus,
412 3518 452 3579 et,
479 3506 653 3580 nisifierct,
678 3511 888 3586 irascentibus,
914 3509 1165 3568 corumadmoni-

101 3625 102 3632 ι
129 3593 213 3650 tione
227 3588 409 3650 didicerant?
436 3589 510 3649 Cum
521 3590 696 3667 praesertim
713 3593 831 3667 Labeo,
857 3613 944 3670 quem
959 3592 1166 3652 huiuscemodi

129 3692 231 3732 rerum
243 3678 456 3748 peritissimum
468 3670 651 3750 praedicant,
665 3679 787 3735 numina
799 3678 878 3736 bona
889 3698 908 3734 a
917 3673 1090 3736 numinibus
1105 3695 1164 3734 ma-

51 3821 53 3826 ,
127 3759 164 3814 ιιι
182 3760 239 3814 ista
253 3762 341 3817 etiam
355 3765 451 3818 cultus
466 3760 637 3818 diversitate
651 3759 832 3840 distinguat,
858 3773 892 3820 nt
903 3764 997 3820 malos
1011 3761 1084 3818 deos
1096 3780 1164 3836 pro·

116 3843 226 3912 pitiari
241 3843 379 3902 caedibus
405 3854 434 3902 et
455 3845 592 3904 tristibus
616 3847 899 3926 supplicationibus
907 3855 1043 3920 asserat,
1070 3845 1163 3902 bonos

104 3932 211 3977 autem
228 3925 384 4002 obsequiis
411 3931 501 3988 laetis
525 3941 616 4009 atque
630 3929 788 3992 iucundis:
815 3913 917 4007 qualib
937 3939 1030 4001 sunt,
1049 3939 1087 3985 ut
1101 3931 1166 4030 ipsc
