2400 4312
201 237 260 297 ιιι
300 225 303 231 ·
427 183 741 338 ιιιιιιιιιιιιι
767 199 1021 292 luevsrmr
1061 241 1062 244 Ν

200 386 292 457 nalis,
305 385 454 459 'tripertita
468 382 573 440 divisio
588 392 650 453 est,
664 383 696 438 in
709 380 794 452 deos,
810 379 960 452 homines,
974 380 1140 439 daemones.

200 470 431 525 excelsissimum
444 469 542 522 locum
554 474 675 534 tenent,
694 461 827 524 homines
840 464 987 535 infimum,
1002 461 1159 522 doemones

199 552 286 608 dium.
330 549 405 606 Nem
417 550 539 605 deorum
552 545 636 603 sedes
650 550 682 603 in
696 549 776 603 coelo
791 555 849 618 est,
872 546 1023 602 hominum
1036 549 1066 602 in
1077 555 1157 602 terra

100 661 101 664 ¹
200 641 268 690 stre
290 635 470 689 daemonum.
514 629 599 686 Sicut
617 631 660 686 eis
679 629 795 685 diversa
809 628 940 706 dignitas
960 625 1005 685 est
1020 631 1161 686 locorume

201 720 289 774 etiam
311 725 492 772 naturarum.
535 711 663 770 Proinde
677 710 718 768 dii
731 711 976 782 sunthominibus
990 711 1162 768 daemonibtl'

135 809 143 820 “
197 802 343 876 potiores:
368 795 502 853 homines
515 815 586 852 vero
599 797 677 853 infre
691 796 760 850 deos
774 805 804 852 ct
817 794 974 856 daemones
987 794 1130 868 constituti
1138 800 1160 845 6

199 891 233 938 ut
248 885 457 938 elementorum
471 880 590 951 ordine,
610 881 652 935 sie
666 867 831 935 differentia
844 880 1023 935 meritorum.
1065 878 1162 942 ιιιιιιι

198 967 290 1042 igitur
303 963 406 1032 medii,
430 963 670 1037 quemadmodum
684 959 739 1019 diis
754 958 856 1037 quibus
869 962 994 1036 inferius
1007 959 1160 1034 habitantp

90 1105 94 1112 ,
195 1046 341 1124 ponendi,
368 1048 410 1101 ita
435 1044 618 1116 hominibus,
646 1047 749 1120 quibus
769 1046 919 1117 superius,
945 1045 1123 1119 praeferendi
1141 1054 1162 1096 ι’·

196 1129 318 1187 Habent
335 1130 414 1185 enirn
433 1147 498 1184 eum
516 1129 572 1184 diis
596 1143 778 1184 communem
799 1129 1049 1187 immortalitatem
1069 1139 1162 1200 corpor

197 1215 364 1270 animorum
384 1221 482 1268 autem
503 1230 568 1274 cunr
590 1210 756 1268 hominibus
769 1212 931 1284 passiones.
961 1213 1162 1285 Quapropterz

197 1306 243 1352 est
255 1298 370 1365 mirum,
396 1297 548 1370 inquiunt,
563 1296 589 1350 si
603 1297 690 1350 etiam
703 1295 837 1350 ludorum
850 1295 1099 1351 obscoenitatibus
1116 1303 1162 1366 etp

196 1381 294 1435 terum
306 1379 455 1456 figmentis
467 1379 664 1448 delectantur3
679 1377 913 1452 quandoquidem
924 1387 954 1433 ct
964 1375 1098 1435 humanis
1110 1377 1162 1450 capi

197 1460 420 1531 tur-affectibus,
435 1481 452 1516 a
464 1461 568 1536 quibus
580 1460 621 1515 dii
632 1463 720 1538 longe
732 1461 839 1518 absunt
852 1470 882 1515 et
893 1461 987 1516 modis
998 1462 1128 1518 omnibus
1140 1461 1162 1514 al

198 1557 276 1602 sunt.
320 1545 438 1620 Exque
453 1545 618 1622 colligitur,
641 1543 795 1598 Platonem
804 1539 922 1616 *poetica
936 1543 1108 1600 detestando
1121 1551 1162 1615 ιιι

196 1628 322 1685 hibendo
342 1629 501 1706 figmenta,
527 1645 588 1683 non
607 1626 692 1696 deos,
719 1627 769 1700 qui
787 1644 888 1682 omnes
902 1626 1019 1682 boniet
1031 1627 1162 1682 excelsis

196 1715 325 1788 privasse
339 1713 475 1767 ledoruni
488 1711 670 1766 scenicorum
682 1710 846 1783 voluptate,
874 1707 925 1764 sed
939 1709 1106 1764 daemones.

259 1795 379 1851 Hace
356 1814 391 1870 ιι
395 1796 435 1849 ιιι
449 1803 534 1863 sunt,
560 1794 716 1866 quaelicet
729 1787 804 1865 opud
818 1793 890 1847 alios
906 1801 1021 1867 quoque
1033 1793 1162 1866 reperiar

171 1899 174 1903 ’
196 1880 335 1952 Apuleius
349 1887 448 1933 tamen
461 1875 629 1930 Platonicus
644 1874 860 1944 Madaurensis,
887 1874 922 1929 dc
940 1873 995 1930 hac
1014 1895 1048 1934 re
1068 1878 1129 1932 sola
1141 1893 1162 1930 ur

196 1963 315 2035 scripsit
327 1961 449 2028 librum,
465 1959 548 2013 cuius
563 1959 680 2014 titulum
694 1975 757 2012 csse
770 1959 881 2027 voluit,
896 1957 998 2013 dedeo
1014 1957 1157 2015 Socratis:

197 2045 315 2100 disserit
329 2051 358 2096 ct
370 2042 503 2113 exponit,
518 2057 555 2096 cx
570 2058 626 2113 quo
640 2059 750 2118 genere
765 2042 916 2098 numinum
931 2059 1042 2097 numen
1056 2043 1112 2099 sibi
1126 2039 1162 2098 So

198 2137 241 2181 ιιι
255 2124 378 2180 habebut
391 2122 561 2178 adiunctum
579 2132 609 2177 et
627 2125 756 2179 arrrieitia
774 2123 897 2198 quadarn
914 2125 1120 2195 conciliatum,
1145 2143 1161 2180 s

196 2206 365 2283 perhibetur
384 2207 487 2260 solitus
502 2205 667 2276 admoneri,
694 2215 727 2261 ut
740 2207 894 2262 desisteret
906 2206 943 2260 ab
956 2203 1092 2284 agendo,
1118 2226 1162 2282 ιιιιι

197 2291 226 2346 id
241 2287 318 2364 quod
331 2307 419 2364 agere
431 2287 563 2357 volebat,
586 2307 647 2344 non
660 2307 809 2386 prospere
812 2290 909 2357 fuerat
922 2300 1110 2374 eventurum.
1151 2290 1162 2347 ι

197 2374 276 2434 enim
293 2371 502 2445 apertissime,
531 2381 561 2427 et
587 2373 786 2444 copiosissime
812 2375 931 2442 asserit,
958 2367 1022 2428 non
1040 2373 1162 2430 ιιιιιιιιι)

196 2456 253 2511 fuis
256 2475 302 2527 sc,
317 2453 369 2510 sed
377 2453 567 2524 daemonem,
587 2453 723 2530 diligenti
737 2452 935 2526 disputatione
948 2459 1156 2526 pertractans
1149 2476 1162 2512 ι

196 2539 328 2595 Platonis
349 2537 386 2592 de
406 2535 526 2593 deorum
544 2538 723 2592 sublimitate
737 2549 767 2590 et
779 2535 929 2592 hominurn
942 2535 1109 2596 humilitate
1123 2548 1152 2594 ct

195 2641 314 2698 monum
327 2619 484 2676 medietate
499 2621 684 2675 sententiam.
724 2617 810 2674 Haec
825 2635 895 2695 ergo
909 2621 935 2688 si
948 2622 993 2675 ita
1005 2631 1093 2691 runt,
1109 2641 1162 2698 quo

195 2706 281 2762 modo
295 2722 381 2761 ausus
396 2712 441 2757 est
452 2702 551 2774 Plato,
571 2704 658 2758 etiem
673 2703 698 2756 si
711 2717 772 2758 non
785 2702 859 2772 diis,
874 2719 947 2776 quos
961 2704 997 2759 ub
1013 2704 1162 2760 omnihus

131 2791 132 2798 ’
197 2789 374 2864 contagione
393 2787 534 2855 semovit,
562 2794 642 2862 ccrte
655 2786 723 2858 ipsis
738 2784 942 2856 daemonibus,
969 2796 1074 2858 poetas
1088 2789 1157 2845 urbe

193 2869 300 2940 lendo,
315 2867 430 2924 auferre
444 2867 601 2924 theatricas
615 2869 796 2941 voluptates,
810 2868 868 2922 nisi
882 2871 950 2942 quia
963 2866 1020 2924 hoc
1032 2879 1119 2944 pacto
1133 2871 1162 2926 ad

132 3005 133 3008 ,
196 2955 261 3009 nuit
274 2953 402 3007 animum
410 2943 581 3020 humanum,
594 2952 725 3025 quamvis
739 2950 851 3006 adhue
843 2969 874 3006 ιιι
888 2949 933 3006 his
943 2953 1128 3010 moribundis
1142 2974 1162 3008 ιι

195 3037 257 3093 bris
270 3036 411 3118 positum,
430 3052 482 3108 pro
497 3033 651 3107 splendore
664 3031 847 3088 honestatis
838 3051 951 3108 rmpura
964 3034 1162 3093 daemonumi

197 3128 404 3186 contemnere,
431 3134 591 3191 eorumque
606 3116 818 3172 immunditiam
831 3114 993 3173 detestari?
1019 3117 1135 3175 Nam
1111 3119 1163 3176 srl

197 3201 269 3258 haec
283 3199 488 3257 honestissime
502 3201 601 3276 arguit
614 3207 644 3254 et
655 3199 815 3272 prohibuit,
840 3199 973 3272 prolecto
991 3199 1151 3259 daemones

161 3341 169 3356 ,
197 3287 317 3360 pissime
331 3293 529 3358 poposcerunt
542 3292 629 3357 atque
643 3284 798 3338 iusserunt.
841 3284 899 3338 Aut
912 3301 984 3360 ergo
999 3283 1162 3360 falliturdp

197 3370 260 3438 ius,
289 3377 318 3422 et
330 3385 391 3424 non
406 3385 443 3420 cx
457 3369 516 3422 isto
533 3383 643 3442 genere
656 3368 809 3422 numinum
821 3361 1065 3422 habuitamicum
1080 3368 1162 3425 Socra

197 3461 248 3506 out
261 3451 410 3506 contraria
424 3451 501 3504 inter
515 3467 546 3503 se
560 3450 651 3504 sentit
663 3447 766 3520 Plato,
780 3447 865 3504 modo
880 3449 1037 3505 daemones
1051 3450 1162 3509 honora

198 3533 282 3590 modo
297 3551 397 3588 eorum
411 3532 530 3588 delicias
553 3551 570 3587 a
595 3533 712 3588 civitate
730 3532 805 3588 bene
826 3540 940 3587 morata
960 3536 1162 3608 remorendo3

197 3635 258 3672 non
278 3625 323 3670 est
341 3614 456 3678 Socrati
473 3616 604 3672 amicitis
623 3614 981 3691 daemonisgratulanda,
1009 3615 1045 3672 de
1066 3614 1125 3694 ιιιιιι
1145 3639 1162 3676 u

198 3698 270 3754 adeo
285 3707 315 3753 et
328 3699 389 3772 ipse
401 3698 541 3772 Apuleius
555 3715 615 3754 non
634 3698 769 3767 erubuit,
796 3706 828 3751 ut
841 3697 876 3752 de
890 3698 943 3753 deo
958 3699 1096 3760 Socratis
1110 3720 1162 3775 pre

197 3789 273 3836 taret
285 3780 410 3852 librum,
437 3799 523 3856 quem
541 3779 701 3835 seeundum
720 3797 803 3833 suam
813 3779 1069 3854 disputationem,
1098 3805 1155 3862 qua

194 3878 210 3918 ι
224 3861 414 3920 daemonibus
428 3871 488 3920 tem
501 3859 659 3943 diligenter
679 3863 854 3938 copioseque
875 3863 1036 3939 discernit,
1065 3887 1128 3928 non
1142 3889 1158 3924 u
