2362 4314
93 233 100 242 -
199 210 851 288 uuor-vrrsrnnmmnxxs.
911 229 916 240 ·
965 215 1034 291 :un¹

45 376 179 444 peccata
193 368 258 427 siue
271 366 376 442 quibus
390 387 445 424 nec
457 386 510 426 vos
524 369 626 440 eritis,
640 369 693 445 qui
705 369 858 430 iustificati
872 367 902 428 et
915 375 1024 432 sancti·
1053 412 1062 423 ,

45 451 50 510 ἰ
80 447 179 511 estis?
205 451 257 508 ubi
269 469 341 527 ergo
353 453 416 523 illi,
443 453 494 526 qui
508 449 650 526 perhanc
663 454 826 510 orationem
839 459 1025 524 occasionem

45 535 248 595 strandoruur
260 534 391 609 quotidie
405 537 548 591 scelerum
561 546 733 614 quaerunt‚‚
749 535 852 593 dicunt
863 538 1024 598 Dominum

45 618 276 679 ifieasse'etiam
288 635 395 695 magna
406 629 542 694 peecata,
556 620 693 693 quoniam
706 623 767 676 non
778 619 867 694 dixit,
887 622 1026 682 Dimittct

45 724 54 760 ι
88 721 198 782 parva,
224 700 277 757 sed
291 712 423 778 peccatu
444 712 565 759 vestro.-
588 702 630 758 ibi
648 720 703 759 nos
717 704 939 762 considerantes
952 725 1025 781 qua·
1104 693 1105 698 ἵ

45 829 46 836 1
77 786 274 864 loquebatur,
299 793 330 840 et
342 784 493 841 audientes
506 786 632 858 dictum,
649 796 782 865 peccata
806 799 925 860 vestra,
950 792 1026 848 nihil

45 871 51 928 l
66 873 213 930 debemus
226 869 396 925 existimare
409 887 495 944 quarn
506 888 615 944 parva,
628 869 767 946 quoniam
778 873 882 929 talium
891 875 950 932 iam
958 873 1024 934 ‘riou

45 965 60 1012 t
79 972 200 1032 magna.
242 951 451 1009 Verumtamen
464 971 519 1008 nec
532 955 596 1028 ipsa
608 973 731 1032 magna,
750 957 888 1032 aquibus
903 961 1023 1016 omuino

45 1043 102 1098 rtis
116 1040 150 1096 in
163 1037 267 1094 melius
280 1036 411 1092 moribus
423 1036 619 1094 recedendum
631 1048 692 1110 est,
710 1039 900 1100 dimittuntur
913 1044 1024 1099 oranti·

74 1124 137 1182 nisi
155 1121 209 1179 liat
221 1118 298 1196 quod
310 1119 353 1176 ibi
365 1118 488 1192 dicitur,
513 1118 600 1200 Sicut
613 1130 644 1184 et
655 1139 708 1192 noa
722 1124 898 1204 dimittimus
912 1117 1020 1184 debito·

45 1223 58 1262 s
78 1207 204 1265 nostris.
245 1203 280 1261 Si
298 1205 379 1260 enim
396 1205 518 1261 minima
537 1213 671 1278 peccata,
697 1203 886 1281 sine'quibus
904 1220 1024 1266 nonest

45 1309 69 1347 n
84 1293 150 1349 vita
163 1291 321 1358 iustorum,
334 1289 421 1358 aliter
431 1307 492 1345 non
502 1290 705 1348 remittuntur:
720 1299 829 1364 quanto
840 1295 935 1370 magis
948 1293 1024 1358 mul-¹

45 1382 63 1428 t
79 1374 199 1452 magnis
214 1372 384 1428 criminibus
397 1373 534 1443 involuti,
548 1373 663 1428 etiamsi
674 1391 709 1428 ea
721 1382 890 1447 perpetrare
903 1379 962 1434 ianr
972 1378 1022 1433 de-

45 1469 102 1529 nt,
117 1458 228 1514 nullam
241 1454 457 1532 indulgentiam
471 1464 708 1530 consequuntur,
727 1458 753 1512 si
764 1456 801 1513 ad
815 1459 1023 1517 remittendum

55 1539 143 1617 quod
156 1541 188 1596 in
202 1557 252 1594 eos
266 1540 390 1613 quisque
401 1541 584 1613 peccaverit,
597 1539 796 1596 inexorabiles
809 1541 937 1614 fuerint,
954 1563 1024 1602 eunr

45 1631 53 1678 t
74 1619 238 1682 Dominus:
252 1621 288 1680 St
300 1632 399 1680 aretem
412 1641 468 1679 non
481 1623 658 1679 dimiseritis
671 1622 833 1681 bominibus
848 1621 1023 1706 [peceatoL

45 1724 74 1765 :e
87 1707 182 1766 Pater
193 1716 292 1764 cester
305 1707 437 1772 dimittet
448 1703 550 1763 cobis?
592 1704 637 1762 Ad
659 1705 715 1762 boe
742 1709 821 1763 euim
844 1711 924 1766 valet
945 1710 1023 1784 quod

45 1807 71 1848 n
80 1783 209 1850 ¹lacobus
222 1790 379 1863 Apostolus
392 1791 449 1862 ait,
475 1790 616 1848 iudicium
628 1791 762 1847 laturum
775 1793 841 1849 sino
854 1793 1022 1852 misericor·

45 1875 100 1933 illi
123 1876 174 1952 qui
197 1892 257 1930 non
276 1873 353 1929 fecitv
364 1873 602 1931 misericordiam.
649 1873 758 1934 Venire
774 1877 879 1951 quippe
892 1875 977 1934 debet
990 1873 1022 1934 in
1098 1865 1101 1868 ¹

45 1966 111 2016 tem
126 1960 214 2015 etiam
228 1975 331 2014 serras
346 1958 414 2028 ille,
440 1957 488 2012 cui
501 1957 627 2014 debitori
641 1957 775 2016 dominus
790 1961 853 2015 eius
874 1962 1022 2019 relaxavit

48 2060 83 2100 ru
96 2045 189 2099 millia
201 2043 398 2113 talentorum3
424 2059 499 2117 quae
511 2051 615 2117 postea
626 2043 714 2100 iussit
727 2052 762 2100 ut
774 2042 926 2115 redderet,
944 2046 1022 2120 ¹quia
1104 2109 1105 2112 Ἴ

54 2146 121 2186 ιιοιι
134 2128 271 2196 misertus
289 2133 335 2180 est
353 2127 489 2183 conservi
508 2127 570 2214 sui,
596 2129 646 2202 qui
661 2128 689 2182 ei
703 2126 827 2184 debebat
839 2137 958 2184 centum
971 2129 1021 2184 de-

46 2227 94 2268 os.
132 2210 175 2267 Iu
186 2209 232 2266 his
253 2228 324 2286 ergo
345 2209 395 2283 qui
413 2208 468 2265 filii
482 2220 551 2267 suut
562 2211 765 2285 promissionis
780 2220 810 2268 et
822 2227 893 2267 vasa
905 2213 1022 2268 miseri-

45 2289 114 2366 liae,
127 2296 206 2352 valet
219 2292 297 2367 quod
307 2293 349 2348 ait
359 2291 609 2368 idemApostolus‚
625 2294 1021 2375 consequenteradiungens‚
1049 2337 1057 2344 .
1093 2332 1096 2344 ‹

45 2377 216 2436 erexeraltut
229 2372 480 2454 [Superexoltat]
504 2387 602 2434 autem
615 2380 822 2436 misericordia
835 2374 943 2438 iudicio
958 2377 1022 2456 [iu-

45 2460 117 2537 amJ.
163 2461 309 2527 Quoniam
329 2468 359 2514 et
378 2459 422 2515 illi
439 2460 508 2515 iusti
528 2461 577 2535 qui
590 2469 678 2516 ¹tauta
699 2464 856 2518 sanctitate
869 2466 1021 2534 vixerunt,
1122 2457 1124 2466 '

45 2541 102 2614 lios
117 2563 230 2621 quoque
242 2543 387 2617 recipiant
399 2545 431 2599 in
445 2543 632 2600 tabernacula
646 2553 782 2615 aeterno,
807 2545 912 2620 quibus
936 2548 1023 2602 amici

45 2627 50 2682 i
69 2639 141 2686 sunt
153 2629 188 2684 de
201 2645 366 2684 mammona
379 2628 557 2701 iniquitatis,
569 2636 603 2684 ut
615 2627 688 2683 tales
699 2636 809 2697 essent,
822 2628 1021 2686 misericordia
1044 2648 1060 2694 ’,
1074 2629 1075 2632 ’

45 2715 100 2770 :ati
114 2711 231 2769 suntab
250 2711 351 2786 coqui
372 2711 515 2768 iustificat
531 2712 667 2786 impium,
693 2712 839 2784 imputans
859 2712 1022 2769 mercedem
1121 2711 1126 2718 ’

49 2797 142 2854 ndum
155 2796 297 2875 gratiam,
323 2811 383 2852 non
397 2793 556 2851 seeundum
570 2794 708 2850 debitum.
751 2792 786 2851 ln
801 2813 902 2852 eorum
916 2799 1021 2870 quippe

45 2891 107 2937 lero
122 2869 340 2955 estApostolus‚
353 2879 404 2955 qui
414 2878 499 2950 dicit,
513 2877 754 2964 Misericordiam
765 2887 936 2942 consecutus
947 2897 1022 2948 aum,
1104 2913 1106 2920 a
1119 2904 1124 2916 ·

45 2960 135 3022 idetis
149 2982 249 3022 essem.
290 2992 293 3008 ›

45 3043 94 3104 llli
107 3057 204 3106 autem
218 3047 269 3122 qui
281 3047 463 3122 recipiuntur
479 3063 496 3102 a
509 3046 617 3102 talibus
635 3047 667 3102 in
684 3045 873 3103 tabernacula
882 3037 1021 3116 aeterna,
1073 3103 1075 3106 ,

45 3131 136 3192 ndum
158 3140 203 3186 est
217 3129 295 3205 quod
306 3149 367 3187 non
388 3131 449 3186 sint
466 3127 511 3186 his
530 3129 658 3186 moribus
676 3129 817 3205 praediti,
844 3139 878 3186 ut
892 3121 936 3184 eis
947 3129 1021 3185 libc-

45 3210 83 3272 tis
97 3217 161 3271 siue
176 3212 316 3290 suffragio
330 3224 501 3270 sanctorum
515 3231 568 3268 sua
581 3215 676 3287 possit
688 3216 749 3270 vita
763 3212 909 3281 sufficere,
924 3231 958 3268 ae
970 3230 1022 3286 per

46 3301 142 3356 multo
156 3299 281 3372 amplius
292 3299 324 3351 in
335 3298 377 3352 eis
389 3297 607 3371 superexsultat
615 3295 818 3353 misericordia
828 3294 945 3352 iudicio.
959 3293 1021 3351 Nee

45 3383 162 3440 enideo
178 3379 323 3455 putandus
344 3390 389 3438 est
405 3381 558 3456 quisquam
576 3382 817 3437 sceleratissimus
838 3397 1022 3456 nequaquam
1097 3370 1110 3378 ’

56 3466 105 3524 vel
123 3466 201 3521 bona
218 3466 265 3521 vel
279 3464 475 3522 tolerabiliore
491 3473 637 3535 mutatus,
661 3465 754 3538 recipi
777 3465 809 3520 in
833 3464 1022 3536 tabernacula

45 3568 122 3620 rna,
149 3550 288 3623 quoniam
302 3546 455 3603 obsecutus
469 3556 514 3603 est
527 3549 637 3603 sanctis
652 3547 687 3602 dc
700 3565 865 3602 mammona
879 3547 1019 3622 iniquita-

52 3633 83 3689 id
98 3642 157 3702 est,
174 3630 210 3692 de
221 3632 363 3712 pecpnia,
381 3631 428 3685 vel
442 3630 570 3700 divitiis,
585 3647 659 3704 quae
672 3633 747 3686 male
760 3629 880 3687 fueraut
893 3631 1019 3704 acquisi-
1082 3661 1090 3671 -

61 3725 113 3772 aut
127 3716 241 3790 etiamsi
253 3713 347 3784 bene,
361 3723 534 3770 nontamen
547 3714 643 3785 veris,
657 3713 708 3770 sed
723 3732 794 3788 quas
805 3714 949 3789 'iniquitas
964 3732 1019 3787 pu-

45 3798 234 3868 :ssedivitiam
248 3799 386 3871 quoniam
397 3798 494 3852 nescit
504 3813 579 3884 quae
592 3797 654 3854 sint
666 3797 898 3870 veraedivitiae,
913 3798 1019 3873 quibus

45 3880 203 3948 abundant,
219 3882 267 3955 qui
283 3889 312 3934 et
323 3881 394 3936 alios
409 3881 555 3956 recipiunt
565 3880 596 3937 in
611 3891 730 3938 aeterna
742 3882 939 3938 tabernacula.
968 3881 1020 3936 list
