2324 4312
106 232 166 288 310
259 253 260 260 κ
335 215 906 280 utvtavltuultnvovsulut

106 397 179 455 pora
191 374 333 452 polliceri.
346 370 414 429 Nou
428 372 506 428 enim
519 381 589 428 tune
601 371 632 427 in
645 371 771 442 iustitia,
785 369 837 426 sed
849 371 880 426 in
889 368 985 444 pereatis
992 362 1052 420 istit
1082 343 1138 419 dim
1156 377 1162 387 ’

108 461 285 529 offerebant,
300 454 426 532 ‘quando
440 472 493 528 pro
511 455 639 529 peccatis
657 456 817 529 praeeipue
835 473 867 508 ao
883 454 987 528 primitus
998 445 1049 503 olere
1081 443 1101 520 ¹¹,
1120 456 1130 473 ”

106 545 187 615 hant,
201 559 291 615 usque
306 538 378 595 adeo
391 546 424 594 ut
437 536 570 600 sacerdos
585 538 658 610 ipse,
678 554 765 610 quem
778 536 908 592 debemus
918 528 1049 609 utiqueuele

106 646 139 683 re
153 625 276 682 caeteris
291 623 382 678 fuisse
401 621 569 689 iustiorem,
596 617 759 675 seeundum
772 617 831 676 Dei
846 613 1050 675 mandatunsulutl
1083 588 1154 646 Μ

106 712 230 784 primurn
241 723 293 781 pro
307 704 369 761 suis
382 699 486 760 offerre
499 702 637 778 peeoatis,
651 701 758 759 deinde
771 721 825 778 pro
838 703 936 777 populi.
947 701 1049 774 Quaprqtt
1083 683 1110 727 ἀ
1137 702 1140 721 ¹
1157 702 1160 719 ¹

77 803 79 806 '
108 808 255 867 exponere
269 805 322 844 nos
336 794 451 860 oportet
463 784 605 860 quomodo
620 786 659 842 sit
671 784 872 861 accipiendum
881 782 1047 870 quoddietuttl
1083 771 1124 811 ’Μ
1152 782 1154 789 ’

38 901 39 904 “
107 873 194 932 Siout
206 870 306 930 diebus
312 869 469 948 pristinis,
482 871 604 926 et‘sieut
617 871 705 926 annis
713 867 879 944 prioribus.
902 865 1049 924 Fortassis!
1084 853 1127 932 'i‘
1140 840 1161 892 ¹¹

108 950 520 1033 tempusilludoommemoret,
533 949 822 1026 quoprimihomines
832 945 1014 1026 inparadisolu
1030 943 1033 954 '
1101 1003 1104 1015 ,

46 1054 49 1060 ’
101 1011 194 1096 ςΤιιιιο
208 1036 285 1091 enim
298 1033 366 1106 puri
378 1042 465 1108 atque
477 1034 588 1113 integri
601 1035 637 1090 ah
650 1034 731 1104 omni
749 1032 836 1090 sorde
854 1033 962 1090 ae'labe
972 1026 1055 1104 penult
1102 1086 1105 1097 ,

108 1125 187 1196 ipsos
200 1117 266 1174 Deo
285 1116 491 1174 mundissimas
510 1116 620 1174 hostias
639 1113 810 1174 oll'erebant
846 1115 985 1174 Caeterum
1000 1128 1022 1166 ox
1033 1121 1058 1180 pu
1088 1099 1125 1174 Ψ
1144 1112 1147 1125 ‘

110 1197 280 1260 commissae¹
293 1199 656 1278 praevaricationiseausa
667 1198 736 1256 inde
750 1200 866 1257 dimissi
879 1208 957 1270 sunt,
977 1189 1060 1270 aquetu-
1089 1183 1158 1263 ΡΨ

107 1284 237 1342 manain
250 1284 292 1340 eis
307 1291 412 1338 natura
424 1282 559 1340 damnata
569 1292 624 1356 est,
638 1293 761 1358 excepto
774 1300 834 1340 uno
847 1282 1026 1352 Mediatore,et

108 1371 255 1424 lavacrum
267 1365 500 1444 regenerationis
514 1367 673 1443 quibusque
686 1365 779 1422 adhue
789 1368 928 1441 parvulis,
952 1362 1017 1422 Nono
1025 1372 1063 1414 neu
1096 1415 1098 1425 .

107 1451 161 1508 dus
175 1467 195 1506 a
207 1447 303 1520 sorde,
317 1450 395 1505 siout
408 1450 547 1525 seriptum
561 1459 616 1523 est,
629 1467 682 1507 nee
692 1449 808 1521 infans,
822 1453 906 1506 euius
918 1459 959 1507 sat
968 1439 1067 1532 sternit
1094 1417 1152 1512 ψ

108 1534 169 1590 disi
180 1548 269 1609 super
282 1542 404 1589 terrem.
440 1532 563 1600 Quodsi
574 1531 783 1607 respondetur,
802 1534 892 1599 etiarn
904 1521 1069 1618 sesmereia
1084 1505 1149 1616 imit

106 1633 191 1692 posse
206 1613 431 1688 ollerrehostiar
445 1613 613 1687 iniustitia,
627 1616 676 1691 qui
689 1611 816 1673 offerunt
824 1618 856 1672 in
865 1615 936 1688 lido;
947 1612 1025 1672 taor
1032 1619 1071 1663 dl·
1127 1664 1132 1677 ,

108 1718 145 1756 ex
151 1698 217 1772 fide
229 1701 314 1770 vivit,
332 1700 463 1775 quamuis
477 1718 510 1756 se
523 1700 617 1775 ipsum
629 1697 760 1770 seduoat,
774 1701 800 1755 si
813 1699 932 1771 dixerit,
945 1699 1073 1772 separatu!
1159 1764 1162 1777 ‚

109 1801 168 1840 uon
180 1779 301 1853 habere3
315 1791 344 1838 et
356 1780 422 1838 ideo
433 1801 491 1840 uon
500 1782 587 1854 dieat,
601 1784 668 1858 quia
678 1799 716 1838 ex
725 1781 784 1839 lide
793 1785 883 1841 vivit:
897 1775 1076 1858 nunuquiddietu·
1104 1765 1111 1804 ¹

109 1884 159 1922 rus
180 1873 225 1921 est
243 1866 387 1939 quispiam
404 1863 461 1922 hoe
478 1863 549 1923 fidei
564 1875 676 1942 tempus
694 1867 740 1922 illi
759 1865 814 1922 fini
836 1885 901 1923 esso
914 1858 1079 1941 eoasquruluu
1150 1858 1159 1873 ‘

110 1947 227 2026 quando
240 1949 311 2026 igne
323 1947 426 2004 iudieii
438 1950 591 2006 novissimi
604 1947 833 2023 mundabuntur,
854 1951 903 2027 qui
916 1947 1026 2006 offerant
1035 1935 1082 2021 [oie
1118 2001 1120 2012 Ι
1143 1936 1146 1957 ¹

109 2025 193 2112 runt]
208 2029 320 2088 hostias
333 2032 365 2088 in
377 2029 508 2091 iustitiai
534 2033 577 2088 ule
588 2050 641 2106 per
654 2030 708 2095 hoe
721 2034 862 2109 quoniam
875 2043 943 2109 port
955 2035 1085 2089 talenuu
1156 2028 1162 2041 ‘

109 2115 256 2171 dationem
268 2115 379 2188 nullum
390 2125 540 2190 peecatum
551 2117 643 2172 iustos
657 2113 808 2174 habituros
819 2135 886 2173 esse
898 2113 1089 2174 eredenduuth
1114 2079 1144 2138 ¹
1160 2116 1161 2119 ’

107 2198 237 2273 profecto
251 2195 322 2253 illud
338 2206 464 2273 tempus,
478 2207 616 2274 quantum
629 2200 735 2256 attinet
747 2199 783 2256 ad
792 2219 852 2257 non
865 2199 972 2257 habere
981 2203 1092 2275 postello

108 2281 181 2336 nulli
195 2273 319 2353 tempori
340 2281 563 2356 comparandum
576 2290 635 2354 est3
661 2284 721 2338 nisi
733 2283 849 2358 quando
862 2285 951 2358 primi
965 2278 1094 2341 hominen
1113 2280 1120 2361 p
1141 2276 1149 2289 '

107 2361 241 2436 paradiso
254 2369 322 2418 ante
335 2366 616 2437 praevaricationem
634 2367 881 2424 innooeutissima
899 2368 1034 2424 felicitate
1045 2363 1096 2420 sixt
1121 2347 1151 2404 di

107 2454 184 2502 runt.
218 2443 309 2501 Reate
322 2447 421 2521 itaque
434 2448 624 2526 intelligitur,
642 2446 698 2504 hoe
711 2449 913 2527 significatum
928 2471 1003 2523 esse,
1016 2441 1099 2507 eundi·
1138 2429 1159 2468 ¹⁵

5 2575 6 2578 ,
107 2538 185 2584 ctum
198 2537 252 2600 est,
266 2525 352 2586 Siout
364 2530 624 2608 diedesprr'stinia,
641 2542 671 2589 et
683 2534 761 2590 sieut
773 2536 863 2590 annis
868 2527 1031 2612 prioribus.
1056 2527 1102 2588 Nu
1151 2532 1157 2543 '

71 2677 79 2688 ,
107 2621 136 2667 et
148 2630 201 2686 per
213 2609 450 2687 Esaiampostea
468 2631 554 2689 quam
575 2617 690 2670 eoelum
708 2632 818 2672 norum
831 2626 864 2674 et
877 2627 960 2674 terra
980 2635 1050 2675 nova
1062 2627 1103 2689 prt
1126 2648 1127 2651 ¹
1154 2618 1160 2627 ’

33 2737 46 2748 .
106 2696 194 2750 missa
211 2704 266 2766 est,
288 2697 367 2751 inter
380 2705 505 2768 caetera,
520 2714 593 2770 quae
607 2697 696 2753 ibide
710 2707 882 2757 sanatorum
895 2701 1105 2771 beatitudineptt
1146 2706 1162 2723 ‘¹

105 2780 261 2856 allegorias
275 2787 305 2833 et
317 2779 482 2856 aenigmata
497 2783 683 2854 exsequitur,
709 2781 814 2855 quibus
835 2787 1105 2859 expositionemeou·
1151 2796 1153 2809 '

105 2881 209 2939 gruem
221 2861 342 2916 reddere
354 2879 408 2918 nos
419 2860 566 2936 prohibuit
574 2863 710 2920 vitandae
722 2865 922 2942 longitudinis
937 2885 1016 2924 eura.
1029 2866 1106 2924 Sedit
1153 2874 1154 2887 ’

105 2946 171 3004 dum
185 2945 257 3016 dies,
271 2945 377 3019 inquit,
391 2944 468 3020 ligni
479 2941 559 3002 vitae
573 2956 661 3004 erunt
674 2947 736 3004 dies
743 2947 854 3024 populi
865 2953 934 3007 mei.
958 2952 1028 3018 Quis
1041 2957 1108 3006 anter
1154 2960 1156 2975 ¹

104 3045 200 3082 sacras
220 3029 319 3083 literas
338 3028 453 3104 attigit,
480 3037 509 3085 et
526 3027 645 3106 ignorat
661 3028 712 3088 ubi
724 3029 808 3086 Deus
827 3033 1011 3104 plantaverit
1026 3035 1109 3110 lignun
1157 3052 1159 3061 ’

102 3110 191 3180 vitae,
205 3127 223 3166 a
236 3110 318 3184 euius
333 3108 396 3165 oibo
411 3113 552 3184 separatis
566 3112 625 3167 illis
638 3110 814 3184 hominihus,
837 3115 960 3189 quando
975 3136 1024 3173 eos
1037 3109 1109 3171 surde
1160 3130 1162 3137 ’

11 3239 13 3246 t
101 3191 235 3266 paradiso
257 3193 343 3247 eieeit
363 3193 519 3268 iniquitas,
546 3193 640 3251 eidem
659 3195 741 3272 ligno
765 3197 978 3274 eire'umposita
991 3209 1037 3256 est
1049 3200 1110 3276 igne

101 3275 296 3348 terribilisque
309 3271 454 3331 custodial
496 3271 497 3276 '
784 3347 786 3352 Ι
1161 3290 1162 3293 ’

131 3383 133 3388 v
163 3355 247 3422 Quod
260 3358 285 3411 si
298 3359 450 3432 quisquam
463 3359 529 3416 illos
544 3359 605 3417 dies
617 3361 692 3439 ligni
702 3362 792 3432 vitae,
807 3381 884 3439 quos
899 3359 1111 3422 commemorarit

100 3436 244 3514 Propheta
255 3437 369 3511 Esaias,
387 3442 459 3497 istos
480 3444 531 3517 qui
544 3461 622 3500 uune
635 3454 766 3522 aguntur
782 3435 938 3504 Eeelosiae
953 3447 1059 3505 Christi
1069 3445 1110 3499 tie

100 3539 166 3578 esse
180 3521 341 3593 contendit,
364 3525 515 3599 ipsumque
529 3525 678 3582 Christum·
688 3528 801 3606 lignum
815 3531 896 3587 vitae
909 3530 1071 3606 prophetice
1081 3526 1110 3580 dl

100 3612 189 3674 etum,
204 3606 272 3680 quio
285 3606 346 3678 ipse
360 3615 405 3661 ert
417 3605 568 3681 Sapientia
581 3609 648 3680 Dei,
663 3610 699 3665 de
713 3629 770 3686 qua
784 3609 926 3670 Salomon
941 3616 994 3684 ait,
1008 3611 1108 3686 tngo·

10 3763 11 3766 Ἴ
86 3689 177 3766 ‘vitoe
189 3698 233 3744 est
242 3685 371 3744 omnibus
384 3691 625 3767 amplectentibus
638 3713 719 3767 errm;
732 3685 788 3750 nee
798 3715 894 3752 annos
910 3698 1007 3774 egisse
1019 3697 1106 3766 aliquot

87 3767 128 3821 'in‘
140 3768 275 3840 paradiso
290 3771 355 3824 illos
368 3773 476 3844 primos
489 3772 636 3845 homines,
662 3777 739 3832 unde
753 3787 814 3835 tom
828 3779 888 3836 oito
902 3781 991 3835 eiseti
1001 3785 1071 3844 sunt,
1085 3778 1106 3824 tl
1161 3804 1162 3819 ι

95 3849 205 3904 nullunr
218 3850 256 3905 ihi
270 3853 548 3929 gignerentlilium3
571 3868 601 3914 et
614 3858 680 3915 ideo
696 3877 753 3917 nou
769 3880 857 3938 posse
871 3861 943 3919 illud
956 3871 1059 3935 tempu·
1071 3857 1102 3910 in
1161 3884 1162 3893 ¹
