2362 4312
270 237 329 296 DE
362 228 585 298 ClVlTATE
614 239 866 300 nullutn.
983 187 986 191 Ι
1046 253 1086 308 47

10 444 22 459 ,.
74 396 114 465 sit,
136 392 205 464 ludi,
231 393 380 463 convivia,
405 394 612 450 lectisternia.T
642 389 729 462 Quod
741 404 837 452 totum
851 399 938 471 qualc
952 402 1006 470 sit,
1032 417 1084 474 po-

18 536 19 539 Ἴ
71 489 137 550 stes,
161 479 186 532 si
199 475 280 534 Deus
300 477 428 548 iuverit,
454 475 628 555 diligentius
642 478 838 536 disseremus..
857 479 956 552 ,Nunc
970 483 1006 538 nd
1024 502 1085 542 reru

7 582 13 592 ·
70 570 236 636 praesentem
252 559 333 635 quod
345 561 464 632 attinet,
493 563 556 618 sive
575 563 711 618 omnibus
730 565 829 638 onmia
846 573 988 638 tanquam
1000 565 1084 622 bonis

69 646 196 720 permixte
208 645 394 716 tribuantur,
420 639 528 722 (neque
542 647 621 702 enim
635 663 700 701 esse
713 641 798 703 decet
810 646 881 703 deos
894 649 999 721 nieles,
1019 669 1085 708 cum

69 732 152 804 potius
165 730 214 784 isti
226 729 297 803 quia
314 726 459 784 insnsundi
473 738 544 785 sunt
558 731 696 802 spiritus,
721 747 823 788 ornnes
841 732 904 798 sint
919 729 1008 810 mali)
1022 735 1084 790 sive

15 876 17 881 ¹
70 823 138 869 certe
150 811 336 882 discretione,
350 811 351 814 ’
366 811 589 869 sieut‘babcoui
602 803 768 884 visumsest,
794 807 854 871 illis
867 815 931 887 illa,
947 817 1014 872 istis
1027 818 1084 872 istc

5 929 35 980 ,ᾗ
71 896 264 964 distribuentur
278 897 436 970 obsequia:
462 899 730 971 competentissime
753 897 861 954 Graeci
873 908 1017 975 utrosque
1030 898 1082 956 ho-

5 1015 28 1054 ff
74 997 138 1036 nore
149 979 241 1057 dignos
261 979 394 1052 ducunt,
421 988 452 1038 et
464 981 650 1052 sacerdotes,
675 999 728 1056 per
746 999 820 1057 quos
838 983 976 1040 victimae
994 985 1082 1040 mini-

5 1073 31 1162 ἢ
74 1073 194 1136 amatur,
211 1075 241 1142 et
258 1065 408 1138 scenicos,
422 1081 567 1139 perquer
580 1059 644 1122 ludi
657 1063 849 1123 exhibentur:
875 1083 913 1123 ne
925 1069 973 1124 vel
987 1070 1082 1124 omui-

27 1169 29 1174 ·
70 1148 112 1204 bs
124 1145 175 1204 diis
189 1149 261 1219 suis,
288 1149 317 1203 si
331 1155 363 1202 et
387 1146 451 1204 ludi
475 1149 611 1205 omnibus
636 1151 715 1227 grati
741 1159 823 1222 sunt,
850 1152 907 1223 vel,
934 1146 1013 1226 quod
1039 1161 1084 1208 est

67 1231 217 1310 indignius,
244 1230 291 1287 his
313 1249 390 1306 quos
406 1229 502 1288 bonos
520 1235 644 1306 putant,
672 1234 699 1289 si
714 1232 777 1290 ludi
790 1233 826 1291 ab
841 1235 883 1290 eis
897 1237 967 1291 solis
981 1253 1082 1291 amen·

65 1327 112 1387 tur,
126 1317 218 1373 lacere
232 1317 455 1374 convincantur
467 1317 617 1373 iniuriam.
750 1313 786 1398 (e
800 1317 840 1374 ol.
858 1316 992 1378 CAPVT
1002 1311 1082 1399 XI.)

63 1566 129 1630 Quod
135 1565 248 1621 Romani
257 1561 412 1639 auferendo
420 1564 576 1618 'libertatem
583 1566 673 1634 poetis
683 1567 712 1619 in
723 1562 849 1632 bombica,
864 1581 943 1636 prtum
954 1569 1084 1623 dederunt

191 1637 222 1691 in
233 1638 305 1700 deos,
325 1636 463 1690 melinsde
471 1652 513 1700 se,
533 1635 655 1706 quamde
667 1631 718 1687 din
728 1637 785 1689 enit
794 1637 935 1690 senserint
1069 1699 1071 1704 Ι

112 1729 301 1804 Atiiomani,
328 1729 409 1784 sicut
420 1729 453 1782 in
473 1725 574 1783 iliade
594 1726 748 1799 republica
766 1725 966 1806 disputatione
982 1715 1083 1802 Scipio

62 1817 207 1894 gloriatur,
235 1811 357 1894 probris
378 1820 408 1867 et
434 1811 553 1868 iniuriis
581 1819 737 1886 poetarum
756 1809 922 1866 subiectam·
934 1811 1025 1866 vitem
1038 1811 1082 1867 ia-

5 1957 9 1966 ,
61 1919 178 1974 namque
189 1896 303 1954 habere
317 1897 496 1966 noluerunt,
523 1897 619 1968 capite
634 1895 724 1950 etiam
744 1889 933 1970 plectendum
946 1897 1082 1951 sancien-

5 2040 9 2049 ,
60 1995 105 2056 tes,
127 1986 184 2039 tale
198 1987 323 2039 carmen
337 1978 465 2035 condere
478 1979 583 2054 siquis
598 1976 728 2036 auderet.
780 1976 867 2046 Quod
886 1997 957 2058 erga
970 1995 1002 2034 se
1016 1981 1082 2052 qui·
1163 1995 1165 2000 ·

61 2067 113 2123 dem
132 2069 202 2124 satis·
221 2065 353 2122 honeste
373 2063 610 2134 constituerunt,
639 2059 775 2142 sederga
789 2062 859 2118 deos
874 2081 945 2119 suos
960 2061 1083 2136 superbe

62 2162 84 2208 et
98 2153 278 2230 irreligiose:
310 2165 385 2224 quos
407 2165 474 2203 curn
487 2147 600 2202 scirent
612 2165 673 2202 non
687 2151 783 2204 solum
795 2148 952 2221 patienter,
979 2163 1083 2203 verum

63 2237 137 2292 etiarn
147 2237 276 2294 libenter
289 2241 444 2308 poetarum
456 2230 572 2307 probri-s
585 2225 807 2306 maledictisque
819 2227 963 2302 lacerari,
983 2249 1015 2286 se
1027 2249 1082 2305 po·
1152 2279 1154 2284 ,

63 2322 114 2376 tius
125 2337 205 2395 qnam
229 2320 300 2375 illos
322 2307 528 2372 huiuscemodi
551 2313 670 2370 iniuriis
689 2309 829 2392 indignos
843 2331 908 2370 esse
922 2309 1082 2386 duxerunt,
1156 2375 1158 2380 ,

19 2434 25 2474 p
68 2421 146 2478 seque
156 2403 187 2459 ab
203 2405 247 2459 eis
271 2402 364 2457 etiam
381 2397 448 2476 lege
467 2399 655 2470 munierunt,
681 2399 799 2455 iliorum
813 2397 911 2456 eutem
922 2400 982 2454 ista
995 2400 1084 2454 ctiam

5 2477 24 2558 ,l
69 2487 147 2542 sacris
170 2483 398 2543 solennitatibus
425 2483 619 2539 miscuerunt.
662 2481 746 2540 Itane
763 2480 881 2538 tandem
899 2481 1000 2556 Scipio
1017 2484 1082 2539 lau-

5 2615 24 2634 ,,
66 2569 108 2626 das
129 2569 198 2628 banc
225 2570 325 2646 poetis
340 2566 482 2624 Romanis
497 2575 634 2644 negatam
647 2584 712 2622 esse
725 2568 887 2638 licentiam,
900 2575 934 2622 ut
947 2567 1084 2642 cuiquem

5 2641 10 2722 ζ
64 2657 236 2730 opprobrium
257 2651 435 2730 infligerent
459 2649 672 2722 Romanorum,
700 2668 770 2706 curn
784 2642 902 2722 videas,
931 2665 981 2706 eos
1008 2649 1084 2706 nulli

5 2785 10 2818 ι
62 2737 169 2796 deornm
191 2733 364 2816 pepercisse
384 2729 573 2792 vestroruml
599 2732 682 2791 Itone
706 2735 800 2807 pluris
819 2735 874 2790 tibi
891 2732 1025 2790 habenda
1038 2743 1084 2789 est

5 2867 12 2902 ι
62 2825 228 2880 existimatio
244 2823 348 2879 curiae
361 2827 478 2876 vestrae
492 2837 579 2897 qnam
592 2817 741 2892 Capitolii,
767 2819 854 2873 immo
867 2816 978 2874 Romae
992 2819 1082 2874 unius

5 2951 13 2987 ,
62 2924 135 2982 quam
147 2909 224 2964 coeli
236 2908 351 2976 totius,
378 2912 413 2960 ut
429 2901 563 2982 linguam
580 2897 752 2958 maledicam
770 2901 802 2958 in
816 2903 896 2958 cives
913 2911 981 2958 tuos
995 2913 1081 2958 exer-

5 3037 14 3068 !
62 3009 116 3047 ecre
132 3002 237 3067 poetae
258 2991 349 3046 etiam
361 2989 428 3066 lege
451 2985 690 3061 prohiberentur,
717 2994 747 3041 ct
764 2988 797 3041 in
811 2984 881 3042 deos
900 2995 968 3042 tuos
983 2979 1083 3040 securi

5 3129 14 3142 ,
62 3077 292 3146 crescens-ieie,
320 3068 403 3130 nullo
417 3080 565 3142 senatore,
592 3071 675 3128 nullo
691 3085 824 3142 censore,
838 3071 920 3126 nullo
935 3068 1082 3144 principe,
1126 3087 1132 3095 ·

5 3217 15 3226 ,
63 3161 127 3216 nullo
145 3159 290 3238 pontifice
317 3154 491 3230 prohibente
509 3149 741 3211 'incaluerunt
766 3146 925 3232 Indignum
943 3145 1083 3210 videlieet

5 3287 15 3320 ε
61 3241 120 3316 luit,
142 3254 178 3302 ut
196 3243 341 3312 Plautus,
364 3249 416 3297 aut
432 3237 564 3296 Naevius
583 3233 829 3296 PublioetCneo
848 3236 998 3311 Scipioni,
1029 3244 1081 3290 aut

5 3371 15 3403 s
62 3324 191 3386 Caecilius
205 3327 245 3386 M.
261 3323 371 3384 Catoni
383 3320 585 3392 malediceret3
612 3332 642 3378 et
655 3322 778 3400 dignum
790 3322 859 3393 fuit,
874 3325 908 3378 ut
920 3319 1087 3376 Terentius

5 3465 14 3476 ,
62 3422 144 3469 aester
161 3410 279 3491 flagitio
304 3407 395 3478 lovis¹
408 3407 512 3484 optimi
528 3401 650 3472 niaximi
667 3404 900 3466 adolescentium
919 3401 1082 3478 nequitiem

5 3551 14 3560 ,
62 3493 230 3554 eoncitarcti
266 3523 268 3534 ι

5 3603 14 3656 p
329 3565 331 3572 '
420 3573 542 3634 CAP.
585 3569 705 3632 XIII.

63 3654 173 3714 beheim
187 3659 348 3729 intelligere
358 3653 507 3719 Romanos,
526 3655 597 3724 pared
605 3655 751 3708 die'eoracm.
772 3653 820 3723 qni
830 3669 857 3706 se
871 3645 997 3720 tierpibus
1011 3649 1082 3702 Indis
1119 3633 1120 3636 ¹

25 3721 28 3738 ¹
216 3729 272 3784 coli
281 3727 457 3796 expetebant,
476 3727 584 3796 indigni
594 3735 681 3779 essent
689 3726 794 3778 ‘bonore
810 3725 909 3776 diuino.

5 3800 27 3903 ζ’
112 3819 167 3878 Sed
181 3817 380 3896 responderet
396 3815 468 3874 mihi
486 3815 632 3888 fortasse,
659 3817 686 3872 si
699 3817 828 3873 viveret:
854 3809 1011 3884 eromodo
1029 3819 1088 3867 nos
1134 3849 1139 3876 3

5 3955 27 4034 ‚s
69 3896 108 3955 ista
116 3906 257 3975 impunita
280 3917 345 3954 esse
358 3901 521 3980 nizellensis,
550 3919 628 3975 quae
644 3901 703 3979 ipsi
728 3901 772 3961 dii
795 3920 886 3962 sacre
900 3921 971 3962 csse
991 3899 1103 3958 uolue-
