2340 4320
519 97 533 109 ’
568 121 577 148 ι

172 210 230 310 sse
252 249 254 254 .
375 204 495 294 gnrw
515 203 705 305 nvaunrr
725 161 981 266 n'vevs'rrur

59 381 67 398 f
85 406 88 410 .
169 359 284 418 seendia
299 367 329 416 et
341 357 483 438 augendis
495 338 625 429 divitiis,
644 366 674 434 et
685 375 739 432 per
749 359 814 414 illas
827 359 956 416 moribus
970 331 1157 436 eorrumpdndi

168 443 307 521 rapiendo
321 444 436 511 miseris
450 435 572 514 civibus,
586 439 738 520 largiendo
752 445 877 500 scenicis
891 443 1033 518 turpibus.
1053 443 1126 502 Vnde
1135 459 1157 520 qr

129 552 134 576 ι
168 527 318 585 telesiam
334 545 448 590 morum
466 527 545 582 lobes
567 526 743 602 uperabant
753 535 841 602 atque
859 525 1069 604 abundabant„
1083 524 1157 612 quand

169 612 312 669 rcribebat
323 612 380 666 ista
393 608 558 690 Sallustius,
577 611 754 689 canebatque
768 607 1003 688 Virgiliue,·non
1016 613 1074 667 illis
1088 613 1157 669 artibu

89 717 90 720 ¹
169 695 206 752 nd
215 683 340 752 honores
355 704 385 750 et
397 694 530 771 gloriam,
545 693 596 749 sed
609 690 682 749 dolis
695 702 782 768 atque
794 694 1101 751 fallaciisambiebant.
1112 693 1157 750 lud

72 831 74 834 .
92 827 94 834 .
132 837 134 842 ,
169 773 246 838 idem
260 778 346 835 dieite
372 749 460 850 „ded
475 779 569 850 prime
587 779 689 855 magis.
700 777 818 834 ambitio
838 795 924 854 quam
942 781 1067 844 avaritia
1086 781 1157 836 anino

169 862 347 936 „hominum
365 860 534 932 exercebat,
571 861 648 936 quod
671 871 769 918 tamen
792 863 896 918 vitium
917 863 1035 936 propius
1060 865 1157 918 virtuto

31 1009 37 1024 ‚
65 974 72 992 ι
104 1019 106 1030 ἦ
170 954 270 1018 ‚,erat.
296 945 371 1002 Nam
383 946 517 1022 gloriam,
529 942 680 1017 honorem,
693 946 847 1024 imperium
858 945 953 1006 bonus
968 955 999 1001 et
1011 947 1127 1023 ignavus
1136 963 1157 1000 ae

157 1023 253 1104 ‘‚,que
266 1029 322 1085 sibi
335 1037 489 1103 exoptant:
504 1027 555 1083 sed
568 1029 628 1100 ille,
642 1027 748 1105 inquit,
761 1047 832 1085 vera
844 1030 893 1086 via
906 1030 1037 1101 nititur,
1051 1027 1116 1084 huie
1126 1029 1157 1103 qui

67 1178 71 1198 Ι
86 1105 100 1172 J
139 1181 140 1184 ,
170 1115 290 1185 „bonae
304 1123 383 1169 artes
398 1112 514 1182 desunt,
528 1100 700 1188 delie⁸atque
713 1113 836 1168 fallaciis
850 1109 1010 1168 contendit.
1018 1113 1038 1145 “
1054 1111 1115 1168 Hae
1125 1129 1157 1166 ιιι

169 1199 237 1254 illae
252 1197 345 1252 bonae
359 1205 448 1267 artes,
461 1213 514 1270 per
525 1197 665 1252 virtutem
679 1197 801 1267 seilicet,
822 1214 881 1260 non
895 1214 948 1269 per
961 1195 1095 1264 fallacem
1107 1195 1157 1252 aab}

25 1332 27 1344 ‚
62 1275 78 1356 J
167 1283 281 1336 tionem
294 1280 330 1336 ad
342 1279 482 1336 honorem
494 1289 524 1334 et
537 1281 659 1356 gloriam
671 1290 700 1336 et
713 1281 864 1355 imperium
877 1282 1048 1354 pervenire3
1068 1288 1157 1355 quaet

169 1364 342 1422 monbonus
357 1362 391 1421 et¹
399 1366 523 1441 ignavus
537 1379 628 1438 aeque·
642 1365 698 1420 sibi
711 1373 864 1438 exoptant:
891 1364 943 1420 sed
956 1365 1018 1435 ille,
1038 1364 1069 1420 id
1082 1363 1157 1434 est‚,b‹

59 1433 62 1438 ’
105 1451 106 1456 ’
170 1466 243 1518 nus,
267 1466 338 1504 vera
351 1449 400 1504 via
412 1449 524 1503 nititur.
551 1447 605 1504 Via
619 1450 713 1505 virtus
731 1457 791 1519 est,
816 1464 874 1523 qua
891 1449 996 1504 nititur
1013 1456 1157 1523 tanquame

66 1601 71 1606 .
169 1531 361 1605 possessionis
374 1531 476 1603 finem,
488 1532 518 1586 id
531 1540 585 1602 est,
600 1532 636 1588 ad
649 1533 782 1610 gloriam,
796 1531 946 1601 honorem,
959 1525 1118 1606 imperium.
1129 1527 1157 1586 H‹

170 1615 290 1672 inritum
302 1613 436 1676 habuisse
449 1614 607 1687 Romanos,
622 1619 709 1674 etiam
722 1615 930 1689 deerum'apud
943 1617 1010 1670 illos
1024 1616 1108 1670 aedes
1119 1611 1157 1669 ind

96 1765 97 1768 ,
172 1709 255 1771 eant,
281 1717 351 1776 quas
371 1701 622 1756 coniunctissimas
642 1701 860 1756 constituerunt
872 1699 997 1754 Virtutis
1018 1704 1048 1754 et
1061 1697 1157 1754 Honori

171 1783 294 1858 prediis
307 1782 446 1840 habentos
460 1803 534 1859 quae
547 1783 679 1850 dantura
688 1784 762 1841 Deo.
773 1781 860 1844 ¹Vnde
869 1783 996 1860 intelligi
1006 1791 1102 1856 petest
1113 1797 1157 1856 que

171 1867 260 1928 finem
272 1868 410 1924 volebant
423 1885 487 1922 esse
500 1868 636 1939 virtutis,
662 1878 692 1923 et
704 1887 760 1943 quo
776 1885 839 1924 eam
855 1863 1040 1937 referebant,
1068 1867 1115 1941 qui
1125 1863 1157 1919 ber

172 1959 266 2023 erant,
281 1951 317 2006 ad
329 1950 470 2006 honorem
484 1952 610 2008 seilicet:
625 1969 692 2006 nam
704 1952 773 2007 mali
786 1969 840 2005 nee
853 1948 999 2024 habebant
1013 1969 1087 2020 eam,
1100 1964 1157 2022 quau

170 2037 216 2092 uis
228 2033 371 2096 honorem
382 2033 489 2092 habere
503 2043 659 2106 cuperent,
688 2053 774 2111 quem
789 2035 872 2094 malis
891 2033 1008 2089 artibus·
1023 2033 1157 2102 oonabentr

171 2117 302 2193 adipisci,
317 2117 347 2172 id
361 2124 416 2186 est,
430 2115 503 2172 dolis
517 2126 604 2191 atqu'e
616 2118 749 2175 fallaeiis.
1139 2179 1142 2186 ,

236 2199 339 2257 Melius
352 2200 483 2260 laudatus
497 2210 542 2256 est
553 2199 634 2258 Cato.
650 2202 696 2259 De
710 2204 759 2258 illo
773 2203 876 2277 quippe
890 2201 947 2256 ait:
961 2201 1027 2267 Quo
1041 2201 1128 2256 minua
1137 2213 1157 2269 pt

127 2327 128 2330 ι
171 2285 252 2340 tebat
263 2285 402 2362 gloriam,
423 2301 457 2340 eo
471 2286 554 2342 illum
566 2287 659 2363 magis
673 2287 855 2368 sequebatur.
882 2283 1119 2361 Quandoquidem
1128 2280 1157 2356 gb

170 2369 216 2440 ria
229 2377 283 2438 est,
295 2370 378 2423 euius
392 2369 436 2424 illi
450 2370 605 2444 eupiditate
618 2369 793 2448 flagrabant,
812 2368 951 2424 iudicium
964 2365 1157 2426 hominumue

34 2459 35 2462 ’
78 2501 79 2506 ,
172 2453 207 2509 do
220 2451 383 2508 hominibus
397 2454 589 2527 opinantium.
615 2449 655 2517 Et
668 2453 733 2509 ideo
748 2454 852 2512 melior
865 2460 909 2507 est
921 2453 1034 2522 virtus,
1059 2467 1129 2525 quae
1138 2445 1157 2500 hu

171 2553 257 2594 mane
270 2535 376 2592 iudieio
390 2547 528 2594 onrrtenta
541 2558 601 2595 nen
616 2547 670 2609 ert,
684 2539 741 2593 nisi
755 2537 952 2598 eonscientiae
966 2539 1046 2590 suot.
1061 2528 1157 2592 Vnded

77 2691 78 2696 ἵ
172 2621 212 2676 eit
223 2620 390 2695 Apostolus:
417 2616 493 2675 Nom
505 2621 606 2695 gloria
623 2629 728 2678 nostre
746 2619 819 2678 bueo
837 2630 896 2688 eet,
923 2620 1156 2676 testimonimum

23 2697 30 2778 λ’
60 2715 70 2722 “
108 2771 111 2782 1
171 2705 315 2761 scientiae
328 2713 458 2760 nostrae.
476 2701 517 2758 Et
529 2705 586 2770 alie
599 2695 677 2759 loeo:
694 2699 776 2780 Opus
790 2713 887 2758 autem
898 2719 985 2774 ¹saeuum
990 2701 1100 2779 prebet
1112 2715 1157 2756 aaa

95 2839 96 2842 ,
171 2790 301 2865 quisque,
316 2797 345 2842 et
359 2796 429 2843 tuae
440 2787 470 2841 ia
484 2789 640 2866 semetipso
655 2795 769 2843 tentem
782 2785 909 2861 gloriam
921 2783 1050 2854 tradabit,
1065 2795 1094 2840 et
1104 2793 1153 2838 aaa

171 2871 278 2927 altero.
308 2869 440 2926 Gloriam
459 2887 530 2947 ergo
550 2879 580 2926 et
597 2869 738 2927 honorem
750 2870 959 2942 etimperium,
986 2885 1060 2942 quae
1080 2867 1157 2924 sibie

172 2953 320 3028 optabant,
347 2962 377 3007 et
389 2970 445 3027 quo
460 2952 544 3010 benis
559 2954 667 3011 artibus
680 2947 835 3030 pervenire
849 2953 1017 3008 nitebantur
1030 2952 1115 3021 boni,
1137 2965 1157 3004 n

172 3036 258 3099 debet
271 3037 353 3110 sequi
365 3038 471 3109 virtus,
484 3037 535 3114 sed
548 3039 611 3112 ipsa
622 3040 770 3094 virtutem.
793 3036 894 3111 Neque
908 3036 986 3092 enim
999 3043 1046 3090 est
1056 3033 1157 3091 verau'

171 3130 231 3190 tus,
245 3120 303 3176 nisi
318 3137 390 3194 quae
403 3109 440 3176 ad
453 3140 519 3177 eum
529 3121 617 3178 linem
631 3121 737 3193 tendit,
751 3120 800 3177 ubi
814 3128 858 3175 est
870 3121 978 3175 bonum
990 3117 1129 3189 hominis,
1141 3133 1157 3190 q

173 3205 277 3259 melius
290 3221 351 3259 non
366 3213 418 3260 est.
445 3203 530 3261 Vnde
544 3214 574 3261 et
584 3203 710 3261 honores
724 3223 799 3279 quos
809 3203 914 3279 petivit
927 3201 1010 3272 Cato,
1028 3212 1156 3276 petenen

174 3285 282 3358 debuit,
297 3285 348 3342 sed
362 3307 411 3344 eos
425 3290 527 3345 civitas
541 3289 577 3344 eb
592 3290 654 3345 eius
670 3291 805 3346 virtutem
821 3307 880 3344 non
893 3287 1005 3361 petenti
1019 3286 1099 3341 dare.

236 3368 296 3426 Sed
313 3389 380 3427 cunr
400 3373 450 3428 illa
464 3373 608 3428 'memoria
625 3371 681 3428 duo
699 3359 824 3428 Romani
835 3379 942 3425 essent
959 3370 1070 3426 virtute
1092 3387 1157 3446 rpag

173 3452 281 3510 Caesar
300 3463 330 3509 et
345 3452 435 3525 Cato,
460 3457 555 3532 longe*
568 3457 663 3513 virtus
678 3455 796 3522 Catonis
818 3455 938 3511 veritati
953 3451 1071 3509 videtur
1084 3453 1157 3527 propi

174 3538 259 3609 quior
271 3535 374 3608 fuisse,
399 3556 484 3612 quam
496 3537 640 3596 Caesaris.
665 3539 793 3596 Proinde
807 3539 901 3614 qualis
915 3545 995 3593 esset
1007 3538 1059 3592 illo
1072 3546 1157 3608 tempe

175 3620 291 3690 civitas,
314 3629 342 3675 et
355 3630 441 3678 antea
457 3623 550 3697 qualis
563 3623 678 3695 inisset,
701 3623 850 3680 uideamus
863 3614 895 3676 in
909 3622 972 3693 ipsa
985 3617 1157 3676 sententia(

133 3751 136 3756 .
173 3702 266 3757 tonis:
293 3702 428 3775 ‚,Nolite‚
442 3707 549 3780 inquit,
564 3709 744 3779 existimare,
757 3709 883 3763 maiores
896 3713 1011 3780 nostros
1024 3705 1115 3759 armis
1128 3721 1157 3758 re

174 3783 344 3858 „publicam
357 3804 395 3841 ex
407 3807 497 3862 parva
509 3809 646 3868 maguam
659 3791 773 3846 fecisse.
800 3787 834 3846 Si
853 3789 894 3844 ita
912 3796 1009 3856 esset,
1034 3790 1128 3844 multo
1141 3805 1157 3862 p

73 3907 75 3910 -
174 3907 195 3938 „
204 3864 376 3926 cherrimam
391 3869 490 3928 ea'nes
504 3871 683 3932 haberemus.
699 3875 811 3949 Quippe
825 3873 970 3928 sociorum
984 3880 1072 3946 atque
1086 3871 1157 3928 cirin
