2340 4312
88 184 90 189 ’
130 217 188 276 ns
353 209 450 285 nrvr
471 207 659 304 nuvuunu
679 173 937 268 lvc'vsrr'ur

114 397 115 406 κ
127 364 228 424 nisidc
238 365 295 420 ista
303 355 637 420 circumcisionedietum
646 375 709 416 csse
717 361 882 432 contendit,
897 361 972 436 quod
983 362 1012 417 in
1023 347 1127 420 eatests·

127 457 259 506 ruentum
273 447 341 516 Dei,
355 448 492 520 quoniam
506 463 566 499 non
580 453 625 498 ert
638 445 843 512 circumcisus,
859 443 1040 516 dissipaverit
1050 465 1124 518 parra·

127 533 188 600 lus;
215 539 334 603 quaerat
347 529 505 582 locutionis
517 529 639 599 aliquem
654 526 785 595 modum,
813 545 872 600 quo
887 545 946 582 nou
961 528 1075 582 absurde
1082 547 1126 599 por·

129 616 169 668 sit
181 614 318 686 intelligi,
333 610 398 664 ideo
413 609 568 681 dissipasse
583 617 804 677 testamentum,
816 611 886 682 quia
899 611 969 664 licet
980 629 1037 664 nou
1050 611 1078 664 ab
1089 613 1126 678 illo,

125 705 228 752 'iernen
243 697 273 748 in
287 695 336 748 illo
355 702 399 746 est
412 691 592 763 dissipatum.
620 691 728 744 Verum
741 693 783 744 sic
799 694 917 764 quoquc
931 693 1127 772 anirnadrerteu·

131 777 199 832 durn
212 785 272 846 est,
299 776 378 829 nulla
392 775 423 828 in
437 791 469 826 se
483 775 730 849 negligentiores
744 774 854 828 iniuste
869 776 994 830 interire
1007 778 1127 832 incircum·

132 860 187 930 cisi
199 860 324 914 animam
336 857 468 928 parvuli,
482 857 541 910 uisi
554 856 705 931 originalis
720 855 903 932 obligatione
916 860 1038 930 peccati.

462 1009 591 1076 C'AP„
623 1011 827 1076 XXVIII.
885 1045 887 1050 v

130 1115 174 1168 De
184 1115 390 1167 reinmaran'one
400 1115 533 1167 carrinam
544 1115 670 1166 aoranae
681 1125 707 1165 et
720 1108 834 1178 Sarrae,
854 1117 903 1184 qui
914 1129 973 1168 cam
985 1117 1015 1167 od
1025 1117 1089 1168 uniar
1097 1123 1127 1165 ns

129 1186 276 1247 ruituram,
295 1184 326 1234 ob
337 1184 477 1258 atriaque
489 1193 579 1234 cratera
589 1193 749 1258 senectutem
762 1203 899 1250 generare
909 1195 1081 1253 conportent,
1094 1199 1128 1235 at·

188 1273 189 1282 ¹
422 1257 471 1306 nus
475 1253 674 1322 foecunditates
685 1253 777 1318 adepti
787 1263 861 1306 erent.-

193 1341 284 1398 Facta
303 1343 396 1418 igitur
418 1343 610 1414 promissione
627 1351 685 1396 tam
707 1360 814 1417 magna
837 1352 960 1416 tamque
983 1332 1092 1399 dilucida
1107 1339 1138 1394 sl,

135 1424 286 1494 Abraham,
301 1427 349 1480 eui
363 1424 580 1480 evidentissime
594 1424 702 1478 dietum
716 1434 771 1492 est,
785 1422 909 1481 Patrem
922 1428 1074 1500 mattarum
1083 1443 1129 1498 gae

54 1535 56 1548 ·
131 1509 364 1583 tiump'osaite:
391 1518 420 1563 et
434 1507 543 1580 angebo
558 1517 587 1561 te
601 1505 703 1573 valde,
729 1517 762 1580 et
774 1511 976 1580 penetrate-in
992 1511 1128 1583 gentenel

130 1591 219 1664 reges
235 1590 354 1646 exibant
373 1608 410 1645 ex
424 1600 452 1646 te
460 1608 470 1644 r
495 1599 524 1644 et
539 1588 612 1644 dabo
629 1588 685 1642 riti
698 1607 734 1643 ec
747 1587 846 1643 Sarra
857 1589 980 1664 filiam
1005 1601 1031 1646 et
1049 1588 1122 1644 beaed'

133 1685 196 1728 eam
211 1672 306 1739 illam,
331 1674 434 1728 eterit
449 1673 479 1726 ia
498 1673 648 1736 nationes,
676 1681 705 1724 et
718 1687 804 1744 reges
818 1675 953 1744 gentiam
969 1691 1005 1728 er
1019 1691 1047 1727 eo
1060 1677 1129 1726 errrtt

133 1773 222 1827 quam,
232 1756 456 1828 promissionem
476 1769 553 1808 nunc
572 1753 603 1806 in
618 1751 734 1806 Christo
758 1755 905 1808 cernimus
930 1755 1026 1809 reddi:
1041 1771 1082 1808 ,οι
1098 1752 1129 1804 ille

133 1837 267 1909 deinceps
286 1838 331 1890 illi
349 1837 490 1910 coniuges
504 1850 564 1890 non
582 1843 725 1888 vocantur
742 1835 773 1888 in
787 1833 967 1908 scripturis,
994 1838 1062 1904 sicut
1073 1843 1130 1888 anta

131 1918 330 1987 vocabantur,
343 1919 447 1972 Abram
463 1927 493 1970 ct
506 1915 596 1986 Sara3
615 1916 665 1970 scd
678 1918 753 1970 sicut
767 1936 820 1972 nos
836 1936 886 1972 eos
899 1919 936 1972 ab
951 1920 1034 1974 initio
1046 1916 1137 1978 verni,

130 2019 213 2070 urus,
227 1995 420 2073 quoniam'sie
430 2001 492 2070 ,iam
503 2008 648 2054 vocantur
660 1999 695 2053 ab
710 1999 856 2068 omuibus,
869 2000 1015 2056 Abraham
1028 2009 1053 2054 ct
1062 1997 1130 2053 Sans

108 2127 109 2132 ,
134 2082 194 2138 Cur
207 2091 303 2136 autem
315 2092 458 2137 mutatum
473 2083 511 2136 sit
522 2079 780 2156 nomenAlrrahae,
795 2082 910 2136 reddita
924 2093 971 2137 est
983 2085 1065 2138 ratio:
1079 2079 1134 2146 Qu*

125 2175 265 2240 patrem,
286 2165 398 2234 iuquit,
410 2163 716 2237 ¹recutitorumgentiam
724 2165 816 2238 posui
828 2174 867 2220 te.
907 2163 974 2220 Hoc
988 2183 1055 2240 ergo
1067 2160 1131 2238 sigui

16 2302 19 2309 ,
93 2313 96 2318 ¹
132 2246 221 2300 ficare
235 2239 459 2319 intelligendum
474 2256 517 2300 est
530 2244 686 2299 Abraham:
714 2245 922 2316 Abramvero,
940 2245 1137 2320 quodantcro-¹

42 2345 47 2356 ¹
128 2327 268 2395 ,calvatum
293 2328 502 2400 interpretatur
516 2321 602 2382 Pater
616 2329 756 2382 excelsus.
800 2326 846 2382 De
860 2331 981 2384 nominc
995 2339 1082 2384 autern
1091 2342 1131 2380 nu·

132 2417 194 2463 tato
208 2406 315 2468 Sarrae
329 2428 389 2464 nou
403 2419 448 2464 est
461 2409 575 2464 reddita
590 2410 678 2464 rotie:
694 2409 760 2478 sed,
775 2412 854 2464 sicut
866 2413 966 2480 aiunt,
980 2414 1028 2486 qui
1040 2413 1131 2482 scripse·

131 2499 201 2544 runt
215 2491 638 2565 interpretationesnominum
651 2490 862 2562 Hebraeorum,
878 2507 954 2567 quoe
967 2493 1012 2550 his
1026 2489 1131 2548 scoriali-

132 2574 207 2626 teris
222 2577 428 2644 contin-entur,
449 2574 522 2628 Sora
536 2575 746 2646 iuterpretatur
759 2573 898 2648 Princeps
913 2593 992 2646 mea3
1011 2577 1131 2632 Serrani·

78 2654 80 2659 ’
132 2653 191 2708 tem
205 2653 314 2712 Virtus.
358 2655 440 2711 Vnde
455 2658 595 2728 scriptum
609 2665 652 2710 est
665 2657 698 2716 in
710 2655 832 2728 epistole
853 2658 890 2712 ed
904 2657 1063 2714 Hebraeos:
1082 2651 1131 2711 Fit·

117 2746 163 2806 vet
177 2737 244 2813 ι’ρεα
258 2741 399 2794 virtatem
413 2737 511 2794 Sarra
525 2739 641 2813 accepit
655 2739 696 2794 ad
708 2739 891 2796 emissionem
905 2745 1033 2798 seminis.
1069 2735 1130 2794 lul·
1169 2796 1170 2813 ,

133 2829 232 2876 autern
245 2823 375 2876 seniores
390 2817 501 2894 [senes]
519 2829 618 2889 erant,
633 2821 711 2874 sicut
725 2819 876 2892 Scriptura
891 2833 1027 2879 testatur:
1048 2820 1089 2876 sed
1099 2817 1130 2871 illt
1169 2826 1170 2831 ’

133 2904 222 2958 etiam
235 2906 358 2981 sterilis,
384 2911 413 2957 et
425 2921 530 2958 eruore
543 2911 694 2956 menstruo
709 2905 766 2958 iam
781 2903 935 2976 destituta;
960 2893 1128 2978 propterquod
1167 2870 1170 2919 ¹

114 3053 115 3056 Ἴ
132 2985 190 3057 iapr
203 3003 306 3058 parcre
327 3005 387 3042 nou
405 2993 516 3060 posset,
545 2985 636 3040 etiam'
646 2986 671 3038 si
685 2987 795 3040 sterilis
810 3006 869 3043 non
885 2989 998 3050 luisset.
1034 2977 1127 3042 Perat

70 3103 77 3110 -
132 3066 295 3122 feminaita
309 3070 347 3124 sit
364 3069 557 3140 provectioris
572 3068 693 3136 aetatis,
719 3078 752 3122 ut
767 3071 795 3124 ei
807 3067 895 3126 ‘solita
909 3073 1057 3126 mulierum
1067 3064 1127 3122 adu
1159 3032 1170 3109 d

132 3147 239 3219 fluant,
264 3149 299 3204 dc
314 3153 417 3206 iuvene
431 3169 534 3223 parere
547 3158 658 3220 potest,
677 3149 713 3204 de
726 3145 842 3206 seniore
858 3173 919 3210 non
932 3163 1037 3226 potest:
1059 3162 1126 3224 quen·

131 3233 177 3286 vis
192 3231 283 3287 adhuc
298 3235 392 3305 possit
406 3235 454 3286 ille
466 3233 580 3300 senior,
595 3229 646 3284 scd
660 3231 694 3284 de
709 3232 927 3290 adolescentula
939 3237 1067 3312 gignere:
1077 3230 1124 3283 rien

132 3312 277 3372 Abraham
290 3308 492 3386 postmortem
506 3312 613 3369 Sarrae
626 3313 661 3368 de
675 3312 800 3372 Cethura
819 3320 934 3388 potuit,
961 3319 1025 3391 quia
1037 3309 1122 3371 viride!
1169 3348 1170 3351 η

133 3396 195 3450 eius
219 3393 334 3452 invenit
359 3406 493 3454 aetatem.
533 3394 598 3450 Hoc
616 3414 685 3470 crgo
707 3398 848 3469 estquod
866 3405 974 3456 mirum
988 3387 1119 3455 conraudia

132 3478 304 3549 Apostolus,
331 3488 361 3533 et
371 3513 373 3516 -
385 3477 421 3532 ad
442 3477 496 3534 hoe
515 3478 602 3548 dicit,
628 3476 759 3532 Abrahae
772 3480 937 3538 iamfuisse
951 3499 1047 3555 corpus
1061 3485 1118 3530 errat

43 3581 46 3592 ¹
132 3557 227 3615 tuum:
255 3563 393 3633 quoniam
411 3578 471 3616 non
491 3578 528 3614 ex
546 3561 626 3614 omui
639 3560 774 3630 femina,¹
793 3564 839 3617 eui
856 3576 934 3620 esset
948 3564 1032 3620 adhuc
1045 3543 1117 3628 aliqud

131 3642 264 3710 pariendi
284 3652 393 3716 tempus
413 3653 590 3711 extremum,
617 3660 760 3716 generare
779 3645 843 3716 ipse
858 3649 890 3702 in
904 3651 955 3704 illa
969 3656 1052 3704 aetate
1062 3633 1116 3694 ,llus

89 3733 99 3769 s
130 3731 240 3792 posset.
266 3723 310 3778 Ad
324 3725 434 3798 aliquid
449 3727 527 3778 enirn
542 3737 703 3778 emortuum
717 3742 824 3797 corpus
838 3730 1005 3808 intelligere
1018 3727 1116 3782 deleant
1145 3744 1149 3759 ‘¹

37 3871 43 3876 ,
135 3817 195 3856 non
209 3802 363 3862 adomnia
400 3805 513 3862 Namsi
529 3805 692 3877 adomnia,
720 3810 1000 3878 uoniomseneetur
1011 3809 1070 3874 viri,

708 4009 712 4036 l
