2340 4320
585 89 590 116 l

182 236 259 315 “rso
315 265 317 268 ·
426 249 521 307 orvs
543 239 726 307 saltatu
748 239 997 308 ,ssfnssrms
1033 259 1039 272 ι

97 399 100 422 ⁶
149 463 151 470 ,
197 405 360 462 libertatem
374 403 485 459 nitatur
498 403 643 470 evolvere,
658 417 778 457 necesse
792 396 917 456 habebat
931 401 986 457 ista
1001 405 1136 472 venerari}

133 505 137 515 ¹
198 489 273 563 quod
292 491 323 543 in
342 484 395 542 hac
413 485 605 559 disputatione
623 483 749 539 disertus
767 484 897 549 insonat,
922 486 1027 540 mutire
1047 486 1136 542 auden

196 572 297 647 populi
310 570 458 625 concione.
482 566 609 645 Agamus
623 569 720 642 itaque
735 558 892 621 Christiani
906 564 1030 624 Domino
1047 565 1135 626 Deou

196 656 317 731 gratias,
331 669 390 708 non
404 651 482 706 ooclo
498 661 527 706 et
540 660 650 722 terrae,
664 651 740 706 sicut
755 649 809 704 iste
825 648 968 723 disputat,
983 649 1034 706 scd
1049 654 1075 708 ei
1088 655 1133 728 qui

156 805 159 812 1
197 738 310 792 coelum
323 744 353 790 et
363 745 484 805 terram3
512 729 628 808 quihus
642 732 877 809 superstitiones,
897 751 969 808 quas
985 735 1040 790 istc
1053 733 1136 791 Balbu

159 839 176 868 ψ
196 820 240 876 lut
256 817 420 874 balbutiens
436 817 487 873 rix
498 814 702 890 reprehendit,
722 809 774 890 per
792 816 965 872 altissimam
979 814 1085 875 Christi
1101 817 1134 876 ha

196 911 310 970 tatem,
324 893 374 974 per
387 898 591 976 Apostolorum
610 898 871 974 praedicationem,
888 917 941 973 per
960 899 1046 956 fidem
1059 899 1136 977 Mart]

195 1003 247 1058 pro
262 985 387 1040 veritate
399 983 583 1038 morientium
598 993 627 1054 et
641 979 705 1038 cusu
719 983 845 1038 veritate
858 983 1037 1056 viventium,
1054 1003 1109 1042 non
1122 1003 1136 1039 c

34 1069 50 1110 ’-
127 1119 133 1124 .
196 1070 227 1123 in
239 1065 374 1124 cordibus
389 1067 551 1141 religiosis,
573 1084 673 1122 verum
687 1067 772 1121 etiam
785 1067 816 1121 in
830 1063 949 1121 aedibus
964 1069 1135 1139 superstitios

194 1151 395 1208 berasuorum
409 1151 551 1205 servitute
565 1147 714 1206 subvertit.

559 1263 857 1372 onrsxx'xr.
931 1315 934 1326 ι

196 1409 238 1462 Dc
250 1409 417 1478 opinionibus
434 1407 574 1472 Varronis,
588 1411 634 1478 qai
642 1410 785 1477 reprobata
791 1411 965 1476 persuasione
970 1405 1101 1476 populari,
1110 1404 1136 1456 lis

237 1476 361 1533 notitiam
376 1477 433 1530 oeci
442 1475 497 1552 Dei
510 1495 563 1530 oon
574 1477 736 1544 pervenerit,
751 1481 832 1556 unum
842 1482 931 1527 tomen
940 1466 1028 1528 Deam
1043 1472 1136 1527 colenda

616 1561 668 1596 esse
678 1553 810 1596 censuerat

258 1653 335 1722 Quid
347 1655 409 1727 ipso
423 1650 530 1724 Varro,
549 1669 632 1728 quem
647 1649 775 1707 dolemus
789 1650 820 1705 ln
833 1649 918 1705 rebus
933 1647 1041 1706 divinis
1056 1645 1136 1704 ludos

195 1739 291 1810 nicos,
308 1737 436 1812 quamvis
451 1753 510 1792 non
522 1733 631 1791 iudicio
644 1735 776 1808 proprio,
793 1733 941 1806 posuisse,
957 1751 1021 1788 cum
1042 1733 1077 1788 ad
1088 1731 1136 1786 des

195 1820 296 1878 landos
312 1821 412 1876 multis
425 1821 496 1874 locis
509 1818 591 1874 velut
604 1816 760 1893 religiosus
773 1815 922 1885 hortetur,
935 1833 1035 1872 nonne
1049 1818 1088 1872 ita
1099 1831 1136 1868 co

195 1914 331 1974 tur‚·non
345 1921 376 1958 se
391 1903 443 1982 illa
456 1899 631 1957 iudiciosuo
644 1901 737 1975 sequi,
752 1917 826 1974 quae
841 1901 990 1959 civitatem
1003 1899 1136 1956 Romana

95 2043 98 2050 ,
196 1987 329 2045 stituisse
343 1992 560 2052 commemorat,
575 1993 609 2040 ut
622 1984 648 2037 si
661 2001 723 2038 eam
738 1985 883 2039 civitatem
898 1999 1004 2038 novam
1017 1981 1136 2040 constit·

92 2117 94 2119 .
196 2087 233 2123 ex
246 2080 369 2124 naturae
380 2068 478 2141 potius
492 2065 700 2122 formulodeos
716 2068 888 2141 nominaque
898 2084 998 2122 eorum
1017 2084 1050 2122 se
1067 2064 1136 2121 fuis:

197 2151 358 2208 dicaturum
368 2166 426 2204 uon
445 2147 555 2205 dubitet
571 2146 720 2205 confiteril
762 2147 822 2204 Sed
839 2152 897 2205 iam
915 2151 1063 2223 quoniam
1074 2153 1108 2206 in
1122 2158 1136 2206 .“

141 2259 142 2264 ’
195 2235 299 2308 populo
318 2242 409 2302 essct,
435 2241 581 2307 acceptam
601 2232 779 2307 abantiquis
803 2233 950 2287 nominum
968 2241 999 2304 ct
1016 2241 1136 2310 coguuti

108 2345 110 2352 ν
196 2316 343 2371 historiam
356 2325 465 2385 tenere,
477 2325 510 2372 ut
524 2315 630 2372 tradito
642 2325 697 2386 est,
711 2314 814 2370 debere
827 2332 857 2370 se
870 2313 953 2384 dicit,
968 2315 1046 2371 et'ad
1058 2328 1132 2371 cum

34 2475 38 2480 .
104 2415 107 2426 ¹
196 2401 247 2454 illo
264 2398 390 2453 scribere
408 2415 441 2453 ac
458 2402 650 2474 perscrutari,
668 2409 701 2454 ut
719 2398 814 2472 potius
833 2415 882 2452 eos
898 2399 994 2475 magis
1006 2401 1129 2464 colere,

139 2483 142 2490 ”
197 2483 343 2554 despicere
362 2484 467 2558 vulgus
483 2485 577 2538 velita
607 2481 717 2548 Quibus
738 2479 831 2537 verbis
849 2479 933 2535 homo
949 2483 1132 2537 acutissimo

196 2564 315 2636 indicat,
329 2583 388 2620 non
403 2583 435 2620 se
449 2567 560 2638 aperire
572 2566 685 2632 omnia,
700 2581 774 2639 quoe
787 2579 846 2618 non
860 2565 916 2619 sibi
932 2574 1046 2620 tantum
1061 2569 1136 2621 coni

197 2656 309 2718 essent,
328 2647 379 2702 sed
392 2649 480 2704 etiam
493 2650 548 2722 ipsi
560 2649 648 2724 vulgo
663 2645 847 2720 despicienda
859 2645 1045 2717 viderentur,
1065 2639 1136 2704 nisi

195 2740 307 2786 rentur.
335 2731 399 2808 Ego
412 2733 469 2786 ista
482 2733 628 2787 coniicere
640 2732 740 2808 putari
756 2728 851 2801 debui,
865 2731 923 2784 nisi
936 2729 1090 2810 evidenter
1106 2742 1133 2780 a

196 2831 229 2868 co
248 2815 309 2886 ipse
327 2813 437 2868 diceret
449 2812 484 2868 de
497 2811 690 2890 religionibus
709 2813 844 2887 loquens,
861 2812 952 2868 multa
966 2831 1029 2868 esse
1042 2830 1136 2870 veras

195 2914 253 2952 non
267 2895 351 2952 modo
366 2898 453 2974 vulgo
467 2899 543 2952 scire
557 2915 616 2953 nou
629 2899 668 2952 sit
680 2895 1039 2966 utile,sedetiamtametsi
1053 2897 1136 2952 false

194 2980 280 3036 aliter
293 2981 462 3036 existimare
475 2981 610 3054 populum
623 2978 771 3054 expediat,
791 2989 821 3034 et
836 2979 901 3034 ideo
914 2979 1041 3034 Graecos
1060 2981 1133 3035 tole

115 3075 118 3081 ·
193 3065 331 3139 mysteria
345 3065 546 3120 taciturnitate
558 3061 774 3139 parietibusque
790 3063 935 3117 clausisse.
960 3060 1017 3117 Hic
1032 3072 1119 3119 certe

194 3147 346 3202 consilium
364 3145 492 3220 prodidit
507 3147 590 3202 velut
607 3147 795 3220 sapientium,
815 3162 866 3219 per
883 3162 956 3219 quos
977 3147 1120 3201 civitates

193 3230 254 3303 puli
266 3240 447 3306 regerentur.
489 3229 553 3286 Hac
564 3237 661 3285 tamen
674 3228 790 3284 fallacia
807 3229 888 3282 miris
901 3227 993 3283 modis
1012 3229 1132 3306 malign

193 3331 293 3368 mones
308 3313 502 3380 delectantur,
520 3313 570 3387 qui
585 3322 615 3367 et
628 3311 795 3386 deceptores
809 3319 839 3366 et
853 3311 987 3384 deceptos
998 3312 1112 3386 pariter
1134 3366 1136 3371 Α

194 3395 278 3465 dent,
291 3413 308 3452 a
322 3415 442 3472 quorum
456 3395 653 3451 dominatione
665 3411 725 3451 uon
738 3394 843 3450 liberat
854 3394 913 3450 nisi
925 3396 1021 3472 gratia
1035 3391 1090 3448 Dei
1106 3405 1136 3466 p*

194 3477 418 3556 sum·Christum
431 3477 589 3552 Dominum
603 3487 741 3533 nostrum.

254 3560 336 3618 Dicit
362 3563 449 3619 ctiam
474 3559 550 3616 idem
575 3569 674 3617 auctor
700 3561 884 3626 acutissimus
909 3568 996 3635 atque
1022 3559 1136 3615 doctiss

193 3643 268 3717 quod
284 3644 316 3699 hi
338 3647 393 3700 soli
411 3647 439 3700 ei
458 3642 614 3700 videantur
627 3643 864 3700 animadvertisse
879 3641 947 3718 quid
958 3652 1037 3698 esset
1049 3640 1132 3698 Deus

192 3725 474 3797 credideruntfeum
487 3745 551 3782 csse
565 3728 704 3798 animam,
722 3735 804 3782 motu
818 3745 851 3781 ac
869 3728 984 3781 ratione
1004 3721 1136 3780 mundum

192 3807 369 3864 hernantcm.
413 3809 453 3864 Ac
465 3828 518 3883 per
530 3808 599 3878 hoc,
617 3811 672 3864 etsi
685 3808 813 3864 nondum
828 3809 945 3863 tenebat
954 3807 1028 3884 quod
1040 3806 1136 3862 verita

191 3891 260 3946 betz'·
281 3890 363 3946 Deus
376 3893 452 3946 enim
466 3909 566 3960 verns,
581 3911 640 3948 non
653 3893 764 3962 anima,
779 3891 829 3944 sed
842 3894 970 3962 animno,
991 3903 1099 3974 quoquc
1112 3891 1136 3933 e!
