2310 4306
112 211 174 272 os
197 211 416 304 crvrrars
438 211 518 272 nri
543 211 624 272 ars.
644 213 776 278 xvrn.
903 229 956 282 na

56 365 134 440 apiae
146 365 364 438 superstitionis
377 365 563 436 illecebram,
583 365 614 420 id
627 365 820 438 efficientibus
833 371 959 428 inunun-

56 466 135 503 orum
149 447 237 502 corde
256 446 460 518 daemonibus,
486 467 539 522 per
560 449 678 503 fallacia
703 465 819 523 quoque
843 456 961 510 oracula

55 531 155 600 atibus,
168 538 203 585 ut
215 529 348 585 fabulosa
361 532 449 587 etiam
462 532 585 586 crimina
597 530 727 610 deorum,
753 534 898 605 quacient
910 552 960 588 ur-

66 614 184 668 saeculo
197 631 259 668 non
271 611 469 689 fingebantur,
486 631 539 686 per
550 612 633 686 ludos
647 623 745 670 tamen
759 615 791 668 in
805 615 963 672 eorundem

56 715 70 750 a
82 697 237 750 numinum
246 694 420 769 obsequium
433 697 556 769 turpiter
568 706 736 772 agerentur.
750 695 900 774 Regnavit
912 697 962 752 de·

56 793 109 832 {ma
126 786 192 850 post
205 775 380 848 Romulum,
403 779 536 851 quicum
553 779 634 833 illam
650 780 799 834 civitatem
815 781 964 853 putaverit
1036 843 1039 846 p

61 859 193 936 prolecto
206 859 346 915 falsorum
359 861 570 915 numerositate
582 861 782 932 muniendam,
797 864 828 919 in
842 861 964 917 eandem

56 942 164 998 referri
179 949 311 998 mortuus
330 943 392 1015 ipse
407 959 467 997 non
483 944 605 1012 meruit,
631 953 771 1017 tanquam
788 946 830 999 ita
846 954 964 1017 putatus

56 1027 110 1079 lum
121 1023 309 1080 multitudine
322 1025 476 1080 numinum
488 1027 683 1100 constipasse,
706 1036 739 1081 ut
752 1028 850 1082 locum
863 1027 904 1081 ibi
916 1045 965 1081 re·

56 1125 101 1162 on
114 1116 222 1180 posset.
237 1105 303 1164 Hoc
315 1115 461 1184 regnante
474 1105 598 1177 Romae,
612 1118 641 1162 et
653 1108 730 1181 apud
742 1107 893 1165 Hebraeos
905 1111 965 1164 ini·
980 1121 984 1126 “

56 1190 75 1245 ιί
86 1188 233 1258 Manasse,
247 1207 265 1244 a
277 1208 334 1264 quo
349 1190 438 1262 impio
449 1188 672 1266 regePropheta
679 1189 782 1247 Esaias
795 1190 978 1267 perhibetur
995 1255 1000 1262 ,

56 1269 201 1330 'Sauriam
218 1270 309 1328 fuisse
323 1270 464 1348 Sibyllam
477 1273 585 1328 lerunt.

303 1383 592 1479 can'xxv.
670 1405 671 1408 ‘

56 1517 144 1586 asophi
154 1483 312 1580 enituerint,
327 1526 460 1587 regnante
470 1519 545 1585 opud
554 1517 688 1572 Rousonos
700 1514 850 1585 Tarquinio
859 1515 968 1584 Prisco,

56 1588 209 1641 llledroeos
220 1586 357 1649 Sedecbio,
367 1603 427 1638 cura
438 1587 609 1638 Hierrtsolem
619 1595 701 1653 copta
709 1594 759 1648 eet,
770 1587 908 1652 teatplum·

338 1671 388 1722 que
398 1655 558 1706 steboersom.

58 1756 235 1803 nantevcro
250 1744 324 1818 apud
338 1743 488 1800 Hebraeos
504 1742 663 1814 sedechia,
686 1742 805 1817 etapud
817 1741 966 1798 Romanos
1035 1799 1037 1802 ,
1097 1727 1098 1730 ¹

56 1833 91 1886 rio
106 1828 223 1898 Prisco,
248 1829 298 1902 qui
312 1828 586 1886 successeratdnco
599 1825 720 1896 Martio,
741 1826 844 1894 ductus
859 1835 903 1880 est
918 1843 964 1881 ca·

56 1933 71 1969 a
84 1911 277 1986 Babyloniam
288 1911 412 1983 populus
424 1907 608 1980 ludaeorum,
623 1927 725 1966 eversa
737 1907 924 1964 Hierusalem
939 1919 968 1963 et
1054 1951 1060 1957 .

56 1998 103 2052 illo
118 2013 135 2050 a
148 1993 306 2050 Salomone
321 2002 499 2048 constructo.
531 1990 720 2066 increpantes
739 1993 818 2047 enim
831 2009 880 2046 eos
893 1989 967 2046 Pro-

56 2079 81 2134 le
96 2076 299 2154 iniquitatibus
316 2077 350 2130 ‘ct
367 2076 564 2149 impietatibus
584 2078 663 2148 suis,
681 2075 759 2148 haee
777 2075 820 2130 eis
839 2083 967 2130 ventura

56 2170 152 2232 erant,
178 2160 305 2214 maxime
318 2157 471 2233 Ieremias,
497 2161 548 2235 qui
562 2161 649 2214 etiam
663 2157 816 2214 numerum
831 2156 966 2214 delinivit

56 2265 82 2300 n.
98 2243 143 2312 Ep
157 2252 287 2315 tempore
301 2239 431 2298 Pittacus
445 2241 652 2316 Mitylenaeus,
666 2243 741 2297 alius
756 2260 772 2296 c
786 2249 896 2314 septem
910 2237 966 2312 Sa-

56 2347 88 2399 ts,
103 2326 193 2391 fuisse
206 2322 384 2398 perhibetur.
400 2322 440 2379 Et
453 2326 581 2400 quinque
596 2333 738 2393 caeteros,
753 2325 802 2398 qui
813 2332 846 2379 ut
857 2315 968 2400 septena
1005 2349 1008 2360 ἢ

56 2420 136 2478 tatur,
159 2407 294 2477 Thaleti,
319 2397 406 2480 quern
421 2424 518 2483 supra,
530 2407 833 2475 commemoravimus,
859 2415 889 2460 et
901 2404 969 2460 huic
989 2415 999 2422 ”

56 2492 215 2560 adduntur,
231 2479 266 2545 ee
279 2498 409 2562 tempere
422 2487 513 2543 luisse
524 2490 626 2544 scribit
635 2486 792 2558 Eusebius,
807 2485 864 2561 quo
876 2489 979 2562 capti-.
1007 2487 1015 2494 '

61 2576 192 2649 populus
206 2575 238 2632 in
252 2571 413 2646 Babylonia
430 2571 591 2626 tenebatur.
615 2569 656 2625 Hi
670 2578 740 2624 sunt
753 2577 860 2640 autern,
875 2567 969 2633 Solon

56 2660 133 2726 nsis,
147 2654 508 2724 ChileLaccdaemonius,
516 2651 676 2710 Periander
690 2649 869 2722 Corinthius,
883 2651 969 2709 Cleo-

56 2741 170 2810 indius,
184 2738 253 2795 Bias
267 2738 445 2807 Prienaeus,
471 2735 581 2804 Onmcs
594 2734 625 2790 hi
638 2745 750 2810 septem
763 2735 900 2808 appellati
913 2734 968 2792 Sa-

66 2831 134 2898 post
154 2822 260 2890 Po'e‘tos
280 2819 433 2897 theologos
458 2821 646 2890 claruerunt,
672 2819 741 2893 quia
763 2835 873 2895 genere
890 2819 970 2873 vitoe
1069 2873 1071 2878 ,

80 2905 220 2970 laudabili
242 2903 431 2978 praestabant
452 2901 618 2958 horninibns
640 2901 780 2971 caeteris,
805 2909 836 2955 et
857 2917 971 2956 morum

56 3009 74 3047 a
86 2997 241 3065 praecepta
254 2987 469 3044 sententiarum
484 2987 629 3042 brevitate
643 2985 788 3059 complexi
802 2992 879 3039 sunt.
915 2981 970 3038 Ni-

56 3095 85 3130 nr
98 3080 372 3140 monumentorum,
385 3069 464 3145 quod
477 3068 513 3125 ad
527 3071 627 3125 literas
642 3070 763 3138 attinet,
783 3066 908 3140 posteris
921 3083 970 3120 re-

56 3167 93 3228 nt,
107 3157 167 3211 nisi
181 3154 257 3228 quod
267 3152 358 3210 Solen
372 3153 511 3228 quasdam
524 3154 605 3230 leges
613 3149 841 3208 Atheniensibus
856 3147 970 3203 dedisse

56 3251 115 3296 tur:
130 3237 237 3294 Thales
251 3254 321 3294 vero
333 3235 471 3312 physicus
485 3237 556 3307 fuit,
577 3245 607 3291 et
620 3253 740 3292 suorum
754 3232 921 3309 dogmatum
934 3231 971 3285 li-

58 3324 142 3399 iquit.
180 3321 225 3378 Eo
240 3321 417 3395 captivitatis
432 3319 566 3376 ludaieae
580 3329 725 3394 tempore,
748 3325 777 3370 et
790 3316 971 3372 Anaximan-
1040 3326 1049 3334 '

56 3407 269 3476 Anaximenes,
285 3415 314 3459 et
326 3401 527 3478 Xenophanes
541 3401 656 3478 physici
669 3404 850 3457 claruerunt.
886 3395 972 3454 Tunc

56 3507 174 3572 ageres,
188 3506 226 3544 ex
240 3505 296 3564 quo
310 3497 468 3562 coeperunt
482 3488 622 3562 appellari
630 3479 803 3560 philosophi.
909 3483 910 3488 ’

214 3627 217 3636 ’
295 3603 417 3662 CAP.
460 3599 611 3659 xxvi.

63 3697 198 3754 tempore,
217 3701 269 3753 pao
278 3683 395 3752 impletis
408 3682 585 3752 septuaginta
596 3680 675 3734 annu
685 3679 845 3732 ludaeorum
856 3681 896 3727 est
906 3691 975 3742 reto-

56 3754 217 3825 captivitat,
228 3754 344 3807 Roirtom'
355 3769 456 3822 petoque
466 3770 483 3804 a
494 3750 632 3802 dotrtinotu
642 3758 706 3806 suot
716 3748 791 3818 regio
802 3744 922 3800 liberati.

69 3845 152 3904 idem
166 3853 282 3920 tempus
292 3843 385 3928 Cyrus
399 3860 453 3898 rex
466 3840 636 3914 Persarum,
657 3840 707 3916 qui
721 3839 809 3920 etiam
822 3833 975 3894 Chaldaeis
