2362 4320
228 197 532 261 ascivimus
555 200 634 260 nur
656 203 735 262 ms.
757 203 835 262 xn.
936 183 940 190 ’
988 211 1048 290 ιιι

20 356 118 431 potius
131 373 210 410 nrors
222 363 266 410 cst
275 354 338 424 ,ita
351 355 467 430 gravis,
480 364 513 410 ut
524 373 603 416 mors
616 375 689 431 quae
702 357 736 412 ab
750 354 804 420 hac
816 357 936 430 liberat,
949 362 1050 416 mortis

20 438 106 494 huius
120 431 405 515 amore-timeatur,)
429 449 496 512 post
508 449 567 494 tam
580 458 686 516 niagno
700 431 776 496 nrnla
790 449 904 514 tamque
917 444 1008 518 multa
1023 441 1061 498 e't'

20 520 183 591 horrenda,
208 520 326 576 tandem
344 521 498 595 aliquando
517 537 687 595 potueram
705 524 879 598 religionem
898 533 983 598 atque
1004 545 1051 581 sa-

20 607 162 679 pientiam
177 606 296 682 expiata
306 612 393 677 atque
407 604 501 675 finita,
515 606 559 660 ira
572 608 727 678 pervenire
738 605 774 660 nd
785 616 973 682 conspectum
983 607 1051 680 Dei,

20 687 110 762 itque
130 691 173 742 ita
194 687 259 742 fieri
282 687 398 766 boatum
422 690 667 763 contemplatione
689 691 880 763 incorporeae
904 691 976 758 lueis
999 691 1053 764 per
1120 729 1124 738 ι

20 771 272 846 participationem
289 771 476 831 immutabilis
490 773 716 834 immortalitatis
738 773 820 844 eius,
847 774 930 828 cuius
959 772 1052 848 adipi-

22 854 153 911 scendae·
162 872 261 909 amore
280 851 453 929 flagramus,
479 863 511 908 ut
536 873 598 910 eam
612 855 789 930 quandoque
804 873 924 911 neeesse
943 858 982 910 sit
1000 857 1050 911 de-

26 940 90 1006 seri,
104 946 133 992 et
146 955 197 992 cos
211 955 262 1010 qm
253 936 424 1007 deserunt,
439 935 474 991 ab
488 938 537 994 illa
552 939 742 1008 aeternitate,
756 940 896 1010 veritate,
910 927 1051 994 felicitate

30 1012 158 1089 deiectos,
185 1028 332 1075 tartareae
344 1021 528 1090 mortalrtatr,
555 1022 633 1094 turpi
647 1022 799 1092 stultitiae,
825 1023 961 1090 miseriis
966 1041 1050 1078 exse·
1063 1035 1066 1040 ·
1091 1053 1096 1064 1
1157 1011 1160 1020 Δ

32 1103 176 1158 erabilibus
190 1103 354 1175 implicari,
382 1104 432 1158 ubi
445 1103 527 1158 Deus
541 1104 706 1173 amittatur,
734 1105 784 1160 ubi
798 1105 864 1160 odio
876 1107 984 1160 veritas
997 1105 1049 1178 lra-

28 1184 135 1264 beatnr,
161 1186 211 1241 ubi
232 1204 286 1259 per
304 1185 466 1241 immundas
486 1187 630 1260 nequitias
645 1186 994 1261 ,beatitudoquaeratum
1021 1198 1051 1244 et
1143 1191 1144 1198 ’

23 1264 75 1324 lroe
86 1268 195 1326 {itidem
213 1277 302 1342 atque
321 1267 422 1328 itidem
441 1271 505 1325 sine
521 1271 581 1325 ullo
594 1269 653 1324 fine
671 1271 801 1342 priorum
816 1280 845 1326 et
856 1273 1051 1346 posteriorum

23 1354 108 1406 certis
127 1352 291 1407 intervallis
310 1361 339 1406 et
358 1351 585 1418 dimensionibus
605 1353 786 1408 sacculorum
800 1355 909 1410 factum
928 1365 957 1410 et
969 1355 1049 1412 futu-

20 1447 99 1505 rum;
126 1444 155 1490 et
168 1433 223 1490 hoc
236 1445 406 1509 propterca,
432 1445 465 1490 ut
477 1437 594 1509 possint
607 1434 701 1506 Deo,
702 1436 906 1510 circumitibus
922 1437 1049 1494 delinitis

22 1477 155 1573 cuntibus
169 1537 283 1592 semper
294 1527 382 1592 atquc
395 1511 583 1574 redeuntibus
594 1537 647 1593 per
660 1528 776 1573 nostras
790 1505 878 1574 falsas
892 1503 1050 1576 beatitudi-
1057 1575 1059 1580 ,
1096 1529 1100 1550 ²
1128 1567 1131 1574 .

20 1615 72 1655 nes
87 1609 117 1656 et
130 1619 214 1668 veras
227 1603 383 1670 miserias,
403 1601 570 1658 alternatim
584 1600 716 1674 quidem,
743 1601 794 1656 sed
807 1596 1011 1658 revolutione'
1003 1621 1050 1658 ιιι-

21 1685 156 1740 cessabili
183 1685 392 1758 sempiternas,
419 1695 488 1740 nota
502 1703 565 1748 esse
583 1695 758 1757 operosus,
777 1686 1020 1759 quoniamneque
1033 1705 1052 1742 a

20 1765 154 1832 iaciendo
169 1769 332 1842 quiescere,
358 1785 452 1841 neque
466 1766 585 1824 sciendo
599 1769 692 1840 possit
706 1785 740 1821 ca
754 1784 828 1841 quac
840 1767 956 1823 infinita
970 1779 1049 1839 sunt,

20 1849 178 1927 indagare:
206 1853 270 1925 quis
284 1849 358 1918 haee
368 1847 497 1906 audini
511 1853 575 1925 quis
591 1845 709 1906 credati
736 1851 800 1923 quis
814 1845 907 1906 forati
931 1852 1011 1916 Quae
1025 1854 1051 1906 si

20 1947 89 1989 reta
103 1943 215 2003 essent,
228 1953 288 1990 non
302 1936 395 1989 solum
410 1943 578 1990 tacerentur
591 1932 773 2007 prudentius,
786 1931 887 1988 rerum
902 1935 988 1990 etiam
1005 1928 1052 2017 (ut
1110 1997 1112 2016 b

20 2019 163 2092 quomodo
179 2013 262 2074 volco
276 2017 368 2080 dicam
383 2017 458 2091 qdod
472 2015 549 2091 volo)
569 2017 681 2073 doctius
701 2016 902 2090 nescirentur(
937 2015 1011 2074 Nam
1025 2020 1051 2073 si

20 2095 91 2157 haec
105 2103 166 2156 illie
179 2103 212 2156 in
224 2102 363 2158 memoria
376 2109 435 2157 n'ou
448 2099 632 2171 habebimus,
648 2109 677 2155 et
690 2101 754 2156 ideo
767 2099 844 2166 beati
858 2102 983 2170 erimus,
999 2119 1051 2157 cur

20 2177 66 2239 bie
79 2205 130 2259 per
144 2203 246 2241 eorum
259 2185 411 2239 scientiam
424 2192 563 2260 gravatur
576 2184 700 2255 amplius
720 2194 820 2239 nostra
838 2181 975 2239 miseriei
1017 2183 1052 2240 si

20 2267 116 2323 sutem
130 2269 171 2323 ibi
184 2286 220 2323 ea
233 2268 400 2322 necessario
413 2268 517 2334 scituri
529 2283 637 2335 sumus,
651 2265 697 2326 hic
711 2269 814 2340 saltem
828 2261 1002 2364 nesciamus,
1019 2276 1051 2322 ut

20 2344 67 2405 hic
90 2351 205 2407 felicior
228 2352 282 2405 sit
292 2351 486 2422 exspectatio,
514 2367 600 2422 quam
621 2351 682 2404 illic
701 2350 816 2424 adeptio
839 2353 943 2406 summi
962 2352 1048 2408 Ιιοιιί.
1060 2381 1061 2384 ¹

22 2434 137 2508 quando
156 2433 203 2498 hie
226 2435 421 2489 aeternavita
444 2432 648 2508 consequenda
672 2442 873 2505 exspectatur,
900 2435 940 2490 ibi
953 2445 1050 2492 autem

21 2512 115 2586 beata,
130 2517 254 2573 sednon
269 2525 398 2586 aeterna,
414 2514 586 2612 quandoque
600 2515 758 2570 amittenda
769 2513 966 2591 cognoscitur.
1055 2512 1062 2520 ”
1108 2509 1109 2514 ’

83 2591 117 2655 Si
130 2607 227 2655 autom
241 2599 357 2669 dieunt,
371 2600 516 2655 neminem
526 2597 661 2671 possead
673 2599 752 2652 illam
764 2597 972 2654 beatitudinem
984 2619 1051 2674 per-

23 2685 137 2753 tenire,
152 2735 153 2740 ,
167 2679 225 2738 nisi
247 2680 298 2736 bos
321 2682 504 2746 circumitus,
531 2681 579 2736 ubi
592 2679 739 2735 beatitudo
753 2687 782 2734 et
794 2679 910 2736 miseria
922 2685 1052 2738 vicissim

24 2767 180 2839 alternant,
195 2767 226 2821 in
239 2763 325 2820 huius
338 2766 417 2820 ritae
431 2763 796 2839 eruditionecognoverit:
823 2763 963 2836 quomodo
980 2763 1050 2843 ergo
1147 2833 1149 2836 Ι

24 2848 160 2917 latentur,
184 2857 295 2923 quanto
309 2850 372 2921 plus
386 2848 510 2921 quisque
522 2843 781 2915 anrareritDcum,
803 2853 887 2900 tanto
902 2864 966 2900 cum
979 2847 1051 2902 faei-

24 2931 76 2986 lius
91 2931 127 2986 ad
140 2931 350 2986 beatitudinem
363 2938 585 3004 perventurum,
611 2930 660 3002 qui
679 2947 712 2984 ea
723 2927 835 3002 docent
854 2927 956 3001 quibus
971 2947 1052 2990 unior

24 3015 84 3087 ipse
106 3009 273 3090 torpescati
296 3013 370 3070 Nam
384 3003 461 3087 ''quis
472 3029 531 3070 non
545 3013 693 3067 remissius
707 3021 736 3067 ct
750 3010 872 3084 tepidius
887 3020 964 3066 amet
977 3031 1051 3084 cum,

24 3115 106 3171 quem
119 3117 151 3160 sc
165 3099 278 3173 cogitat
297 3097 463 3160 necessario
478 3094 679 3164 deserturum,
706 3103 736 3150 ct
750 3104 854 3150 contra
867 3095 929 3149 cius
943 3095 1052 3149 verita·
1074 3159 1075 3164 Ἰ

24 3189 81 3234 tem
98 3182 331 3255 sapientiamque
348 3196 525 3248 ‘sensurum,
551 3176 648 3244 ethoe
662 3177 777 3244 eumad
791 3179 853 3236 eius
870 3179 986 3252 plenam
999 3195 1052 3248 pro

24 3263 76 3320 sua
100 3265 264 3336 capacitate
278 3263 426 3318 'notitiam
450 3261 637 3328 beatitudinis
663 3260 844 3333 perfectione
869 3259 1053 3333 pervenerit;

25 3346 137 3421 quando
161 3365 215 3406 nee
239 3344 386 3403 hominem
408 3345 531 3400 amicum
547 3345 641 3416 possit
659 3345 782 3418 quisque
800 3361 897 3418 amare
917 3341 1053 3413 fideliter,
1081 3401 1083 3420 ι
1114 3337 1116 3342 Χ

27 3428 263 3486 euisefuturum
276 3430 392 3484 noverit
407 3423 571 3484 inimicum'i
591 3424 953 3504 Seglnbsitutverasiut,
979 3445 1053 3500 quae
1095 3463 1105 3504 4
1158 3479 1160 3486 ,

26 3513 106 3569 nobis
120 3514 272 3568 minantur
285 3530 384 3568 veram
396 3511 543 3566 miseriam
556 3528 703 3584 nunquam
714 3508 881 3578 finiendam,
897 3508 947 3563 sed
960 3510 1054 3563 inter·
1119 3556 1128 3575 ,

27 3595 219 3669 positionibus
240 3595 333 3650 falsae
354 3593 538 3649 beatitudinis
552 3611 643 3666 saepe
658 3612 691 3647 ac
707 3591 842 3646 sine-fine
856 3590 1053 3666 rumpendam.

28 3680 100 3745 Quid
113 3682 192 3736 cuim
206 3680 258 3732 illa
272 3677 451 3732 beatitudine
465 3675 564 3732 falsius
578 3685 663 3749 atque
677 3674 828 3742 fallacius,
844 3675 893 3729 ubi
903 3693 961 3738 ,nos
975 3675 1054 3730 futu-

27 3779 73 3818 ros
83 3765 219 3830 miseros,
233 3771 284 3816 aut
295 3761 326 3814 in
336 3770 418 3836 tanta
428 3761 561 3830 ueritatis
571 3761 635 3814 luce
649 3758 822 3824 nesciamus,
835 3758 928 3812 autin
943 3775 1054 3812 summa

28 3845 172 3904 felicitatis
185 3863 254 3902 arec
268 3838 438 3900 timeamus?
461 3841 494 3898 Si
505 3844 585 3898 enim
596 3851 751 3898 venturam
762 3841 954 3916 calamitatem
967 3843 1065 3922 igno-¹
