2340 4312
67 225 69 234 ν
155 211 213 268 ιιι
362 199 1071 292 ιιιιιιιιιιιιιιιιιιιινιιιιιιΙ’

156 361 198 418 ud
210 359 336 432 inferos,
351 370 381 416 et
393 361 517 418 reducit.
545 357 656 424 Quibus
670 357 749 414 eninr
762 357 834 414 dicit
847 357 1007 429 Apostolus,
1022 355 1102 414 &uer

157 447 307 502 catiacum
323 442 452 513 Christo,
467 462 540 519 quae
554 459 671 499 sursum
684 451 754 498 suut
767 442 913 516 quaerite,
927 441 975 496 ubi
989 439 1096 498 Christus

158 529 188 584 iu
204 527 330 584 dexteru
342 526 404 584 Dei
416 528 535 598 sedeus;
548 525 702 582 salubriter
720 526 819 599 itaque
831 523 1102 580 mortificanturallu

76 603 80 614 '
156 629 208 667 no:
223 610 327 685 quibus
342 611 486 707 adiungit,
510 570 593 678 Q’uue
606 625 724 664 sursum
737 618 807 663 suut
820 609 928 684 sepite,
942 624 1102 684 uerquueup

156 701 298 766 terrum,·
314 702 347 749 ιιι
359 693 423 769 ipsi
441 695 501 748 sint
520 694 578 763 illi,
602 693 654 766 qui
677 692 840 748 esurientes
866 691 1038 747 transierunt
1056 700 1102 746 tem

156 775 273 834 Mortui
284 779 359 833 enim
372 776 460 845 estis,
488 777 596 850 inquit:
625 794 692 842 ecce
706 773 851 857 quomodo
866 773 1017 830 salubriter
1027 771 1102 830 martii

127 855 130 862 “
157 858 248 918 Deus.
282 857 396 918 Deinde
419 860 562 933 sequitur,
587 857 629 914 Et
651 860 716 914 citd
737 869 841 915 vcetru
859 857 1033 918 adscendite
1051 869 1102 914 ιιιι

161 941 311 999 Christe
298 962 329 997 ιιι
349 938 430 998 Deo:
457 960 525 998 ecce
547 941 689 1017 quomodo
713 940 861 1000 eosdem
852 957 932 1014 ipsos
950 942 1065 1000 vivificat
1079 939 1102 998 ll

158 1023 219 1082 seo
243 1024 382 1099 npurrquid
406 1024 522 1081 eosdem
550 1024 670 1084 deduxit
694 1024 730 1082 ad
755 1025 868 1082 inferos
894 1034 925 1080 et
949 1020 1070 1082 reduxitl
1096 1021 1102 1078 l

157 1118 313 1180 utrumque
327 1109 391 1166 sine
406 1109 609 1165 conuovcrsia
620 1108 750 1164 fidelium
760 1109 793 1164 in
806 1110 857 1166 illo
870 1110 970 1180 potius
983 1109 1090 1166 videmus

84 1225 89 1238 ·
158 1193 284 1265 pletum,
308 1193 403 1265 capite
417 1192 531 1264 scilicet
540 1201 659 1263 ιιοιιιο,
683 1211 749 1249 oum
762 1211 818 1267 quo
831 1194 923 1249 vitam
936 1203 1057 1250 nostram
1067 1188 1102 1246 iul

158 1275 311 1348 Apostolus
326 1275 402 1331 dixit
415 1273 622 1332 absconditum.
645 1272 721 1332 Num
735 1295 819 1352 quum
828 1279 957 1352 proprie
972 1275 1094 1334 Filiouoa

153 1359 271 1436 percit,
298 1359 351 1416 sed
358 1375 419 1434 pro
432 1358 515 1415 uobis
528 1359 658 1416 erunibus
671 1360 802 1416 tradidit
816 1379 897 1428 eum,
923 1361 981 1416 isto
992 1359 1067 1418 modo
1076 1357 1102 1412 ιιιΙ

159 1439 321 1506 rnortrncas
323 1442 346 1498 ιι
359 1459 433 1496 eum.
467 1440 507 1497 Et
520 1442 589 1515 quia
600 1443 786 1498 resuscitavit
800 1460 866 1498 eum
881 1460 897 1496 a
910 1445 1053 1513 mortuis,
1060 1459 1102 1497 eun

69 1553 70 1560 ι
159 1541 259 1579 rursus
274 1523 444 1580 vivificavit.
475 1523 515 1580 Et
532 1525 602 1598 quia
619 1527 652 1582 in
672 1523 822 1599 prophetia
843 1543 904 1584 vox
922 1527 985 1582 eius
1008 1524 1102 1604 agnosci

114 1615 116 1622 “
160 1603 225 1664 Neu
238 1607 420 1683 derelinques
434 1609 563 1664 unicium
574 1617 667 1664 meum
681 1611 711 1666 iu
727 1609 860 1679 inferne,
881 1608 1007 1666 eundem
1019 1607 1102 1666 deduxi

159 1690 270 1784 inferos
285 1702 314 1748 ct
327 1691 451 1746 reduxit.
474 1689 578 1746 Hac'
553 1709 615 1745 erus
628 1701 797 1765 paupertate
812 1690 897 1747 ditati
910 1711 1019 1752 sumus.
1044 1691 1102 1748 Dee

103 1816 105 1828 .
160 1750 238 1830 e'nim
251 1791 402 1851 pauperes
416 1774 519 1843 fucit,
543 1784 572 1831 ct
592 1775 680 1831 ditet.
712 1774 793 1832 Nom
806 1775 877 1848 quid
890 1773 944 1832 hoc
959 1779 998 1832 sit
1009 1785 1040 1832 ut
1051 1776 1102 1832 scin

162 1857 239 1932 quod
252 1860 384 1933 sequitur
396 1856 561 1913 audiamus:
575 1855 736 1926 Humiliut,
750 1867 780 1914 et
795 1857 931 1914 exultet·
920 1861 1041 1934 ,utiquc
1053 1875 1102 1931 supe

160 1940 304 2012 humiliat,
320 1952 350 1996 et
363 1939 487 2000 humiles
496 1941 619 2000 exaltat.
642 1941 725 2006 Quod
739 1941 817 1996 enim
829 1941 899 1996 alibi
912 1944 1031 2019 legitur,
1045 1941 1102 2000 osu

159 2025 261 2101 perbis
275 2025 409 2095 resistit,
424 2023 579 2101 humilibus
593 2032 690 2080 eutem
704 2024 759 2080 dut
770 2026 921 2099 graiium:
947 2025 1002 2089 hoc
1017 2019 1102 2083 totusl

102 2123 104 2127 ’
161 2125 257 2164 sermo
269 2105 367 2177 huius,
382 2108 466 2162 cuius
480 2123 587 2162 nomen
600 2107 808 2180 interpretatur
819 2110 916 2184 gratia
931 2110 1002 2168 eius.

223 2189 283 2246 lam
293 2205 366 2245 vcro
381 2189 458 2263 quod
471 2189 652 2266 adiungitur,
674 2187 811 2246 Suscitut
825 2210 845 2246 u
859 2201 946 2250 terra
953 2209 1100 2270 pauperem

162 2275 244 2330 nullo
257 2274 359 2327 melius
374 2290 459 2346 quam
473 2273 507 2328 de
521 2274 570 2344 illo
585 2274 734 2350 intelligo,
761 2275 812 2348 qui
822 2286 954 2350 propter
967 2276 1102 2346 uesfuctu

155 2374 291 2436 pauper,
311 2373 374 2412 cum
388 2349 468 2413 diues
482 2366 570 2424 esset,
595 2366 628 2413 ut
642 2358 704 2415 eius
699 2366 914 2454 ..pauperiem
941 2361 1016 2414 sicut
1027 2359 1097 2432 paule

162 2439 271 2495 dictum
285 2448 338 2509 ιιι,
353 2440 527 2516 ditaremur.
547 2437 645 2513 lpsum
659 2442 737 2496 enim
749 2440 784 2495 de
797 2444 1041 2500 terrasuscitevit
1052 2453 1098 2504 tam

67 2579 69 2590 7
161 2532 195 2578 ut
206 2540 274 2578 caro
288 2523 350 2578 eius
371 2541 432 2580 non
452 2507 565 2578 videret
585 2523 810 2596 corruptionem
846 2522 909 2580 Nec
922 2525 994 2582 illud
1007 2526 1040 2580 ab
1052 2525 1093 2580 illo

72 2635 74 2642 s
158 2599 250 2674 nabo,
265 2604 341 2680 quod
354 2605 484 2662 additum
498 2615 558 2662 est
583 2593 624 2662 Ει
639 2607 674 2664 de
687 2609 900 2683 stercorcerc
902 2610 927 2664 it
942 2611 1059 2684 inopem
1093 2605 1102 2662 l

162 2689 268 2764 quippe
272 2683 358 2744 idem
372 2691 423 2763 qui
437 2685 494 2762 [est
508 2685 605 2767 quod]
612 2707 731 2764 pauper.
767 2687 890 2746 Stercus
904 2709 975 2748 vcro
990 2691 1062 2748 unde
1073 2709 1102 2745 en

68 2773 71 2778 ’
163 2783 221 2842 est,
248 2773 409 2838 rectissime
427 2774 635 2849 intelliguntur
657 2782 860 2846 persecutores
884 2767 1032 2846 ludaei‚'
1025 2794 1053 2830 ιιι
1069 2792 1102 2849 qur

162 2873 283 2914 numero
297 2872 362 2908 eum
375 2872 407 2908 se
420 2855 542 2912 dixisset
553 2857 709 2930 Apostolus
718 2853 880 2912 Ecclesiam
893 2863 1102 2931 persecutum‚l

161 2938 261 3008 milri,
255 2937 360 3011 inquit,
366 2937 499 3006 fuerunt
512 2939 608 3007 lucre,
621 2937 694 2996 leuce
700 2950 831 3022 propter
845 2939 997 2998 Christum
1011 2943 1102 3000 dumne

163 3023 251 3080 duxi:
272 3039 326 3077 uec
338 3019 429 3075 solum
444 3021 639 3090 detrimenta,
658 3041 758 3080 uerum
772 3024 862 3079 etium
876 3033 1013 3082 stercora
1027 3024 1102 3082 eruti

161 3122 236 3174 esse,
251 3114 284 3160 ut
294 3101 443 3158 Christum
453 3104 671 3175 lucrifacerem,
686 3105 732 3161 Dc
744 3115 822 3161 terra
836 3125 908 3184 crgo
919 3110 1071 3164 suscitetus
1082 3123 1102 3160 ιι

162 3205 248 3273 supra
262 3204 363 3242 omnes
377 3185 481 3242 divites
494 3205 618 3264 pauper,
626 3198 655 3244 et
665 3189 701 3244 de
714 3191 763 3245 illo
778 3199 909 3246 stercore
923 3202 1037 3248 erectus
1049 3200 1102 3246 esti

161 3289 261 3328 omnes
281 3270 433 3343 opulentos
455 3270 530 3325 ille
522 3288 618 3344 inops.
642 3283 676 3329 ut
694 3274 796 3330 eedeut
815 3291 879 3328 cum
891 3276 1102 3350 petentibuspe

70 3391 73 3400 .
161 3355 264 3431 quibus
278 3355 332 3423 ιιι,
356 3349 502 3410 Sedebitis
517 3370 606 3428 super
621 3355 771 3412 duodecim
785 3347 879 3412 sedes.
913 3355 957 3414 Et
971 3360 1063 3416 sedere
1073 3354 1102 3430 gl

115 3505 116 3510 ἵ
162 3437 378 3494 hoereditatem
391 3437 465 3492 deus
480 3437 531 3492 eis.
563 3435 711 3494 Duxerunt
724 3457 802 3494 enim
814 3450 951 3512 potentes
969 3443 1028 3513 illi,
1051 3440 1102 3496 oce

162 3521 331 3578 dimisimus
340 3521 453 3588 omniu,
474 3529 503 3576 ct
516 3522 612 3578 secuti
624 3537 722 3578 sursus
741 3532 789 3578 te:
814 3521 868 3578 hec
883 3534 987 3581 votum
998 3522 1102 3600 potenti

102 3651 110 3668 ι
163 3614 313 3660 voverant.

224 3685 283 3742 Sed
293 3685 373 3744 unde
386 3683 513 3755 loccis,
537 3687 595 3744 nisi
587 3687 644 3742 ab
658 3689 726 3758 illo,
751 3688 787 3744 de
801 3707 859 3763 quo
872 3689 921 3746 hie
934 3686 1102 3748 continuodi

163 3778 224 3836 est,
251 3767 338 3824 Deus
351 3780 450 3826 uotum
468 3766 603 3826 receuti?
629 3771 767 3844 Alioquin
781 3791 818 3828 ex
833 3774 892 3830 illis
907 3785 1007 3832 essent
1017 3779 1102 3850 potent

144 3868 285 3922 ¹qnorum
307 3851 471 3908 infirmatus
492 3862 537 3908 est
560 3870 654 3909 arcus.
690 3853 792 3932 Deus,
819 3858 928 3933 inquit,
951 3870 1045 3918 uotuu
1065 3871 1102 3910 ιιι
