2362 4312
244 180 306 240 DE
328 179 554 240 ClVlTATE
576 185 656 242 DEl
680 185 760 244 ΗΒ.
783 187 840 244 lll.
1027 197 1066 252 85

60 333 224 401 ulneribus,
244 331 352 386 occisis
366 351 384 387 a
398 350 429 392 se
448 333 513 405 ipso
532 335 666 406 primitus
682 334 751 392 liliis
765 339 826 393 suis
841 346 872 393 et
885 342 986 395 uxoria
999 359 1067 399 snae

60 415 188 483 retribuo,
200 413 279 487 quod
287 431 338 468 eos
349 431 403 484 pro
412 415 595 474 restituendo
603 415 765 491 Tarquinio
778 421 948 475 coniurasse
959 439 1066 499 cogno-

60 505 126 574 crat.
159 494 245 560 Quod
263 494 376 550 facttim
392 493 537 572 Virgilius
562 506 665 570 postea
683 517 770 573 quam
787 499 972 557 laudabiliter
989 521 1066 560 eom-

60 579 216 648 eniorarit,
230 579 374 632 continuo
388 577 548 634 clementer
560 577 722 636 exhorruit.
755 581 828 638 Cum
842 584 922 640 enirn
934 583 1067 656 dixitset,

113 707 128 719 ·
141 707 155 718 -
170 708 184 720 -
201 706 215 718 -
229 673 384 748 Notosque
399 677 483 748 pater
496 694 574 731 nova
586 677 662 731 bella
675 688 827 756 moventes
921 709 923 716 ·
1015 733 1018 738 .
1040 711 1059 738 ι

112 757 157 813 Arl
169 775 298 834 poenam
312 758 414 828 pulcra
427 774 481 828 pro
495 757 630 813 libertate
643 762 758 816 vocabit

60 875 98 922 en
109 856 217 912 deinde
231 856 412 911 exclamavit
426 863 456 909 et
468 857 524 912 ait:

114 951 235 1024 Infelix,
249 963 401 1028 utcunque
414 955 512 1010 ferent
526 973 560 1011 ea
570 956 649 1012 facte
661 957 801 1012 minores.

60 1049 183 1114 [uomodo
198 1053 290 1123 libet,
305 1053 416 1126 inquit,
429 1070 464 1108 ee
477 1052 556 1108 facta
568 1055 679 1126 portori
692 1056 805 1125 ferant,
826 1054 857 1111 il
870 1064 932 1129 est,
952 1057 1068 1131 praesc·

60 1143 99 1188 nrt
110 1142 140 1186 et
153 1136 318 1205 extollant,
332 1135 383 1207 qui
396 1134 474 1190 filios
489 1134 607 1206 eccidit,
620 1135 726 1193 infelix
740 1147 785 1193 ert
827 1137 869 1217 Et
881 1148 1020 1214 tanquam
1032 1139 1070 1196 ed

60 1214 246 1271 »molendum
261 1215 423 1286 infelicem,
435 1217 599 1273 subiunxit:

114 1295 220 1354 Vincit
231 1315 316 1353 emor
329 1299 453 1371 patriae,
466 1298 640 1372 laudumque
654 1301 796 1358 immensa
811 1302 924 1377 eupillo.

60 1413 136 1452 enne
149 1397 184 1451 in
198 1394 257 1452 hoe
270 1394 375 1466 Brute,
394 1397 444 1470 qui
457 1405 488 1452 ct
500 1395 575 1460 filies
589 1397 707 1469 occidit,
722 1409 752 1454 et
761 1418 783 1454 e
797 1418 829 1455 se
840 1419 980 1474 percunte
994 1399 1072 1457 besti

60 1480 91 1532 b'o
106 1476 271 1552 Tarquinii
285 1479 388 1533 mutuo
400 1480 761 1552 pereusnnnnupervivcrc
775 1499 835 1537 non
849 1485 962 1554 potuit,
986 1486 1072 1556 eiquo

60 1558 127 1628 ttius
146 1562 214 1632 ipse
234 1557 418 1632 Tarquinius
437 1561 620 1632 supervixit,
647 1559 787 1616 Collatini
806 1565 937 1640 collegae
955 1563 1072 1628 videtur

60 1644 206 1698 nocentia
219 1641 383 1711 vindicata,
401 1643 450 1715 qui
463 1643 556 1696 benur
571 1642 646 1697 civis
659 1639 715 1698 hoe
729 1641 891 1716 Tarquinio
906 1647 990 1717 pulte
1004 1664 1071 1719 par·

60 1743 82 1778 ιιι
95 1737 159 1793 ert,
180 1723 261 1796 qued
274 1733 419 1797 tyrannus
433 1723 496 1795 ipse
508 1719 709 1796 Tarquiniuol
735 1722 810 1780 Nam
829 1734 860 1780 ot
873 1724 950 1781 idom
962 1725 1071 1782 Brutua
1103 1721 1105 1728 '

60 1807 278 1882 ›nunguineur
292 1803 554 1878 Tarquinii'iuisoe
567 1802 748 1878 perhibetur.
768 1804 828 1862 Sed
841 1805 1019 1862 Collatinum
1028 1809 1073 1864 vi-·

60 1889 140 1943 clicct
152 1885 318 1942 similitudo
331 1887 460 1942 nominis
473 1887 592 1961 premit,
607 1887 676 1962 quio
689 1889 778 1944 ctiam
791 1886 973 1961 Tarquinius
984 1906 1073 1945 roca-

60 1980 128 2025 rtur.
159 1967 287 2028 Mutare*
296 1986 366 2044 erge
380 1985 500 2038 nomen,
514 1987 575 2025 nen
588 1971 713 2041 patriam
727 1967 898 2047 cogeretur:
925 1979 1073 2043 postremo

60 2071 67 2107 ι
80 2054 142 2107 cius
157 2051 280 2106 nomine
294 2049 350 2106 boc
363 2051 534 2107 vocabulum
547 2052 643 2106 minus
657 2060 754 2122 creet,
777 2052 810 2108 L.
826 2051 989 2128 Collatinus
1008 2061 1073 2108 tan-

60 2135 185 2190 immedo
210 2141 378 2190 vocaretur.
415 2131 476 2189 Sed
492 2133 558 2188 ideo
578 2151 638 2189 nou
657 2135 756 2190 amisit
774 2133 854 2209 quod
871 2134 936 2190 sine
949 2136 1008 2190 ullo
1022 2133 1073 2190 de·

60 2219 176 2272 imento
187 2224 291 2289 posset
304 2216 454 2285 annitere,
477 2223 510 2270 ut
523 2211 678 2270 ethonore
690 2218 802 2288 primns
820 2219 925 2273 conoul
944 2225 974 2270 ct
1000 2218 1073 2272 civi-

60 2307 96 2353 tte
110 2300 204 2354 benuo
220 2298 295 2354 cirin
309 2315 410 2353 cerere
424 2297 586 2354 iuberetur..
613 2296 751 2354 Etiamne
764 2299 821 2354 iota
834 2307 885 2353 cot
894 2299 998 2374 gloria.
1025 2297 1073 2354 lu-

60 2383 79 2434 ii
102 2379 192 2436 Bruti
221 2379 396 2435 detestanda
421 2379 564 2453 iniquitat
591 2388 621 2434 et
646 2379 739 2436 nihilo
765 2382 846 2436 utilio
877 2376 1073 2452 reipublicae?

60 2465 174 2518 Ltianme
188 2461 228 2517 ad
240 2459 570 2535 hanclpcrpetrandam,
595 2461 670 2517 uicit
682 2479 764 2517 aanor
776 2463 889 2536 patriae
901 2461 1076 2535 laudumque

60 2547 180 2601 amensa
193 2539 320 2619 cupido?
343 2543 401 2599 lam
417 2545 540 2617 ‘expulso
554 2545 656 2618 utiquc
670 2543 833 2619 Tarquinio
847 2553 987 2618 tyranno,
1002 2561 1074 2598 ecn-

60 2628 83 2681 rl
106 2645 177 2683 eum
198 2626 296 2682 Bruto
319 2635 441 2698 creatur
462 2635 509 2680 cst
527 2627 652 2681 meritus
672 2624 829 2684 Lucretiae
847 2623 880 2680 L.
893 2624 1075 2699 Tarquinius

60 2711 212 2764 ellatinum
241 2709 336 2774 Quam
346 2709 427 2764 ,iuste
440 2709 563 2782 populeo
577 2725 674 2772 mereo
686 2709 719 2764 in
733 2709 812 2778 cive,
836 2724 897 2763 non
909 2724 1017 2763 nomen
1031 2714 1076 2760 at-

60 2787 151 2846 mont
194 2792 292 2857 Quam
304 2791 416 2846 iniuste
429 2789 538 2857 Bmtuo
553 2791 698 2867 collegam
716 2791 828 2864 prinmo
841 2807 875 2846 ae
888 2805 983 2845 novoe
996 2789 1075 2844 illiue

60 2875 212 2943 etectatio,
240 2891 328 2947 quem
347 2867 467 2946 penset,
483 2873 509 2927 oi
528 2871 585 2927 hoe
598 2871 811 2943 offendebatur,
830 2873 949 2927 nomine
961 2878 1077 2926 tantum

60 2959 169 3025 uvare,
190 2949 483 3029 etpatrie'priravit
500 2963 530 3010 ct
548 2949 678 3008 honoret
703 2952 787 3010 Haec
803 2955 879 3008 mala
899 2953 1076 3019 factasunt,

60 3057 105 3095 rec
118 3037 250 3094 adversa
264 3034 448 3108 aeciderunt,
462 3033 577 3108 quando
591 3035 623 3088 in
636 3036 688 3091 ille
700 3035 850 3108 republica
863 3051 957 3108 nequo
972 3040 1002 3086 et
1013 3049 1076 3086 mo-

60 3132 116 3177 nto
130 3123 202 3179 iuro
216 3120 364 3194 agitatum
377 3126 430 3171 cot.
456 3115 610 3171 Lucretius
625 3133 755 3191 quoquc,
774 3118 869 3191 quiin
883 3118 980 3171 locum
993 3111 1078 3165 Bruti

60 3213 132 3260 ierat
157 3203 361 3275 subrogatur,
387 3198 503 3267 morbo,
529 3206 685 3270 antequam
702 3198 888 3254 idem'annur
901 3193 1077 3251 terminer&

60 3305 94 3356 rr,
108 3287 274 3342 absumtos
283 3290 340 3335 est.
378 3277 467 3334 lta‘P.
480 3278 631 3350 Valerius,
658 3282 709 3353 qui
722 3286 907 3336 succenserat
920 3272 1077 3356 Collatino,

60 3368 117 3425 tlt
130 3366 296 3432 Horatius,
310 3361 363 3434 qui
375 3379 426 3434 pre
440 3360 580 3416 defuncte
594 3359 733 3417 Lucretio
748 3359 888 3417 suffectus
902 3356 1011 3420 iuerat,
1025 3369 1078 3408 ³¹¹·

60 3469 105 3506 um
117 3451 204 3504 illum
217 3447 383 3518 funereum
394 3451 480 3517 atque
492 3451 664 3514 tartareum,
677 3444 728 3518 qui
738 3443 874 3498 conculco
885 3437 1015 3511 quinque
1026 3431 1078 3488 ba-

60 3534 112 3602 nit,
136 3529 385 3602 compleverunt:
409 3541 466 3598 quo
481 3544 559 3580 enno
574 3527 744 3580 consulatus
758 3524 852 3596 ipsius
866 3531 975 3575 novum
987 3510 1080 3572 bene·

60 3631 96 3669 un
109 3631 142 3670 ac
154 3616 348 3688 potententem
360 3609 506 3678 auspicato
519 3615 563 3663 eet
577 3605 709 3663 Romana
722 3603 893 3676 respublica.
