2362 4320
223 219 285 276 or
313 191 637 320 civrrlqnsosr
661 219 742 298 ιιι(Γ
764 219 842 279 xa.
948 299 951 304 .
984 229 1054 286 aar·
1101 193 1108 198 ’

872 341 877 362 i

20 373 135 450 lngelis
155 372 188 428 ia
207 380 327 428 aeterna
345 389 416 444 pace
435 369 619 440 sociandum,
646 372 804 430 novissimo
823 351 1046 432 inimidaiu'orte
1095 375 1099 390 '

20 457 180 512 lestructa:
206 456 253 511 cui
268 456 381 528 populo
401 463 478 512 esset
494 452 578 510 huius
598 457 643 509 rei
665 455 860 510 consideratio
884 458 1046 530 profutura,

20 539 89 613 quod
103 556 143 594 ex
157 557 218 594 uno
230 536 349 596 homine
362 537 442 594 Deus
457 537 493 592 ad
507 537 761 596 commendandum
774 537 949 609 bominibus,
963 557 1047 614 quam

20 624 39 677 ci
62 631 152 700 grata
176 623 215 678 sit
237 623 327 678 etiam
348 623 380 678 in
397 620 527 694 pluribus
544 621 666 690 .unitas,‘
685 639 779 698 genus
797 621 974 679 instituisset
991 622 1045 680 hu·

20 724 139 762 nanum.

369 820 489 879 CAP.
531 819 696 877 XXIII.
747 845 748 848 ¹

123 902 170 955 De
180 911 281 956 notura
293 901 424 953 laumense
435 902 540 953 animae
551 901 659 953 creatae
670 902 706 952 od
713 900 857 973 imaginem
867 902 930 956 Dei.
1011 895 1013 904 ’

76 995 160 1052 Fecit
183 1013 254 1070 ergo
273 990 354 1048 Deus
371 990 515 1045 bominem
529 989 565 1045 ad
579 993 734 1069 imaginem
758 992 802 1069 [ct
815 989 1046 1068 similitudinem]

21 1097 106 1138 suam.
141 1075 246 1132 Talem
260 1077 363 1148 quippe
377 1076 420 1129 illi
435 1076 561 1152 animam
575 1077 695 1146 creavit,
711 1094 768 1150 qua
780 1095 832 1149 per
845 1079 989 1132 rationem
1002 1085 1048 1132 at·
1123 1103 1126 1112 ι

20 1180 72 1236 quc
82 1157 313 1235 intelligentiam
326 1157 459 1212 omnibus
474 1166 551 1218 esset
563 1161 756 1230 praestantior
769 1161 940 1215 animalibus
955 1170 1048 1215 terre-

20 1246 123 1300 stribus
141 1252 172 1298 et
189 1241 362 1296 'natatilibus
383 1249 412 1294 et
432 1241 612 1310 volatilibus,
641 1259 715 1314 quac
733 1250 860 1297 arentem
885 1241 1050 1300 huiusmodi

20 1346 73 1383 oon
87 1326 241 1382 baberent.
284 1323 324 1380 Et
349 1341 416 1378 cum
441 1324 536 1380 virum
557 1334 672 1378 terreno
691 1324 845 1390 formasset
863 1343 900 1380 cx
918 1330 1048 1400 pulvere,

20 1413 96 1485 cique
111 1411 239 1464 aninram
253 1408 367 1486 qualem
380 1406 457 1478 dixi,
479 1407 541 1461 sive
550 1424 639 1479 ‘quam
655 1408 712 1462 iam
726 1409 835 1463 fecerat
847 1393 986 1464 sufflando
1001 1411 1048 1464 in-

20 1490 146 1562 linisset,
161 1493 224 1546 sive
235 1491 330 1563 potius
345 1488 484 1560 sufflando
498 1488 626 1554 fecisset,
641 1509 763 1565 cumque
775 1489 874 1547 ssatsrm
887 1510 973 1566 quem
987 1493 1051 1547 rui-

20 1572 113 1632 lando
127 1575 212 1643 fecit,
238 1570 319 1633 (nam
332 1573 401 1647 quid
414 1583 458 1627 est
471 1570 550 1627 alind
565 1571 690 1642 sufflare,
705 1592 789 1646 quam
802 1571 902 1628 ilatum
916 1571 1030 1628 facerci
1038 1572 1049 1650 )

20 1662 141 1714 mimam
154 1655 281 1712 bominis
298 1669 360 1710 esse
372 1655 533 1725 voluissct5
554 1656 641 1728 etiam
659 1657 814 1732 coniugem
831 1656 874 1710 illi
891 1658 922 1711 in
936 1655 1050 1711 adiuto-

20 1743 91 1798 rium
105 1739 269 1818 generandi
282 1756 320 1793 cx
333 1740 393 1793 eius
407 1739 498 1793 latere
512 1757 577 1792 osse
592 1737 722 1793 detracto
736 1739 817 1807 fecit,
830 1748 863 1793 ut
876 1737 965 1794 Deus.
989 1738 1050 1794 Nc-

20 1841 71 1897 1ue
86 1826 166 1880 enim
179 1822 252 1878 baec
267 1823 377 1877 carnali
391 1821 601 1876 consuetudine
616 1821 772 1898 cogitando
786 1830 872 1891 sunt,
900 1830 934 1875 ut
951 1821 1051 1877 vidoro

20 1911 141 1964 solemus
165 1906 283 1981 opifices
308 1923 345 1958 ex
366 1906 487 1959 aratoria
511 1922 684 1979 quacunque
710 1907 827 1961 terr'cna
852 1905 1050 1978 corporalibus
1126 1922 1130 1928 ·

20 1993 169 2060 ιιιειιιΙιτίι,Ι
191 1988 270 2064 quod
282 1989 354 2043 artis
369 1987 511 2042 industria
524 1990 691 2060 potuerint,
704 2057 705 2060 Ἴ
717 1988 916 2048 fabricantes:
946 1987 1049 2044 Manus
1116 1997 1119 2002 ’

20 2071 72 2130 bei
86 2073 218 2147 potcatia
232 2072 290 2128 Dei
304 2080 364 2141 cst,
375 2115 377 2118 .
388 2072 438 2145 qui
457 2072 544 2124 ctiam
560 2070 686 2137 visibilia
704 2072 890 2128 invisibiliter
904 2079 1037 2144 operatur
1048 2111 1064 2138 ·.

20 2145 75 2212 §cd
89 2156 161 2212 hacc
175 2155 304 2211 fabulosa
316 2155 414 2228 potius
429 2171 514 2227 quam
526 2171 597 2214 vcra
612 2171 674 2208 essc
689 2155 880 2225 arbitrantur,
895 2155 944 2228 qui
955 2155 1050 2208 virtu·
1078 2217 1081 2222 Ι

20 2245 75 2295 tem
89 2259 124 2295 ac
138 2239 310 2313 sapientiam
323 2236 396 2307 Dci⁷
417 2254 474 2309 qua
491 2238 576 2292 norit
594 2245 622 2290 ct
640 2247 736 2310 potest
751 2240 838 2294 etiam
852 2241 915 2293 sinc
930 2231 1049 2292 semlai-

20 2318 71 2378 bus
85 2325 148 2397 ipsa
162 2332 241 2377 certe
255 2321 492 2387 facere'scnrina,
517 2337 553 2373 ca
568 2318 612 2372 his
627 2322 742 2376 usitatis
757 2331 786 2376 et
798 2321 974 2395 quotidianis
988 2339 1050 2375 mc-

20 2405 132 2462 tiuntur
145 2405 294 2479 operibus:
310 2423 343 2459 ca
356 2422 425 2458 vero
439 2420 512 2476 quoe
525 2403 657 2476 primitus
671 2406 805 2458 instituta
820 2415 898 2475 suat,
913 2406 1059 2482 quoniam
1111 2446 1134 2464 .,

20 2501 78 2544 uon
92 2497 253 2558 noverunt,
281 2476 437 2542 infideliter
455 2487 599 2562 ecgitant:
626 2487 715 2552 Quasi
733 2505 792 2541 non
811 2486 884 2542 baec
902 2489 964 2560 ipsa
976 2503 1051 2561 quae

20 2582 167 2627 noverunt
192 2571 227 2625 de
253 2569 387 2626 humanis
414 2568 600 2642 conceptibus
626 2580 714 2642 atquc
732 2569 889 2641 partubus‚'
913 2571 938 2624 si
964 2573 1050 2625 inex-

20 2657 109 2722 pertis
134 2663 342 2726 narrarentur,
373 2650 592 2709 incredibiliora
612 2650 795 2730 viderentup:
823 2654 954 2723 quumvis
974 2663 1051 2709 cteo
1083 2715 1084 2718 Ἴ

20 2731 83 2807 ipsa
94 2740 224 2812 plerique
235 2739 329 2814 magis
342 2744 465 2791 naturae
482 2733 681 2806 corporalibus
697 2735 803 2805 causis,
818 2751 902 2808 quam
916 2713 1049 2808 opdribus
1142 2763 1144 2766 ·

22 2813 134 2877 dnicae
146 2823 254 2876 meatIs
268 2821 428 2898 assignent.
447 2817 448 2822 ’
625 2885 626 2896 ¹
764 2817 765 2822 ’
1002 2821 1003 2824 ’

200 2919 210 2946 ’
377 2935 504 3008 ιιι»,
542 2932 574 2989 x
587 2931 619 2990 x
632 2933 645 2991 1
659 2932 693 2990 v.

78 3034 122 3088 An
130 3035 213 3088 ulline
222 3035 265 3104 cel
274 3031 399 3086 minimae
409 3041 552 3085 creatorae
558 3039 671 3098 possent
682 3029 838 3100 dicinngeli
847 3039 991 3084 creatores.
1019 3031 1024 3034 ’

71 3124 148 3182 ,Sea
156 3145 224 3181 cum
236 3123 281 3178 bis
296 3125 408 3178 nullum
420 3107 507 3178 nobis
518 3130 563 3175 est
575 3123 606 3176 In
617 3119 662 3176 his
674 3121 757 3176 libris
770 3125 929 3198 negotium,
944 3121 993 3195 qui
1007 3119 1052 3177 di«

21 3210 118 3266 vinam
135 3213 267 3265 mentera
282 3205 379 3262 lacero
397 3206 445 3261 vel
463 3222 566 3260 curare
584 3205 641 3278 ista
658 3223 718 3260 non
736 3205 866 3260 creduut.
889 3204 934 3260 llli
957 3213 1053 3261 autem

24 3293 72 3366 qui
85 3291 204 3348 Platoni
216 3307 269 3346 suo
284 3289 422 3358 credunt,
444 3285 503 3343 non
517 3286 552 3342 ab
565 3288 617 3344 Illo
631 3306 742 3342 summo
756 3287 820 3343 Deo
834 3291 884 3361 qui
897 3287 1054 3343 fabricatus

25 3385 68 3430 ert
78 3375 230 3444 mnndum,
244 3372 297 3428 sed
310 3373 345 3427 ab
359 3372 424 3427 aliis
434 3370 606 3440 minoribus,
621 3388 691 3445 quos
702 3369 817 3444 quidem
828 3371 889 3444 ipse
901 3372 1054 3442 creaverit,
1067 3368 1073 3394 ⁸

23 3460 163 3528 permissu
183 3459 247 3513 sive
266 3459 347 3512 iussu
366 3457 428 3510 eins
448 3454 584 3508 animalia
603 3452 682 3508 facta
705 3471 769 3508 csse
788 3463 894 3508 cuncta
910 3453 1055 3522 mortalia,

28 3539 58 3596 in
75 3543 179 3616 quibus
196 3539 283 3595 bomo
303 3539 490 3612 praecipuum
507 3535 618 3609 diisque
631 3537 701 3610 ipsis
715 3545 871 3611 cognatum
884 3544 999 3591 teneret
1012 3537 1056 3590 lo-

26 3639 106 3696 eum3
125 3626 152 3679 si
166 3621 375 3696 superstitione
389 3629 518 3688 careant,
533 3636 590 3692 qua
603 3628 746 3692 quaerunt
757 3617 833 3672 unde
847 3619 922 3672 iuste
935 3616 1056 3674 videan—
1126 3611 1130 3620 ’

27 3713 73 3762 ιιι
86 3725 171 3764 sacre
184 3715 213 3760 et
227 3705 372 3760 sacrificia
385 3704 482 3759 facere
496 3703 579 3776 quasi
592 3701 789 3772 conditoribus
803 3702 881 3770 suis,
908 3699 993 3755 facile
1007 3720 1056 3756 ca·
1106 3721 1116 3758 ι
1155 3743 1160 3758 ,

27 3790 132 3845 rebunt
145 3792 235 3846 etiam
247 3787 332 3850 buius
346 3787 490 3860 opinionis
504 3802 612 3839 errore.
645 3783 746 3856 Neque
760 3785 838 3838 enim
850 3783 895 3838 ias
911 3793 956 3838 est
968 3787 1058 3840 ullius

25 3881 148 3928 naturae
173 3871 332 3947 quemlibet
349 3871 494 3944 minimae
504 3866 693 3942 aromalisquc
711 3875 870 3924 creatorem
887 3869 946 3924 nisi
963 3865 1060 3926 Deum
