2362 4314
148 267 208 321 toa
378 213 960 340 orvupvasauavavsvrut

1131 331 1174 386 ltin

490 398 642 458 err.
681 395 816 456 xrcu.
889 377 891 380 ’
1131 417 1175 469 „5

147 511 191 563 De
203 503 318 560 ositeriis
328 519 361 556 ac
371 498 459 563 molis,
470 497 564 567 quibus
574 496 718 549 namnum
725 507 818 564 genas
830 495 923 546 asserito
933 493 1018 562 primae
1024 493 1099 560 pracati
1131 498 1175 554 κω

183 575 299 632 cationis
309 570 450 628 obaosiam
461 575 515 632 est,
535 575 562 619 et
572 584 589 619 a
599 565 781 634 quibusnctac
791 564 905 633 adripit
918 560 1082 633 constipata
1130 577 1172 636 ,up

1131 673 1141 718 l

212 750 289 809 Nam
307 748 384 825 quod
404 746 439 803 ad
459 743 583 818 primam
603 741 748 819 originem
766 745 912 818 pertinet,
942 745 1093 799 omnennrta
1130 683 1176 823 ige:

149 838 222 895 lium
234 825 403 910 progeniem
417 829 505 883 fuisse
518 826 696 896 damnatam,
708 824 781 882 haec
792 828 856 900 ipsa
866 828 935 897 vita,
947 827 971 881 si
982 817 1091 880 vitaliter&
1129 847 1176 907 gp

591 635 734 688 liberatur.

152 928 213 989 est,
233 926 277 973 tot
290 925 320 971 et
333 915 421 970 tantis
430 912 519 967 'usalis
533 913 620 987 plena
632 917 767 978 testatur.
790 907 881 975 *Quid
894 913 968 965 euim
978 903 1093 963 aliudislat
1129 925 1176 986 pm,

150 999 296 1059 horrenda
309 995 450 1072 quaedam
463 993 648 1074 profunditas
662 993 860 1069 ignorantiae,
879 1011 916 1048 ex
928 1010 979 1069 qua
990 989 1095 1046 onaittot
1156 997 1176 1056 p

106 1135 112 1144 .
133 1143 134 1146 ,
153 1083 279 1151 exsistit,
292 1081 344 1154 qui
356 1091 458 1134 omnes
471 1077 546 1134 lilios
559 1077 650 1133 Adam
663 1075 822 1132 tenebroso
837 1077 957 1151 quodam
968 1076 1022 1130 siaa
1031 1067 1096 1141 rudi
1131 1082 1177 1152 pal

152 1176 186 1224 ut
197 1165 283 1220 bomo
296 1163 331 1219 ab
344 1164 395 1218 illo
409 1161 528 1218 libcrari
542 1161 606 1216 sine
619 1160 729 1231 labore,
757 1158 869 1231 dolore,
883 1161 983 1217 timore
993 1143 1096 1228 noapdi
1133 1177 1177 1235 pm

153 1246 229 1316 Quid
242 1261 323 1303 amor
336 1247 399 1320 ipse
411 1253 456 1301 tot
468 1244 566 1302 rarum
583 1260 726 1299 vanarum
738 1251 827 1318 atque
841 1244 1002 1313 noxiarum,
1022 1230 1095 1295 stult
1132 1252 1177 1323 apt

152 1329 303 1387 mordaces
317 1347 416 1400 curae,
430 1327 678 1404 perturbationes,
692 1343 857 1398 moerores,
871 1326 1038 1394 formidines,
1048 1321 1093 1374 bn
1131 1330 1177 1408 pfl,

152 1413 270 1491 gaudia,
284 1412 455 1481 discordiae,
469 1412 547 1482 lites,
557 1410 644 1481 bella,
658 1408 795 1482 insidiae,
808 1410 983 1483 iracundiae,
993 1400 1097 1464 ininid'vt
1132 1417 1177 1472 uto„

152 1497 280 1566 fallacia,
296 1495 437 1566 adulatio,
448 1494 539 1564 fraus,
553 1493 673 1564 furtum,
687 1494 802 1567 rapina,
814 1494 945 1569 pertidia,
958 1490 1101 1567 superbiat*
1115 1549 1117 1558 ,
1132 1496 1177 1555 vlit,

152 1581 236 1652 bitio,
246 1577 423 1650 invidentia,
433 1576 599 1648 homicidia,
611 1576 780 1650 parricidia,
794 1577 960 1647 crudelitas,
977 1574 1103 1638 saevitialt
1117 1574 1118 1585 ¹
1132 1581 1175 1638 alla

152 1665 256 1741 quitis,
269 1663 397 1733 luxuria,
410 1661 583 1738 petulantia,
601 1658 792 1735 impudentia,
806 1660 993 1736 impudicitia,
1004 1649 1105 1714 fornicata
1133 1663 1178 1722 pp„

49 1743 51 1750 ’
152 1765 216 1819 nes,
239 1746 394 1818 adulteria,
419 1743 547 1816 incesta,
571 1751 602 1799 ct
614 1751 716 1799 contra
730 1751 866 1800 naturam
877 1747 1017 1818 utrinque
1027 1735 1107 1794 scrastt
1133 1745 1178 1805 a„

152 1843 253 1905 stupra
266 1838 353 1905 atquc
366 1827 577 1899 immunditiae,
596 1844 667 1902 quas
681 1834 765 1900 turpe
779 1835 826 1882 est
840 1829 929 1899 etiam
942 1826 1035 1894 dcere,
1044 1816 1108 1876 savit
1133 1829 1177 1904 aa,

153 1915 213 1991 gia,
226 1912 371 1980 haereses,
385 1909 590 1987 blasphemiae,
602 1910 742 1984 periuria,
754 1913 958 1984 oppressiones
968 1902 1109 1965 incoactus
1134 1927 1178 1972 nm

153 1997 326 2067 calumniae,
341 1996 616 2064 circumventiones,
629 1993 909 2067 praevaricationes,
922 1993 991 2050 falsa
1001 1981 1111 2047 totnani
1134 1997 1178 2054 trev

153 2081 253 2155 iniqua
266 2079 400 2150 iudicia,
411 2078 578 2146 violentiae,
597 2076 762 2146 latrocinia,
785 2065 965 2152 et'quicquid
977 2077 1058 2132 talium
1066 2066 1111 2124 allt
1136 2079 1178 2139 tl'm

155 2180 217 2219 rum
229 2163 261 2218 in
276 2170 403 2218 mentem
417 2179 478 2217 non
491 2163 588 2232 venit,
614 2168 752 2215 ettamen
766 2159 802 2216 de
816 2163 880 2217 vita
892 2163 948 2216 ista
959 2158 1112 2215 homanum
1139 2158 1167 2219 ln

153 2241 280 2303 receditl
296 2244 403 2300 Verum
416 2241 488 2298 haec
500 2243 649 2300 homiuum
664 2251 733 2298 sunt
745 2244 901 2315 malorum,
915 2245 950 2301 ab
963 2245 1009 2299 illa
1019 2245 1112 2297 tmere·
1149 2276 1176 2297 ψ,

154 2329 228 2384 ιοιίι
242 2336 271 2382 ct
284 2327 415 2398 perversi
428 2328 536 2382 amoris
548 2326 646 2383 radice
658 2326 824 2398 venientia,
853 2346 919 2382 cum
931 2345 987 2402 qua
997 2315 1113 2409 omaisil'f
1131 2343 1179 2400 nm,

146 2409 397 2465 ddamnascitur·
429 2408 505 2467 Nam
517 2413 582 2485 quis
596 2411 715 2487 ignorat
726 2419 918 2485 cum-quanta
929 2406 1115 2488 ignorantiam
1131 2415 1155 2453 ’.·
1173 2446 1176 2467 ,

152 2493 231 2560 tatis,
255 2508 329 2566 quac
342 2491 402 2546 iam
415 2491 445 2547 in
460 2492 620 2550 infantibus
633 2491 789 2548 manifesta
802 2503 865 2566 cst3
891 2503 921 2550 et
935 2499 999 2550 corn
1009 2479 1115 2566 quanti
1139 2509 1179 2556 am

154 2575 295 2632 undantia
306 2591 400 2630 vanae
414 2573 591 2648 cupiditatis,
610 2594 684 2648 quae
696 2577 728 2632 in
740 2579 839 2650 pueris
853 2579 958 2653 incipit
970 2563 1115 2650 apparescit
1140 2593 1161 2637 n

152 2676 199 2715 mo
212 2659 313 2714 veniat
326 2659 356 2713 in
370 2654 445 2712 banc
457 2658 562 2727 vitam,
581 2659 624 2718 ita
636 2664 670 2712 ut
682 2659 709 2711 si
721 2658 886 2716 dimittatur
897 2663 996 2718 vivere
1007 2667 1036 2713 ut
1045 2651 1115 2718 veliti
1140 2667 1169 2723 a,

153 2741 251 2798 iacere
265 2737 401 2817 quicquid
415 2741 501 2810 velit,
525 2740 558 2795 in
571 2738 643 2795 haec
655 2739 789 2796 facinora
803 2753 832 2798 et
845 2741 960 2822 flagitia
972 2759 1037 2818 quae
1048 2745 1117 2793 coust
1141 2759 1179 2808 ΜΠ,

153 2826 275 2894 moravi,
289 2833 320 2880 ct
332 2828 407 2899 qu'ae
419 2839 643 2880 commemorare
657 2841 716 2880 non
728 2825 829 2898 potui,
851 2830 900 2882 vel
913 2835 1014 2883 cuneta
1025 2822 1063 2880 vel
1071 2814 1116 2874 aab
1142 2843 1168 2902 g,

54 2931 62 2952 ·
99 2966 101 2970 ,
151 2903 322 2984 pervenisti
1142 2909 1179 2976 a,

215 2987 275 3048 Sed
288 2990 387 3047 &vina
401 2989 615 3070 gubernatione
628 3007 689 3048 non
703 2993 782 3048 omni
800 2993 887 3050 modo
902 2993 1044 3050 deserente
1053 2986 1117 3043 dtu*
1143 2991 1179 3059 hm

151 3084 214 3146 tos,
235 3083 265 3130 et
284 3072 428 3132 Deonou
446 3075 617 3131 continente
635 3076 667 3131 in
684 3076 730 3130 ira
746 3093 798 3131 sua
816 3079 1018 3134 miserationes
1035 3073 1116 3136 sata*
1144 3093 1179 3142 saa

152 3159 221 3230 ipsis
235 3157 369 3214 sensibus
382 3155 631 3235 generis'bumani
643 3155 798 3233 prohibitio
808 3167 839 3214 et
846 3161 973 3217 eruditio
984 3168 1069 3230 canna
1078 3153 1116 3208 illl
1145 3159 1177 3226 is,

96 3279 100 3286 a
152 3258 217 3296 cum
231 3240 335 3314 quibus
350 3242 513 3311 nascimur,
536 3241 672 3302 tenebras
686 3242 827 3318 vigilant,
838 3253 869 3300 et
882 3254 983 3301 contra
994 3242 1041 3299 bos
1051 3237 1117 3308 iuvat·
1146 3255 1176 3310 ej,

150 3332 348 3397 opponuntur,
371 3325 475 3397 plenae
498 3333 595 3380 tamen
619 3327 707 3380 etiam
728 3326 810 3399 ipsae
832 3327 964 3384 laborum
988 3335 1016 3383 et
1035 3323 1116 3379 lotor·
1147 3329 1179 3396 tp,

150 3404 227 3472 Quid
241 3408 321 3460 euim
334 3407 389 3462 sibi
401 3409 508 3464 volunt
520 3407 706 3463 multimodae
719 3407 905 3483 famnidines,
932 3429 1003 3486 quae
1014 3389 1117 3466 cubilest
1147 3407 1179 3478 ibt}

116 3493 117 3496 ’
149 3489 338 3561 parvulorum
349 3489 530 3546 vanitatibus
543 3487 736 3547 adhibentur?
760 3492 839 3559 Quid
851 3494 1022 3571 paedagogi,
1034 3484 1115 3566 quid!
1149 3503 1179 3562 11,

149 3572 247 3646 gistri,
261 3571 331 3645 qnid
343 3571 468 3644 ferulae,
482 3573 551 3649 quid
565 3575 645 3643 lo'ra,
670 3574 742 3648 quid
751 3575 870 3654 virgae,
885 3578 953 3652 quid
967 3557 1113 3649 disciplinai
1149 3575 1178 3645 l„

148 3668 205 3724 qua
218 3652 371 3728 Scriptura
384 3665 487 3712 sancta
500 3656 583 3729 dicit,
607 3657 706 3714 dilecti
718 3658 775 3714 filii
787 3662 881 3717 latera
895 3679 960 3717 esse
972 3652 1116 3717 undenis*
1152 3681 1179 3731 a,

54 3741 58 3758 ‘
147 3745 260 3791 crescat
272 3736 442 3809 indomitus,
457 3737 624 3816 domarique
638 3742 695 3796 iant
709 3739 800 3799 duras
814 3755 865 3800 aut
877 3747 929 3801 vix
941 3746 1040 3819 possit,
1051 3729 1121 3795 auti?
1153 3745 1179 3812 a,

145 3820 225 3869 tasse
238 3835 292 3873 nec
304 3817 415 3892 possiti
435 3820 511 3887 Quid
525 3826 623 3900 agitur
635 3822 680 3879 his
692 3828 797 3899 poenis
811 3829 953 3900 omnibus,
968 3829 1024 3885 nisi
1036 3834 1063 3882 at
1072 3807 1122 3874 ddi
1155 3833 1179 3915 in,

146 3894 222 3951 letur
236 3900 392 3976 imperitia,
406 3914 436 3960 ct
448 3922 538 3980 prava
555 3909 698 3983 cupiditas
712 3909 909 3986 infraenetur,
925 3929 988 3970 cum
1002 3907 1122 3994 quitus*
