2310 4306
84 249 85 254 a
106 199 107 204 '
134 215 193 268 uas
361 171 458 266 osus
478 203 665 266 uvnuuu
686 205 946 270 avevsunuu

132 362 184 418 sed
198 360 295 434 speeie
309 368 408 430 tenus,
423 375 497 432 quae
510 375 528 414 a
541 375 612 414 vero
626 356 691 414 Deo
705 368 777 414 sunt
790 367 907 428 creata,
928 367 1042 414 commuta
1056 366 1098 425 tut
1126 367 1136 424 ’ᾗ

129 444 288 500 videantur
302 459 366 497 esse
381 439 457 515 quod
471 459 529 496 non
544 451 633 501 sunt„
653 440 722 496 Non
736 443 838 514 itaque
852 442 945 495 solum
955 441 1062 508 aninum,
1071 436 1098 492 sel
1129 447 1151 496 ἰ

78 543 84 555 ’·
133 545 188 582 nee
210 541 315 598 corpus
335 523 451 598 quidem
467 525 529 579 ulla
539 525 655 578 ratione
670 522 847 577 crediderim
862 520 1097 588 daemonunaneul
1131 552 1146 573 «ι

130 609 314 682 potestatc‘in
324 605 452 661 membra
463 613 493 658 et
505 606 681 660 lincamenta
692 605 829 660 bestialia
841 606 980 660 veraciter
990 621 1051 677 posse
1059 619 1096 656 col·
1134 609 1151 658 lu

129 692 221 745 verti:
249 688 300 744 sed
320 687 537 762 phantasticum
558 683 807 760 hominis,“quod‘
828 687 916 749 ctiam
930 684 1096 764 cogitandosiu
1129 705 1151 740 u

130 772 302 829 somniando
315 758 480 844 persertim
497 769 722 844 innumerabilia
735 787 849 845 genera
863 771 999 839 variatur,
1020 779 1097 840 etquis
1129 792 1150 817 u

131 871 235 927 corpus
249 871 308 908 non
322 853 378 922 sit,
403 861 666 924 corporunrtamen
682 853 794 906 similes
808 853 884 906 mira
897 853 1028 906 celeritate
1037 849 1097 903 urus
1136 852 1151 903 'ul

131 938 219 1008 capit,
235 935 336 1007 sopitis
350 943 401 988 aut
414 935 560 1006 oppressis
575 936 720 1007 corporeis
734 932 863 989 hominis
877 934 1014 1002 sensibus,
1029 931 1055 986 ad
1062 931 1098 984 dio
1141 953 1151 1004 p

131 1035 195 1072 rum
209 1033 330 1070 sensura
348 1017 449 1071 nescio
468 1034 526 1089 quo
545 1009 688 1072 ineffabili
703 1014 788 1071 modo
808 1015 906 1092 figura
919 1031 1042 1089 ,corporea
1055 1027 1108 1086 post

129 1098 262 1173 perduci:
285 1098 330 1152 ita
344 1107 377 1152 ut
390 1115 513 1173 corpora
527 1100 590 1172 ipsa
602 1097 752 1154 hominum
765 1098 874 1153 alieubi
886 1099 1009 1167 iaceant,
1023 1093 1100 1151 viscatis
1141 1143 1148 1171 ,

131 1178 256 1253 quidem,
271 1179 321 1234 sed
334 1182 424 1235 multo
438 1182 558 1256 gravius
572 1189 659 1254 atque
671 1179 877 1248 uehementius
892 1199 975 1255 quam
986 1175 1101 1234 sonnou't

129 1262 264 1317 sensibus
279 1263 437 1334 obseratis;
453 1261 668 1336 phantasticum
680 1272 777 1318 autem
791 1263 863 1318 illud
877 1264 968 1319 veluti
979 1267 1102 1334 corporatus
1137 1298 1142 1307 ι

113 1345 160 1398 in
172 1344 304 1398 alicuius
323 1346 458 1400 animalis
477 1343 574 1421 effigie
590 1355 729 1418 appareat
747 1346 883 1400 sensibus
896 1347 1008 1413 alicnis,
1029 1342 1103 1411 talisque
1143 1343 1151 1396 l

128 1427 217 1482 etiam
231 1426 287 1480 sibi
300 1425 385 1481 homo
400 1445 466 1484 csse
479 1427 629 1497 videatur,
654 1430 731 1484 sieut
743 1429 811 1482 talis
831 1427 888 1483 sibi
905 1429 996 1484 videri
1011 1420 1103 1498 possetis
1133 1426 1151 1478 is

128 1510 249 1577 somnis,
265 1518 295 1564 et
306 1518 425 1582 portare
439 1527 542 1564 onera:
557 1526 737 1583 quaeonera
750 1509 859 1565 sisara
871 1519 939 1566 sunt
951 1519 1113 1582 corporaque

126 1599 229 1646 tantur
243 1607 260 1645 a
274 1590 472 1660 daemonibus,
489 1600 523 1646 ut
535 1592 675 1668 illudatur
688 1591 871 1662 hominibus,
887 1593 991 1666 part-im
1003 1607 1058 1646 vera
1067 1601 1104 1641 aas·
1134 1620 1148 1633 -ι

127 1690 194 1728 rum
209 1690 341 1744 corpora,
358 1674 464 1745 partim
477 1675 675 1729 iumentorum
687 1675 760 1730 falsa
776 1675 976 1729 cernentibus.
1006 1666 1105 1741 Nauli-

128 1753 194 1810 dam
207 1757 326 1811 nomine
337 1754 540 1810 Praestantius
554 1757 636 1827 patri
645 1773 699 1812 suo
713 1757 875 1832 contigisse
888 1756 1038 1824 indicabat,
1051 1762 1072 1806 ut
1079 1765 1104 1804 u·

127 1855 238 1893 nenurn
250 1836 321 1892 illud
330 1853 382 1909 per
396 1851 513 1894 cascum
521 1839 552 1892 in
565 1837 649 1904 domo
661 1855 715 1892 sua
725 1847 865 1906 sumeret,
879 1848 910 1892 et
919 1840 1022 1894 iaceret
1033 1837 1056 1890 in
1065 1836 1112 1888 luo

128 1937 182 1990 suo
207 1921 289 1994 quasi
312 1918 479 1988 dormiens,
512 1921 561 1993 qui
576 1929 674 1976 tamen
693 1922 773 1975 nullo
792 1918 884 1982 mado¹
897 1931 1008 1993 poterat
1024 1913 1106 1972 essina

77 2061 78 2070 ,
107 2029 110 2033 ·
127 2001 200 2057 Post
212 2002 325 2075 aliquot
337 2011 436 2057 autem
449 2000 511 2056 dies
525 2020 593 2057 curn
605 2003 688 2058 ielut
707 2003 866 2077 evigilasse
880 2001 1003 2072 dicebat,
1027 2010 1050 2054 et
1062 1993 1106 2070 quud
1144 2014 1151 2068 p

129 2087 242 2140 somnia
263 2101 399 2140 narrasse
417 2101 491 2158 quae
509 2101 614 2156 passus
629 2093 690 2154 est,
715 2083 858 2139 caballum
872 2103 904 2139 se
920 2082 1107 2150 scilieetisetau,
1144 2099 1148 2108 ’

128 2185 275 2222 annonam
298 2167 378 2220 inter
399 2167 456 2226 alia
476 2167 606 2222 iumenta
625 2167 769 2222 baiulasse
783 2166 942 2236 militibuS,
966 2183 1032 2240 quae
1046 2162 1115 2226 elisit!¹
1147 2183 1151 2230 ι

127 2247 249 2318 Retico,
268 2249 407 2323 quoniam
419 2249 456 2304 ad
469 2247 572 2304 Retlas
586 2247 764 2322 deportatur.
800 2248 884 2315 Quod
897 2250 956 2319 ita,
975 2258 1007 2304 ut
1017 2241 1107 2308 aunarii,
1148 2309 1151 2313 Ι

59 2381 63 2394 ,
127 2331 239 2387 factura
256 2330 349 2386 iuissc
368 2339 548 2404 compertum
561 2339 619 2386 cst:
643 2349 716 2404 quae
733 2340 832 2408 tamen
847 2333 874 2386 ei
888 2349 942 2386 sua
953 2324 1107 2386 somniariis

111 2413 251 2468 bantur,
276 2411 421 2479 lndiesvit
434 2423 464 2468 et
475 2414 550 2468 alius
564 2431 596 2467 se
609 2413 688 2468 domi
700 2431 770 2468 suae
782 2431 835 2487 per
850 2422 982 2484 noctem,
995 2421 1117 2486 antequa
1135 2454 1147 2467 ,,

127 2495 336 2568 requiesceret,
351 2496 639 2554 uidnsovenientem
649 2494 725 2550 adse
739 2475 884 2569 quendam
896 2483 1109 2569 philosophandi
1136 2518 1137 2521 ¹

129 2577 325 2649 notissimum,
339 2578 454 2652 sibique
467 2578 637 2650 exposuisse
651 2579 794 2634 nonnulla
806 2578 972 2648 Platonica,
990 2595 1053 2652 quac
1062 2579 1109 2628 sata
1139 2620 1146 2627 .

127 2655 247 2735 rogatus
262 2679 408 2734 exponere
423 2653 575 2717 noluisset.
592 2659 633 2715 Et
647 2659 762 2715 cum-ab
776 2661 878 2716 eodcsn
892 2659 1049 2733 philosopho
1060 2667 1110 2729 quat
1136 2698 1143 2709 .,

128 2743 216 2796 situm
236 2742 359 2813 luisset,
386 2759 438 2797 our
450 2744 481 2798 in
496 2741 579 2797 domo
593 2744 655 2797 eius
668 2741 786 2811 feeerit,
814 2741 892 2814 quod
904 2744 937 2798 in
952 2739 1029 2798 domo
1041 2749 1111 2808 suapt

128 2826 203 2880 tenti
217 2835 393 2900 negaverat:
416 2823 484 2880 Non
498 2825 566 2894 feei,
580 2826 687 2898 inquit,
702 2823 754 2878 scd
765 2843 813 2879 me
827 2824 936 2880 fecisse
950 2823 1081 2880 somniari
1094 2815 1123 2871 lt*

127 2925 179 2980 per
196 2906 252 2962 hoc
268 2909 358 2963 alteri
375 2925 427 2981 per
445 2909 605 2983 imaginem
623 2905 838 2980 phantasticam
856 2905 1018 2964 exhibitum
1029 2896 1115 2975 estuiff‘s
1144 2953 1151 2974 ἢ,

125 2990 211 3059 lauti,
226 2989 302 3063 quod
315 2992 390 3045 alter
402 2991 477 3045 vidit
489 2991 521 3048 in
535 2991 654 3046 somnis.
813 2983 828 3026 Ὗ
1144 3019 1151 3055 ι

188 3070 270 3128 llaec
285 3070 321 3127 ad
332 3089 388 3127 nos
403 3089 463 3128 non
477 3071 707 3146 quibuscunque,
722 3071 856 3146 qualibus
870 3073 1118 3147 crederepossum
1147 3103 1151 3137 ι

126 3153 296 3238 indignum,
323 3154 374 3210 sed
393 3156 435 3210 eis
453 3153 648 3212 referentibus
667 3165 883 3226 pervenerunt,
910 3173 986 3229 quos
1004 3155 1075 3212 nobis
1088 3160 1121 3206 ιιι
1150 3185 1151 3198 1

127 3238 360 3293 'existimaremus
374 3236 464 3294 faisse
475 3239 629 3292 mentitos·
640 3237 767 3294 Proinde
781 3236 857 3310 quod
871 3236 1007 3294 bomines
1020 3237 1123 3292 (Ιίιιιιιιιι

126 3319 354 3393 mandatumque
369 3330 414 3374 est
425 3320 535 3388 literis,
549 3319 585 3374 ab
600 3320 654 3376 diis
667 3321 715 3375 vol
728 3321 824 3392 potius
839 3319 1031 3378 daemonibus
1043 3311 1124 3375 lsai

125 3397 360 3478 bus‹[Areades],
387 3402 525 3475 inalupos
549 3405 643 3458 solere
667 3403 810 3470 converti,
826 3412 865 3460 ,et
888 3403 967 3478 quod
993 3396 1126 3460 earnrinibd

128 3480 214 3544 Circe
229 3485 324 3540 socios
339 3485 464 3544 mutauit
478 3483 607 3558 Vlyssis,
630 3483 791 3558 seeundum
803 3485 894 3540 istum
907 3487 1025 3542 modum
1037 3476 1127 3546 uribid

27 3605 32 3612 ,
128 3563 213 3619 detur
226 3565 291 3621 fieri
302 3568 449 3640 potuisse,
467 3584 557 3640 quens
576 3567 652 3622 dixi:
679 3567 816 3622 sitamen
829 3565 941 3626 sactum
955 3577 1009 3624 est.
1042 3565 1127 3622 Dicat

116 3643 213 3708 ¹,daeas
227 3657 324 3702 autem
335 3651 482 3718 volueres,
503 3649 619 3722 quando
634 3649 749 3724 quidem
762 3667 857 3726 genus
871 3668 974 3705 earum
985 3668 1036 3724 per
1046 3657 1128 3702 suaset

127 3728 241 3784 sionem
259 3733 430 3806 propaginis
449 3730 554 3786 durare
571 3730 758 3804 perhibetur,
781 3750 841 3786 non
861 3734 983 3788 mutatis
1001 3724 1128 3786 hominia

129 3807 245 3886 factm,
262 3811 312 3869 sod
331 3813 487 3874 subtractis
501 3815 589 3882 credo
611 3814 703 3886 fuisse
716 3815 897 3888 suppositas,
923 3816 1001 3872 sicut
1013 3818 1127 3880 censuri
