2362 4312
259 199 317 256 ou
349 196 676 270 crvrrsraosr
709 199 789 257 ara.
823 198 843 256 1.
1030 207 1072 264 ιι

75 374 76 379 “
98 361 214 428 antequa
229 353 477 408 bomortalitatem
499 351 614 408 animae
635 351 721 424 vidit,
748 369 937 427 nequaquam
960 355 1072 414 lacien-

61 442 72 463 ”
107 460 144 505 ιιι,
165 437 225 510 quin
238 437 324 490 ctiam
338 433 555 508 prohibendum
568 454 633 512 csse
651 436 820 492 indicasset.
873 471 877 488 .

61 534 63 547 ’
126 519 181 575 *ΙΙ
198 509 271 575 enim
290 520 378 574 multi
395 537 428 574 se
446 519 680 592 interemerunt,
711 539 749 576 nc
768 521 800 575 in
818 517 1072 588 manushostium

49 612 57 633 ¹¹
79 605 238 674 μιιιιιίιιιιι.
280 601 351 664 Non
373 600 462 662 modo
489 604 658 676 quaerimus
683 612 783 660 utrum
808 605 849 658 sit
871 603 996 674 facturn,
1023 608 1072 662 scd

53 697 150 742 sonum
164 687 247 743 fuerit
263 685 444 742 faciendum.
486 683 567 746 Sana
592 688 697 762 quippe
721 687 797 746 ratio
821 687 910 744 etiam
932 691 1084 761 exeniplis

45 839 46 842 Ἴ
73 770 243 844 anteponenda
268 779 326 840 est,
355 771 405 825 cui
431 761 549 844 quidem
575 778 606 824 et
632 772 765 844 exempla
791 772 991 842 concordant,
1021 772 1073 827 sed

45 869 46 872 ’
69 847 108 908 illa
118 872 184 928 quae
195 863 270 910 tanto
285 852 427 931 digniora
443 862 513 908 sunt
526 853 708 925 imitatione,
735 863 845 929 quanto
860 856 1074 934 excellentiora

68 939 169 1010 pictate.
213 937 276 996 Non
299 936 440 993 fecerunt
462 935 673 1009 Patriarchae‚
705 956 766 994 nou
790 935 977 1011 Prophetae,
1010 957 1072 996 non
1098 1004 1102 1009 ,
1131 995 1134 1008 ,

69 1021 192 1093 Apostoli:
214 1023 281 1096 quia
295 1031 326 1076 et
339 1022 403 1094 ipsc
416 1018 564 1080 Dominus
575 1019 724 1092 Christus,
744 1007 862 1095 qirando
876 1024 939 1095 dos,
964 1023 990 1078 si
1003 1040 1070 1096 pcr-

66 1106 220 1161 sceationern
236 1113 432 1182 paterentur,
460 1103 565 1186 fugere
585 1103 738 1162 admonuit
757 1104 794 1161 dc
812 1107 960 1162 civitate
951 1124 983 1170 ιιι
997 1109 1070 1164 ciri-

61 1197 150 1259 tatem,
174 1191 270 1262 potuit
282 1187 443 1244 admonere
456 1196 490 1242 ut
510 1187 687 1244 albimanus
708 1187 870 1259 inferrent,
895 1208 934 1246 ne
958 1190 990 1246 in
1004 1197 1070 1246 ι-ιιιι

59 1290 105 1326 ιιι
116 1273 351 1347 persequentium
364 1271 590 1350 pervenirent.
608 1269 701 1330 Porro
722 1291 749 1326 ιι
740 1270 816 1328 hoc
833 1274 883 1330 ille
897 1292 958 1330 non
971 1275 1070 1343 iussit,

59 1357 226 1427 ammonuit,
254 1364 289 1412 ut
315 1373 352 1412 eo
376 1352 464 1414 modo
487 1355 535 1410 sui
555 1372 593 1412 ex
609 1352 665 1410 hac
682 1357 745 1412 vita
762 1357 939 1433 migrarent,
965 1315 1071 1432 quibui

58 1439 230 1534 nigrantibus
247 1439 422 1494 mansiones
441 1445 577 1500 aeternas
597 1456 628 1493 sc
649 1449 893 1518 praeparaturum
917 1459 983 1496 esse
1002 1457 1070 1513 pro
1074 1479 1079 1494 .
1102 1475 1107 1496 ,ι

61 1522 147 1593 misit,
174 1522 320 1596 quaelibet
354 1523 489 1598 cntempla
515 1531 666 1595 opponant
696 1532 904 1600 gentesquac
930 1525 1073 1600 ignorant

63 1602 161 1675 Deum,
182 1605 371 1668 manifestum
390 1613 435 1661 est
450 1602 507 1672 hoc
527 1623 589 1666 non
608 1606 700 1665 liccrc
719 1607 883 1662 colentibus
907 1624 999 1662 unum
1021 1626 1071 1662 ve-

61 1703 116 1744 rum
127 1687 218 1749 Deum.
631 1686 664 1766 (a
678 1688 718 1746 al.
735 1685 869 1768 CAPIT
885 1685 1029 1758 XXIII.)

353 1787 511 1846 ·..csP
553 1785 722 1848 XXIII.
807 1829 810 1834 -

54 1867 129 1932 Quale
140 1872 284 1940 exemplum
299 1869 338 1926 sit
356 1867 537 1937 catenaque·
549 1867 691 1922 victoriam
710 1866 839 1922 Caesarie
854 1881 907 1919 non
915 1867 1027 1940 ferens,
1047 1884 1073 1920 ιι

475 1937 621 1992 interemit.

104 2029 161 2086 Sed
172 2039 271 2090 tamen
284 2029 331 2085 illi
344 2029 435 2086 ctiam
460 2037 578 2109 praetor
591 2001 770 2102 Lucretiam,
798 2025 834 2084 de
852 2045 911 2103 qua
922 2045 1012 2102 supra
1025 2046 1072 2085 sn-

50 2115 83 2168 tis
101 2113 175 2188 quod
193 2114 351 2170 videbatur
375 2112 518 2185 diximus,
548 2131 609 2168 non
634 2112 722 2168 facile
748 2113 903 2184 reperiunt
926 2112 962 2167 dc
988 2113 1073 2170 cuius
1114 2139 1127 2186 g

50 2198 215 2254 auctoritate
239 2195 456 2274 praescribant,
483 2197 544 2253 nisi
570 2197 659 2258 illum
671 2195 823 2266 Catonem,
850 2197 902 2271 qui
920 2215 952 2252 se
970 2193 1073 2254 Vticae

50 2280 162 2337 oceidit:
188 2300 249 2344 non
263 2281 335 2356 quie
347 2281 428 2340 solus
442 2280 473 2336 id
485 2281 575 2351 fecit,
593 2280 645 2336 scd
658 2281 727 2355 quia
741 2280 789 2336 vir
802 2279 906 2336 doctus
920 2287 951 2335 et
962 2280 1072 2352 probus
1111 2341 1112 2344 Ἴ

50 2362 211 2437 habebatur,
237 2374 272 2421 ut
290 2363 405 2420 merito¹
423 2357 546 2442 putetur
571 2373 653 2420 recte
679 2364 769 2419 etiam
788 2361 855 2418 fieri
873 2365 1008 2437 potuisse
1025 2366 1074 2422 vel
1105 2359 1125 2396 Ὗ

48 2465 129 2520 posse
147 2447 221 2523 quod
239 2448 324 2505 lecit.
367 2445 415 2504 De
442 2449 527 2505 cuius
548 2447 632 2526 facto
658 2445 729 2523 quid
754 2447 942 2520 potissimum
967 2445 1072 2519 dicam,

49 2533 100 2587 nisi
122 2531 199 2606 qood
219 2532 388 2590 amicicias
411 2533 501 2588 stiam
525 2530 605 2589 docti
627 2530 754 2606 quidam
770 2531 846 2601 viri,
873 2531 924 2605 qui
937 2529 1073 2588 hoc'fieri

49 2614 211 2688 prudentius
231 2611 460 2687 dissuadebant,
487 2616 688 2676 imbecillioris
715 2613 959 2688 quamwfortioris
982 2616 1073 2671 animi
1127 2603 1131 2614 ’

51 2699 155 2776 lacinus
182 2719 248 2756 esse
273 2709 472 2775 consuerunt,
497 2717 559 2774 quo
577 2697 831 2760 demonstraretur
855 2717 917 2754 non
934 2697 1074 2754 honestas

51 2785 137 2857 turpis
148 2801 345 2857 praecavens,
369 2782 421 2838 sed
435 2782 591 2841 infirmitas
605 2781 729 2844 adversa
744 2800 805 2837 non
819 2778 993 2856 sustinens?
1007 2781 1074 2854 Hoc

55 2874 77 2919 ιι
87 2869 144 2939 ipsc
156 2867 233 2940 Cato
246 2869 279 2924 in
295 2885 351 2922 suo
365 2868 518 2928 carissimo
532 2866 594 2922 filio
608 2864 760 2926 indicavit.
782 2863 858 2922 Nam
871 2867 897 2920 si
908 2875 995 2939 turpe
1009 2875 1073 2921 crat
1089 2866 1098 2878 ''
1134 2869 1135 2872 ’

56 2949 100 3004 snb
115 2951 240 3007 victoria
264 2949 402 3008 Caesaris
425 2952 538 3020 vivere,
565 2967 620 3006 cur
642 2957 747 3005 auctor
767 2947 855 3005 huius
879 2941 1073 3023 turpitudinis

58 3034 196 3102 paterlilio
210 3035 287 3105 fuit,
313 3052 401 3108 quem
426 3033 463 3090 de
482 3027 616 3090 Caesaris
636 3033 819 3109 benignitate
833 3034 934 3092 omnia
953 3050 1072 3107 sperare

63 3115 212 3191 paecepitl
239 3118 302 3176 Cur
315 3134 379 3176 non
391 3127 422 3173 et
434 3119 519 3174 illurn
544 3135 645 3172 secum
661 3118 763 3194 coiigit
776 3115 817 3174 ad
828 3113 973 3174 rnorteml
999 3114 1074 3170 Nam

63 3197 84 3250 si
98 3219 156 3258 cum
176 3201 285 3272 filium,
312 3203 364 3274 qui
387 3211 493 3257 contra
514 3201 670 3273 imperium
688 3201 721 3262 in
743 3199 857 3256 bostem
871 3207 1074 3277 pugnaverat,

64 3279 289 3342 &invictorcm
302 3283 488 3341 laudabiliter
502 3283 673 3359 Torquatus
693 3282 816 3354 occidit3
840 3301 895 3342 our
906 3285 1005 3340 victus
1027 3281 1072 3336 vi-

64 3371 102 3418 ti·
111 3365 164 3424 ilio
177 3369 312 3443 pepercit
325 3366 410 3439 Coto,
428 3369 481 3443 qui
492 3387 559 3425 uon
567 3369 700 3441 pepercit
713 3357 803 3422 sibit
809 3367 856 3423 An
870 3366 985 3439 turpius
1000 3373 1073 3433 crat,
1121 3383 1124 3390 ’

63 3453 169 3507 conns
160 3454 319 3527 unperinns
333 3469 399 3507 esse
411 3454 571 3522 victorem,
598 3468 684 3524 quarn
705 3458 813 3508 contra
826 3450 916 3504 decus
935 3448 1014 3503 ferre
1028 3449 1074 3511 vi-

63 3532 172 3590 ctereni
197 3535 288 3594 Nullo
301 3534 389 3591 modo
403 3536 496 3613 igitur
511 3534 583 3594 Cato
598 3543 685 3612 turpe
698 3553 763 3598 osse
776 3532 929 3601 iudicavit,
956 3530 1010 3586 sub
1029 3533 1074 3587 vi.-

64 3623 129 3672 starc
141 3617 306 3675 Caesare
278 3637 394 3676 vivere:
412 3620 545 3694 alioquin
559 3619 595 3674 ab
607 3615 663 3674 hac
676 3615 861 3716 turpitudine
875 3611 998 3686 paterno
1014 3613 1074 3675 fer-

67 3698 185 3758 rsiliurn
197 3703 347 3759 liberaret
392 3702 470 3770 Quid
487 3711 635 3778 asterga
662 3696 921 3772 nisiquodfibum
935 3707 1078 3770 quantum

70 3786 167 3854 tunt,
192 3787 242 3841 cui
255 3787 338 3859 parci
349 3803 368 3841 a
381 3784 508 3842 Caesare
521 3794 551 3840 et
564 3784 693 3857 speravit
708 3790 739 3835 ct
752 3781 857 3848 voluit,
884 3790 999 3837 tontum
1011 3783 1078 3858 glo·
1094 3807 1096 3814 ι

75 3859 215 3941 r'milesius
230 3867 380 3941 Caesaris,
408 3887 446 3926 ne
459 3870 494 3926 ab
508 3871 559 3928 illo
575 3868 664 3923 etiam
677 3864 733 3918 sibi
755 3873 942 3934 parceretur,
967 3859 1003 3945 'ut
1016 3865 1078 3933 ipso
