2340 4312
207 203 268 262 nn
292 201 504 262 crassari:
526 167 605 280 nni
623 205 702 264 nra.
719 173 812 264 xvi.
949 179 1018 268 'ao
1119 293 1121 300 y

22 356 90 426 ibn,
106 355 255 411 sinistram
268 355 450 424 muliebrem,
471 356 639 430 vicibusque
653 358 774 412 alternis
787 357 914 414 collaudo
932 366 961 412 et
972 359 1018 433 gi·
1038 399 1042 404 ,
1088 407 1090 412 χ

22 457 83 504 piore
95 448 122 492 et
134 455 252 510 parere:
280 440 345 492 aliis
360 455 579 506 oraison-esse,
605 441 775 512 eosq‘ueper
787 457 872 494 nares
890 448 1016 494 tantum-

22 519 77 574 rodo
90 519 238 594 [suscepto
252 529 282 573 et
295 515 413 590 emisso]
421 517 514 573 halitu
522 512 636 576 vivere:
656 523 727 574 alius
738 530 848 576 statura
862 538 925 575 erse
937 520 1017 574 aubi·
1073 515 1080 530 '

22 601 76 670 iles,
88 593 356 680 quosPygmaeosa
373 601 468 655 enbito
478 600 583 662 Graeci
597 613 716 658 vocantu
730 603 800 656 alibi
814 583 1036 675 quinqirenned'i
1096 622 1104 672 g

22 685 141 756 oncipere
155 684 289 748 feminas,
304 693 332 738 et
345 692 478 738 oetavum
492 683 569 738 vitoe
583 701 690 740 annum
705 703 763 740 non
773 683 926 740 excedere.
940 680 1018 739 ltem
1110 737 1113 740 ,

22 775 91 820 erunt
102 783 165 819 esse
181 775 314 840 gentem,
333 763 381 819 ubi
396 765 512 838 singulo
526 783 611 822 crura
627 767 660 820 in'
675 765 796 838 pedibus
816 763 936 836 habent,
963 784 1017 822 nea

22 847 130 918 aplitem
141 845 276 914 flectunt,
292 855 321 900 et
334 856 403 906 sunt
415 845 556 900 mirabilis
572 847 750 918 celeritatist
770 866 843 920 quos
858 847 1023 919 Sciapodas

22 939 110 998 orant,
136 925 218 1002 quod
229 937 416 1000 paraestum
432 929 464 981 in
476 929 702 988 terratiaeent‘es
715 932 846 1002 ‘restapini
866 931 966 990 umbra
985 947 1017 982 se
1078 971 1092 982 ,,

22 1010 92 1064 edum
103 1019 274 1085 protegants
297 1008 636 1082 quosdam‘sineoerviee
649 1013 750 1068 oeulos
764 1009 902 1068 habentes
917 1013 947 1068 iu
962 1009 1016 1064 hu-

22 1081 587 1166 seruieteaeterahomiaum,vel1quasi
602 1089 746 1152 homiuum
762 1109 969 1168 genum-quae
984 1094 1017 1152 in
1100 1135 1106 1140 .

22 1175 131 1230 raritima
145 1173 242 1246 platea
254 1170 440 1247 Carthaginis
456 1175 568 1234 musivo
581 1171 660 1246 pieta
685 1185 768 1243 sunt,
796 1193 837 1230 ex,
856 1176 942 1232 libris
968 1174 1017 1230 de-

22 1253 99 1330 ronta
112 1256 194 1310 velut
207 1256 374 1318 curiosioris
387 1251 536 1314 historiae.
580 1253 654 1319 Quid
668 1255 769 1317 dicam,
780 1255 1017 1330 docynoeepba-

22 1339 192 1412 myssarum
206 1339 312 1396 uanius
326 1337 419 1408 eapite
444 1345 533 1416 atque
554 1337 624 1408 ipse
645 1337 883 1414 latratusmagis
909 1339 1017 1396 bestias

22 1435 76 1488 uam
89 1419 219 1474 homines
233 1413 405 1474 confiteturl
447 1415 506 1482 Sed
523 1420 620 1474 emnia
632 1449 636 1468 ι
646 1435 756 1493 genera
779 1417 930 1476 huminum
945 1438 1018 1492 quao

22 1501 125 1556 iuuatur
139 1519 214 1568 osse,
230 1499 349 1568 eredere
361 1517 420 1554 non
434 1508 611 1576 ostneeosse.
655 1499 898 1572 Verumqnisquis
906 1503 1018 1574 uspiam

22 1579 117 1638 irruitur
130 1580 233 1650 homo,
252 1581 281 1634 id
296 1591 340 1646 est
354 1581 462 1640 animal
475 1582 766 1649 rationalemortale,
792 1583 950 1654 quamlibet
963 1565 1035 1644 ,uo-²
1072 1621 1076 1632 ,

22 1663 63 1716 tris
74 1667 247 1719 inusitatam.
256 1663 395 1728 sensibus¹
404 1671 488 1736 gerat
502 1655 633 1736 eorporis
647 1663 783 1734 foratam,
810 1681 862 1716 seu
881 1663 1017 1729 colorem,

22 1741 59 1797 ire
69 1758 185 1813 motuni,
200 1746 261 1802 sive
275 1763 391 1812 sonum,
406 1745 467 1798 sive
481 1743 608 1816 quolibet
621 1745 661 1813 vi,
675 1745 802 1817 qualibet
814 1753 910 1816 parte,
926 1745 1018 1816 quali-

22 1831 192 1900 etqualitate
207 1837 344 1892 naturae,
370 1843 405 1880 er
418 1826 465 1880 illo
479 1827 657 1897 protoplasto
671 1831 729 1882 uno
745 1828 887 1901 originem
903 1825 1017 1894 duorum

26 1907 86 1964 ullus
100 1910 230 1964 fidelium
243 1907 427 1974 dubitur-erit.
466 1895 599 1979 ¹Apparet
607 1907 781 1981 tamenquid
792 1910 822 1962 in
828 1907 1018 1981 pluribusne-

22 2004 59 2045 nra
70 1992 238 2057 obtinuerit,
254 1989 364 2062 etquid
379 1990 418 2056 si?
431 1989 493 2060 ipsa
504 1991 624 2048 raritate
639 1989 778 2054 mirabile.
832 2035 834 2050 ι

55 2076 151 2140 Qualis
166 2082 262 2128 autem
272 2073 351 2139 ratio
366 2068 495 2136 redditur
510 2069 543 2125 de
557 2074 732 2148 monstrosis¹
745 2071 824 2146 ¹apud
848 2089 900 2134 nos
927 2069 1018 2126 bomi-

22 2155 243 2228 umpartnbus,
257 2155 324 2212 talis
333 2151 373 2210 ‘du
388 2154 560 2208 monstrosis
588 2153 765 2227 quibusdam
775 2153 912 2229 gentibus
937 2153 1018 2207 reddi

22 2242 90 2306 alost.
106 2239 188 2292 Deus
203 2237 281 2292 enim
295 2244 408 2310 creator
421 2245 464 2289 est
477 2236 614 2304 onmium,
629 2238 679 2309 qui
694 2237 742 2302 nbi
758 2249 786 2292 et
801 2237 914 2310 quando
926 2237 1019 2290 creari

22 2316 267 2393 ubloporteatvel
284 2319 461 2390 oportuerit,
487 2318 549 2389 ipse
575 2320 671 2386 novit,
698 2321 797 2386 sciens,
820 2319 1019 2378 universitatis

22 2395 234 2458 llehritudinem
247 2418 368 2474 quarum
381 2400 504 2472 partium
517 2399 564 2454 vel
578 2399 766 2456 similitudine
780 2401 823 2456 vel
852 2400 1019 2455 diversitate
1112 2459 1123 2480 ·

22 2493 137 2542 intexat.
187 2481 245 2554 Sed
259 2484 310 2554 qui
323 2491 419 2540 totuin
430 2482 572 2554 inspicere
585 2500 642 2536 non
657 2491 760 2552 potest,
777 2491 912 2553 tanquam
922 2482 1018 2536 ¹defor-
1097 2475 1102 2492 ⁴

22 2557 87 2621 itote
102 2567 196 2638 partis
211 2561 382 2631 offenditur3
410 2565 542 2635 quoniam
558 2564 603 2616 cui
618 2555 774 2636 congruat,
800 2573 829 2632 et
842 2581 896 2634 quo
910 2565 1019 2618 refera-

22 2655 44 2714 r,
59 2652 201 2730 ignorat„
233 2636 365 2700 Pluribus
381 2662 464 2716 quam
478 2645 573 2716 quinis
589 2643 689 2718 digitis
704 2646 733 2698 in
748 2642 880 2698 manibus
895 2654 923 2697 et
937 2644 1019 2716 pedi-

22 2745 38 2780 s
54 2738 136 2791 nasci
153 2729 295 2789 hominos,
306 2728 452 2796 novimus3
468 2723 578 2782 ethaeo
594 2721 686 2778 levior
694 2734 738 2779 est
751 2743 837 2797 quam
850 2724 1019 2779 illadistan-

22 2825 43 2866 t:
71 2815 125 2871 sed
137 2803 238 2870 tamen
250 2811 338 2879 absit,
366 2817 399 2864 ut
414 2809 477 2881 quis
491 2809 532 2860 ita
545 2807 680 2880 desipiat,
696 2816 729 2861 ut
744 2807 905 2872 existimet,
920 2808 950 2858 in
965 2825 1019 2860 nu-

22 2907 66 2953 tro
73 2885 266 2952 humanorum
274 2893 433 2969 digitorum
448 2883 1018 2960 errasseCrtatorem‚qiianiuisneseiens

22 2990 41 3025 ir
53 2979 111 3036 hoe
125 2980 237 3034 feeerit.
281 2973 325 3032 lta
339 2975 393 3028 etsi
406 2973 498 3026 iunior
511 2970 663 3026 diversitas
679 2972 803 3036 oriatur,
820 2972 874 3026 scit
887 2970 936 3030 ille
951 2965 1019 3040 quid

22 3057 384 3131 ;erit,cuiusoperatuste
409 3071 495 3119 nemo
522 3049 716 3124 reprehendit.
758 3050 840 3123 Apud
854 3050 1020 3121 Hipponem
1071 3069 1074 3077 ·

22 3136 182 3216 iurrliytum
197 3136 337 3210 esthamo
352 3136 435 3210 quasi
449 3134 561 3188 lunatas
575 3131 682 3186 habens
696 3134 821 3212 plantas,
837 3142 865 3186 et
877 3133 963 3192 ineis
977 3128 1020 3182 bi·
1103 3149 1107 3172 ι

22 3233 44 3271 ²⁸
56 3221 263 3288 tantummodo
273 3218 390 3292 digitoS,
405 3217 511 3278 similes
528 3226 556 3269 et
570 3233 679 3288 uranus.
695 3255 697 3260 .
724 3213 858 3287 Sialiqna
869 3231 940 3288 gens
953 3212 1019 3265 talis

22 3313 77 3374 bot,
92 3308 135 3359 illi
152 3305 285 3358 curiosae
301 3291 387 3372 atque
401 3295 524 3352 mirabili
539 3295 692 3350 adderetur
704 3291 852 3356 historiae.
873 3294 951 3366 Num
965 3292 1021 3365 igi·
1092 3306 1095 3312 ·

22 3395 41 3432 tr
51 3389 137 3442 istum
152 3393 272 3460 propter
286 3380 339 3435 hoc
355 3371 522 3453 negabimus
538 3395 574 3436 ex
589 3396 644 3430 uno
659 3377 776 3449 illo,qui
791 3377 897 3448 primus
908 3383 1021 3452 creatus
1100 3391 1105 3396 ·

22 3472 49 3531 it,
61 3488 122 3522 esse
136 3459 344 3542 propagatum?
378 3459 568 3536 'Androgyni,
583 3477 654 3531 quos
667 3461 752 3512 etiam
766 3451 1021 3528 Hermaphrodites

23 3557 181 3622 aucupant,
210 3535 341 3620 quamvis
354 3533 504 3596 admodum
517 3542 576 3596 rari
592 3541 666 3608 sint,
693 3537 807 3594 difficile
820 3546 864 3592 est
880 3547 976 3592 tannen
989 3544 1022 3589 ut

22 3633 171 3706 torporibus
182 3629 295 3693 desint,
323 3627 353 3678 in
368 3623 472 3698 qulbus
489 3625 530 3676 sic
544 3613 668 3692 uterque⁴
680 3637 765 3674 sexus
780 3613 918 3692 apparet,
938 3627 971 3672 ut
986 3633 1038 3698 ex¹

22 3716 154 3788 nopotius
169 3709 292 3764 debeant
306 3707 437 3776 accipere
452 3721 566 3770 nomen,
582 3704 722 3755 incertum
738 3702 789 3768 sit3
815 3701 961 3755 ameliore
976 3709 1024 3753 ta·
1117 3717 1120 3723 ⁴

22 3801 76 3864 ben,
88 3795 142 3853 hae
157 3801 202 3848 est
216 3810 233 3845 a
247 3789 416 3856 iliaseulino,
432 3795 464 3848 ut
478 3784 703 3860 apipnllarentur,
715 3782 854 3866 loquendi
864 3791 1023 3838 eonsuetu-
