2362 4320
638 113 642 138 l

203 197 274 268 'uu
302 210 524 284 cremara
549 174 826 271 ort'urufflxu
954 195 1034 278 'aaa

15 365 196 444 raegnantis
217 365 315 430 valeat
331 364 482 438 aliquibus
490 365 571 420 velut
582 361 703 420 induere
717 366 902 440 qualitatibus
916 365 1071 446 foetum,
1093 347 1095 368 Ι

15 462 72 507 cut
87 449 124 504 dc
138 450 248 528 virgis
242 448 368 504 variatis
379 447 449 502 fecit
457 445 553 517 laceb
567 457 600 502 ut
609 465 715 521 pecora
727 451 823 504 colore
836 451 918 518 varia
930 453 1036 527 gigne·

15 544 114 603 entur3
130 539 269 598 naturam
282 541 380 586 tamen
393 531 472 586 illam
486 549 559 604 quac
571 531 716 608 gignitur,
732 533 813 586 tam
804 551 867 605 ipsa
882 552 942 590 non
955 535 1037 597 fecit,

15 635 83 672 uam
96 635 155 672 nec
170 633 235 688 rpsa
246 631 278 668 se
291 613 371 668 fecit
403 611 576 680 Quaelibet
567 615 659 696 rgrtur
674 617 837 712 corporales
852 618 899 672 vel
913 618 1040 674 semina·
1067 635 1071 650 s

15 719 37 755 ιι
53 717 166 756 causac
179 695 338 774 gignendis
351 696 437 752 rebus
451 694 657 768 adhibeantur,
680 699 743 754 sive
757 700 972 797 operationibus
987 719 1040 756 an-

15 785 136 838 clorum
150 791 206 837 aut
217 779 380 850 hominum,
394 788 444 836 aut
458 793 695 854 quorumcunque
709 783 925 860 animalium,
901 802 964 839 sive
977 802 1040 840 ma-
1086 821 1089 830 ,

15 869 73 922 ἰιιιιι
87 865 329 962 feminarumque
340 857 544 934 mixtionibus3
560 864 706 938 quaelibet
719 865 807 922 etiam
818 847 963 922 desideria
977 887 1039 922 mo-

15 968 83 1005 uste
97 949 219 1004 animae
230 948 333 1002 niatris
342 948 461 1004 valeant
471 946 580 1019 aliquid
593 939 835 1004 lineamentorum
848 959 898 1006 aut
911 950 1041 1006 colorum
1126 987 1127 990 =

15 1032 182 1109 rdspergere
195 1029 511 1104 tenerismollibusque
525 1025 745 1104 conceptibus,'
737 1049 813 1106 ipsas
823 1034 941 1089 omnino
953 1044 1040 1089 natu-

15 1133 70 1185 ras,
93 1131 170 1190 quae
184 1115 228 1170 sic
241 1115 288 1170 vel
301 1115 344 1169 sic
359 1115 390 1170 in
404 1131 580 1190 suowgenere
604 1111 782 1186 alliciantur,
809 1135 869 1172 nou
890 1116 960 1172 facit
982 1117 1041 1172 nisi

15 1215 130 1254 tummus
145 1197 244 1254 Deus:
272 1197 354 1254 cuius
374 1198 488 1252 occulta
504 1198 635 1271 potentia
649 1207 754 1254 cuncta
765 1209 923 1270 penetrans
936 1201 1039 1258 incon-

15 1281 169 1338 aminahili
181 1281 348 1354 praesentia
361 1280 431 1335 facit
441 1298 504 1334 esse
516 1279 652 1354 quicquid
666 1282 722 1336 alio
736 1280 820 1337 modo
834 1291 888 1353 est,
902 1283 933 1339 in
948 1301 1040 1358 quan-

15 1383 184 1440 umcunque
199 1373 259 1435 est3
273 1365 340 1439 quia
354 1363 410 1420 nisi
423 1363 548 1418 faciente
562 1365 627 1434 illo,
642 1373 675 1418 ut
687 1365 744 1422 tale
757 1366 805 1419 vel
818 1367 875 1420 tale
889 1375 976 1436 esset,
990 1365 1042 1420 scd
1122 1421 1125 1426 ,

17 1467 122 1506 rorsus
138 1465 279 1516 essenon
292 1455 400 1520 posset.
436 1447 617 1520 Quapropter
631 1447 701 1506 siin
715 1448 765 1502 illa
785 1449 883 1520 specie
895 1466 982 1521 quiam
995 1449 1040 1504 fo·

15 1533 137 1589 insecus
152 1531 352 1604 corporalibus
366 1529 483 1603 opifices
495 1529 581 1585 rebus
594 1531 758 1601 imponunt,
770 1529 870 1584 urbem
881 1529 1001 1586 Romam
1012 1541 1042 1588 et

15 1617 105 1672 rbem
116 1613 327 1671 Alexandriam
342 1632 401 1668 non
415 1612 513 1672 fabros
528 1622 557 1667 et
576 1609 765 1682 architectos,
792 1611 843 1666 sed
862 1631 947 1689 reges
969 1632 1041 1687 quo-

15 1717 66 1754 um
79 1701 251 1769 voluntate,
273 1697 407 1767 consilio,
432 1704 461 1750 et
474 1697 595 1770 imperio
608 1693 766 1755 fabricatae
781 1704 865 1765 sunt,
889 1698 968 1751 illam
980 1695 1041 1752 lto-
1103 1763 1114 1771 “

15 1784 125 1852 nulum,
139 1782 222 1836 illam
234 1779 430 1836 Alexandrum
443 1777 577 1836 habuisse
591 1779 713 1834 dicimus
727 1778 908 1834 conditores:
932 1789 1042 1854 quanto

15 1868 101 1921 otius
122 1871 185 1920 nou
205 1865 264 1919 nisi
282 1862 377 1919 Deum
391 1862 527 1918 debemus
547 1861 731 1918 conditorem
745 1861 841 1918 dicere
860 1871 1041 1933 naturarum,

15 1949 51 2018 ¹ui
67 1966 167 2022 neque
180 1965 217 2000 cx
231 1965 265 2002 ee
278 1946 400 2002 materia
413 1945 484 2016 lacit
494 1944 602 2020 aliquid
616 1963 702 2022 quam
713 1947 774 2019 ipse
785 1964 846 2002 non
859 1945 972 2016 fecerit,
987 1963 1041 2000 nec
1087 2005 1090 2012 7

15 2033 153 2104 pararios
168 2028 256 2085 habet
272 2030 329 2086 nisi
343 2039 417 2104 quos
428 2030 490 2103 ipse
505 2031 663 2098 creaverit3
692 2037 721 2084 et
737 2030 762 2084 si
776 2030 934 2104 potentiam
949 2021 1041 2096 suam,

15 2125 34 2168 t
46 2119 88 2171 ita
103 2115 210 2184 dicam,
224 2113 438 2168 fabricatoriam
452 2113 539 2168 rebus
553 2111 713 2183 subtrahat,
728 2113 768 2167 ita
781 2130 840 2168 non
855 2121 950 2181 crunt,
965 2115 1042 2167 sicut

15 2210 70 2255 nte
81 2217 173 2274 quarn
185 2197 301 2267 fierent,
315 2215 375 2251 non
389 2191 525 2251 fuerumt
538 2193 596 2262 Sed
608 2205 676 2250 aute
691 2153 765 2268 dico,
780 2197 965 2294 aeternitate,
980 2215 1041 2252 non

15 2299 143 2360 empore.
179 2281 252 2348 Quis
267 2281 344 2335 enim
360 2280 434 2334 alius
449 2289 565 2335 creator
579 2288 624 2334 cst
636 2289 812 2355 temporum,
835 2281 894 2338 uisi
907 2298 957 2356 qur
948 2279 1053 2336 fecit
1134 2295 1138 2314 ι

16 2383 48 2438 a,
62 2384 189 2443 quorum
202 2363 326 2422 motibus
341 2371 495 2430 currerent
508 2353 655 2438 temporat

363 2511 484 2570 CAP.
528 2509 678 2570 XXVl.
757 2509 760 2536 ‘

15 2608 260 2668 tremendorum
270 2593 402 2678 opinione,
414 2626 465 2678 qua
474 2591 641 2678 putaverunt
651 2609 762 2678 angelos
773 2607 875 2676 quidem
887 2623 903 2663 a
913 2609 973 2664 Deo
983 2629 1043 2666 ιιιι-

125 2685 208 2747 ditor,
218 2680 283 2733 red'
272 2696 342 2748 aptos
353 2695 408 2731 erte
418 2677 593 2732 benrcnoram
604 2694 744 2746 corporum
756 2678 913 2730 conditores.
1105 2689 1106 2692 ’

65 2792 112 2848 lta·
127 2810 202 2848 sane
215 2788 298 2845 Plato
310 2787 439 2844 ntinores
453 2796 483 2842 et
496 2805 514 2844 a
525 2805 636 2843 summo
650 2784 714 2842 Deo
733 2785 825 2842 factos
840 2784 909 2840 deos
924 2769 1041 2844 ellectu-

15 2888 52 2932 'cs
69 2893 137 2931 csse
158 2875 253 2930 voluit
270 2872 440 2928 animalium
455 2880 654 2938 caeterorum,
680 2878 712 2926 ut
726 2870 917 2924 immortalem
929 2881 1042 2941 partem

15 2957 60 3016 lb
52 2977 117 3034 ipso
130 2964 294 3025 sumerent,
307 2955 364 3029 ipsi
377 2971 446 3010 vero
459 2954 610 3009 mortalem
625 2962 801 3008 attexerent.
829 2951 955 3022 Proinde
978 2955 1042 3007 aui-
1083 3025 1084 3028 Ἴ

15 3056 117 3099 urum
130 3050 301 3098 nostrarum
314 3056 366 3098 eos
381 3045 527 3092 creatores
542 3053 606 3090 csse
621 3036 728 3104 noluit,
741 3035 791 3090 sed
805 3053 966 3109 corporum
980 3033 1043 3089 Vn-

15 3119 39 3182 lc
52 3127 195 3200 quoniam
207 3119 386 3196 Porphyrius
399 3130 516 3201 propter
529 3120 644 3180 animae
657 3121 862 3196 purgationem
875 3118 946 3174 dicit
957 3135 1043 3175 omne

15 3223 108 3306 tprpus
126 3204 318 3284 fugiendum,
338 3205 481 3277 simulque
499 3221 563 3258 eum
577 3219 628 3258 suo
641 3201 763 3258 Platone
777 3204 898 3276 aliisque
911 3201 1041 3256 Platoni-

15 3293 44 3348 is
57 3293 154 3348 sentit
167 3307 235 3359 eos,
257 3289 307 3362 qui
327 3287 515 3342 inunoderate
535 3303 567 3340 ac
586 3283 772 3340 inhoneste
754 3286 900 3352 rixerint,
925 3293 1044 3356 propter

15 3374 125 3432 uendas
139 3391 250 3447 poenas
264 3367 302 3428 ad
315 3385 437 3444 corpora
448 3367 546 3424 redire
559 3370 708 3439 mortalia,
728 3365 811 3424 Plato
825 3365 941 3440 quidem
956 3367 1044 3421 etiam
1093 3405 1097 3424 ι

15 3459 237 3526 tdbestiarum,
263 3452 441 3528 Porphyrius
456 3451 655 3508 tantummodo
674 3452 709 3507 ad
723 3450 885 3519 hominum3
906 3450 1043 3522 sequitur

15 3557 73 3613 tos,
90 3551 126 3596 ut
139 3538 241 3594 dicant
253 3538 324 3594 deos
336 3539 421 3606 istos,
436 3553 507 3610 quos
522 3553 539 3590 a
552 3534 634 3592 nobis
649 3536 754 3590 volunt
769 3532 852 3605 quasi
865 3541 1001 3605 parentes
1015 3540 1044 3586 et

15 3605 178 3682 auditores
193 3631 309 3678 nosnos
324 3621 392 3688 eali,
417 3616 490 3674 nihil
501 3635 565 3672 csse
576 3617 656 3672 aliud
669 3634 753 3690 quam
764 3612 860 3670 fabros
875 3613 1044 3687 compedum

15 3723 199 3766 carcerumve
213 3712 396 3772 nostrorum3
421 3709 474 3756 nec
488 3702 686 3769 institutores,
701 3697 750 3754 sed
766 3697 926 3751 inclusores
940 3697 1044 3774 alliga-

15 3797 147 3865 tcresque
160 3797 279 3844 nostros
294 3785 451 3862 ergastulis
464 3783 645 3838 aerumnosis
665 3791 694 3836 et
716 3781 897 3862 gravissimis
908 3779 1042 3836 vinculis.

15 3874 66 3932 lut
80 3891 154 3952 ergo
167 3870 305 3928 desirrem
317 3867 462 3930 Platonici
472 3883 582 3946 poenas
595 3865 759 3923 animarum
778 3881 817 3921 ex
834 3863 898 3934 istis
913 3865 1043 3939 corpori-
