2362 4314
165 213 229 273 nu
252 211 473 276 ιιιιιιιίι
491 214 572 276 our
599 211 837 280 urusxx‘n..
941 225 1002 280 :aas
1030 243 1036 250 -
1135 211 1138 218 ⁴

479 332 482 344 ι
888 329 892 352 ι

47 385 113 428 us.
131 369 264 445 quamvis
277 385 295 423 a
307 368 412 432 talibus
429 369 511 446 prius
532 369 726 462 audierimus,
750 368 786 463 de
802 377 925 452 quorum
946 373 1002 430 fide

43 471 110 551 ιιιι
123 471 183 509 non
195 469 354 527 possemus.

43 535 95 594 ir
113 537 308 594 Tribunitius
314 533 472 610 Hesperius
486 530 520 610 [,
534 534 598 612 qui]
618 535 694 612 apud
714 555 768 593 nos
788 546 847 607 est,
872 535 980 595 habet*
971 559 1003 597 ιιι

43 623 128 679 orio
139 607 309 694 Fussalensi
321 618 442 675 fundam
454 617 566 675 Zubedi
579 621 767 696 appellatum,
786 620 838 677 ubi
850 638 916 678 cum
929 620 1003 679 affli-
1061 684 1067 694 Η

43 721 78 760 e
92 705 259 762 animalium
273 711 303 758 et
315 719 465 758 servorum
477 715 597 759 suorum
615 704 730 760 domum
749 721 831 761 suom
850 705 1004 780 spirituum

43 807 172 864 norum
184 787 245 844 rim
256 787 376 843 noxiam
388 787 501 861 perpeti
516 789 721 862 comperisset,
748 789 865 872 rogavit
876 799 1004 872 nostros,

43 882 169 944 ssente,
191 869 393 946 Presbyteros,
415 878 449 926 ut
461 871 565 946 aliquis
579 889 680 928 eorum
692 871 743 926 illo
755 881 908 948 pergeret,
922 875 1004 929 cuius
1032 927 1036 930 .

43 957 158 1012 »nibus
173 952 318 1011 cederent.
335 953 471 1010 Perrexit
482 971 568 1038 unus,
583 955 688 1011 obtulit
698 955 740 1010 ibi
753 953 927 1012 sacrificium
940 973 1005 1012 cor-

57 1039 195 1111 christi,
220 1055 308 1094 orans
325 1045 466 1124 quantum
480 1031 596 1113 potuit,
616 1046 651 1094 ut
667 1047 798 1094 cessaret
809 1040 859 1094 illa
871 1042 1004 1098 vexatiot

50 1125 201 1206 protinus
218 1122 375 1178 miserante
399 1122 532 1178 cessavit.
565 1121 726 1196 Acceperat
743 1131 853 1178 autem
859 1123 894 1178 ab
912 1125 1005 1180 amico

43 1221 152 1264 erram
164 1209 294 1262 sanctam
305 1202 340 1260 dc
350 1202 562 1280 Hierosolymis
574 1206 701 1276 allatam,
715 1205 766 1260 ubi
779 1208 909 1281 sepultus
922 1205 1005 1264 chri-

43 1276 108 1346 lie
115 1291 206 1347 tertio
217 1289 396 1344 resurrexit·
389 1306 532 1362 ,eamque
545 1287 759 1362 suspenderat'
750 1307 782 1344 ιιι
796 1290 926 1346 cubiculo
941 1309 1018 1362 suo,

43 1375 98 1430 rid
106 1375 185 1430 mali
207 1373 295 1429 etiam
305 1373 375 1451 ipse
393 1380 551 1448 pateretur.
585 1373 624 1428 At
636 1370 692 1427 ubi
711 1372 856 1444 domus
831 1391 892 1428 esus
911 1374 945 1429 ab
957 1376 1008 1430 illa

43 1460 168 1514 tatione
180 1464 305 1554 purgata
318 1465 377 1528 est,
405 1454 475 1531 quid
495 1455 530 1510 de
548 1457 599 1511 illa
619 1463 699 1512 terra
719 1427 819 1528 fieret,
845 1458 1008 1546 cogitabat,

43 1560 50 1591 ι
78 1541 210 1598 diutius
201 1559 234 1596 ιιι
249 1538 381 1595 cubiculo
396 1556 448 1594 suo
465 1539 649 1595 reverentiae
661 1557 748 1608 causa
760 1537 867 1595 habere
880 1537 1008 1598 nolebat.

43 1615 197 1694 =accidit,
211 1630 245 1677 ut
258 1637 313 1704 ego
328 1631 357 1676 et
369 1623 481 1697 collega
494 1631 564 1678 tunc
577 1639 660 1678 meus
675 1625 827 1698 episcopus
841 1621 1009 1698 Synitensis

43 1693 178 1780 icensis]
192 1707 335 1760 eeclesiae
343 1703 543 1760 Maximinus'
535 1723 566 1762 ιιι
579 1706 711 1779 proximo
723 1723 865 1762 essemus:
878 1715 912 1762 ut
924 1710 1008 1764 seni-

47 1807 72 1846 s
100 1789 227 1869 rogavit,
251 1797 280 1844 et
299 1789 441 1844 venimus.
472 1785 603 1878 Cumque
626 1789 710 1845 nobis
734 1791 831 1846 omnia
852 1792 1009 1863 retulisset,

43 1891 64 1929 ι
79 1874 136 1932 hoc
150 1872 270 1948 petivit,
296 1879 329 1926 ut
342 1857 524 1926 infoderetur
538 1872 662 1943 alicubi,
687 1880 773 1954 atque
787 1873 827 1928 ibi
842 1875 1010 1932 orationum
1039 1905 1041 1914 ι
1107 1865 1109 1872 ’

43 1972 48 2007 ι
78 1959 180 2029 fieret,
202 1956 253 2011 ubi
272 1956 360 2012 etiam
381 1963 501 2029 possent
513 1953 672 2012 Christiani
689 1955 725 2012 ad
743 1955 915 2013 celebranda
936 1976 1010 2032 quae

43 2051 122 2100 sunt
133 2057 321 2118 congregari
342 2035 410 2095 Non
424 2038 598 2095 restitimus:
613 2040 724 2096 factum
737 2048 790 2095 est
823 2039 897 2097 Erat
910 2039 1009 2098 1brru
1098 2041 1100 2045 ’

43 2139 55 2176 s
80 2125 261 2202 paralyticus
280 2123 463 2178 rusticanus:
488 2120 544 2178 hoe
568 2122 669 2179 audito
685 2123 789 2198 petivit
806 2141 823 2179 a
839 2127 1009 2200 parentibus

43 2244 52 2274 ι
79 2219 113 2267 ut
125 2209 208 2264 illum
216 2206 258 2263 ad
271 2225 336 2262 eum
348 2208 444 2262 locum
456 2216 588 2268 sanetum
601 2225 660 2264 non
675 2216 850 2264 cunctanter
862 2205 1009 2271 afferrent.
1076 2277 1077 2282 ι

61 2311 130 2349 cum
149 2291 253 2348 fuisset
270 2289 392 2361 allatus,
414 2291 526 2360 oravit,
549 2298 635 2366 atque
653 2290 721 2348 inde
735 2293 874 2349 continuo
887 2293 1009 2370 pedibus

46 2379 155 2434 salvus
169 2373 317 2430 abscessit
629 2401 632 2406 ·
1012 2381 1016 2404 ¹
1109 2423 1111 2430 s

43 2453 218 2516 Victoriana
236 2457 345 2514 dicitur
362 2455 449 2526 villa,
472 2453 506 2512 ab
520 2451 655 2530 Hippone
673 2457 756 2534 regio
776 2459 872 2514 minus
886 2460 1011 2538 triginta
1112 2501 1114 2510 ι

43 2538 119 2630 bus
126 2541 218 2598 abest.
263 2538 406 2598 Memoria
423 2537 586 2622 Martyrum
610 2539 652 2595 ibi
679 2549 723 2594 est
749 2539 1010 2602 Mediolanensium

43 2617 107 2684 asii
120 2635 150 2682 et
164 2625 307 2682 Gervasii.
341 2616 476 2679 Portatus
488 2629 541 2679 est
560 2641 593 2678 eo
612 2622 729 2697 quidam
747 2621 933 2696 adolescens,
955 2629 1011 2702 qui

52 2709 107 2768 die
116 2708 212 2765 medio
224 2703 354 2783 tempore
364 2707 485 2762 aestatis
497 2723 601 2782 equum
611 2706 761 2762 ablueret
753 2725 785 2762 ιιι
797 2703 925 2762 fluminis
937 2727 1009 2790 gur·
1075 2701 1079 2710 ¹

73 2795 245 2851 daemonem
262 2791 395 2848 incurrit.
429 2789 472 2845 lbi
486 2784 551 2845 tu'm
568 2791 677 2845 iaceret
692 2791 737 2847 vel
750 2791 838 2845 morti
849 2791 1009 2874 proximus,

43 2877 207 2934 imillimus
221 2875 347 2974 niortuo,
360 2871 397 2930 ad
409 2875 590 2948 vespertinos
603 2873 673 2929 illuc
683 2871 806 2950 hymnos
818 2883 848 2930 et
861 2875 1009 2931 orationes

51 2961 176 3019 ancillis
189 2961 249 3015 suis
263 2969 292 3016 et
304 2957 474 3034 quibusdam
492 2957 759 3024 sanctimonialibus
774 2975 811 3012 cx
823 2974 903 3013 more
917 2957 1010 3013 domi·
1058 3008 1061 3011 .

43 3044 225 3100 accessionis
238 3043 374 3113 intravit3
387 3049 472 3116 atque
484 3039 606 3116 hymnos
622 3051 740 3097 cantare
753 3049 921 3116 cooperunt.
947 3043 1011 3110 Qua

66 3129 120 3186 illc
133 3127 216 3202 quasi
229 3141 393 3200 percussus,
406 3141 544 3179 excussus
559 3127 617 3181 cst:
633 3135 740 3184 etcum
753 3123 878 3180 terribili
891 3125 1010 3182 fremitu
1100 3133 1103 3140 '

43 3229 71 3267 e
85 3205 299 3287 apprehensum
308 3227 425 3265 movere
439 3226 498 3264 non
512 3205 621 3264 audens
645 3209 707 3280 sive
725 3226 786 3265 non
802 3209 918 3280 salens,
944 3216 1010 3263 tan-

43 3311 66 3350 ιι
82 3305 117 3350 eo
130 3293 221 3350 fuerit
234 3293 384 3370 alligatus,
406 3301 457 3348 aut
476 3289 593 3363 affixus,
617 3271 748 3358 tenebat:
776 3298 884 3346 etcum
904 3291 1011 3368 grandi

43 3387 92 3435 rtu
113 3376 231 3454 parci
216 3375 272 3430 sibi
292 3392 414 3451 rogans,
439 3373 629 3432 confitebatur
651 3375 702 3430 ubi
724 3373 983 3445 adolescentem,
981 3383 1011 3430 et

43 3462 110 3534 rdo,
131 3468 160 3515 et
175 3455 340 3534 quomodo
332 3459 482 3515 invaserit.
515 3455 664 3514 Postremo
679 3475 710 3512 sc
724 3457 869 3513 exiturum
883 3475 947 3512 esse
961 3456 1011 3512 dc-

43 3544 162 3614 lans,
163 3541 329 3598 membra'
304 3559 365 3596 crus
380 3541 496 3619 singula
509 3539 691 3612 nominabat,
715 3558 788 3616 quae
802 3557 833 3595 se
847 3547 1010 3614 amputatu-

59 3629 165 3683 exicns
179 3623 355 3680 minabatur.
378 3633 467 3700 atquc
479 3626 553 3681 inter
575 3623 647 3679 haec
661 3619 749 3680 verba
762 3621 897 3678 discessit
910 3623 945 3678 ab
959 3621 1011 3680 ho-

43 3725 72 3767 e.
102 3708 161 3768 Sed
175 3709 275 3763 oculus
289 3707 349 3762 eius
362 3707 393 3762 in
406 3709 553 3763 maxillam
566 3703 657 3776 fusus,
670 3705 752 3784 tenui
765 3708 872 3762 venula
884 3706 918 3762 ab
932 3708 1011 3762 inte-

43 3805 59 3842 ι
76 3793 158 3870 quasi
171 3789 267 3846 radice
280 3788 438 3864 pendebat,
464 3799 613 3864 totumque
627 3791 688 3844 cius
702 3787 843 3861 medium,
870 3790 946 3865 quod
963 3790 1010 3846 ni-

43 3889 93 3932 um
107 3876 212 3944 fuerat,
226 3873 409 3929 albicaverat.
427 3873 490 3939 Quo
504 3873 566 3929 viso
581 3873 630 3946 qui
644 3871 776 3942 aderant,
789 3871 1012 3946 (concurrerant
