2362 4312
98 131 139 184 64
326 119 425 178 DIVI
445 118 631 180 AVRELH
655 117 913 177 nvevsuln'l

7 331 9 340 ,
102 281 221 336 deretur
234 287 331 334 tamen
345 294 420 350 quae
433 273 721 330 sittaliumdeorum
732 268 915 343 velmalitia,
938 274 987 330 rel
1000 275 1156 332 miseris:

101 366 128 420 si
140 373 237 420 autem
250 380 282 417 se
295 377 443 437 pugnasse
468 359 638 427 finxerunt,
663 357 743 431 quid
758 356 837 412 aliud
851 367 998 434 egerunt,
1025 361 1088 414 nisi
1105 369 1151 415 ut:

101 447 157 502 sibi
170 445 294 502 Rotnani
308 442 440 498 bellando
454 443 598 513 civiliter,
626 451 766 514 tanquam
783 440 903 496 deorum
917 444 1055 516 exemplo
1070 445 1141 498 nul-

100 532 162 585 lum
175 528 258 584 nefas
282 527 438 590 admittere
462 519 654 592 siderentur?
680 522 741 578 lain
766 525 846 578 enirn
871 536 1035 598 coeperant
1061 527 1138 582 bella

102 614 219 683 civilia,
245 620 275 665 ct
288 611 398 684 aliquot
412 608 606 666 nefandorum
617 609 796 682 proeliorum
820 618 937 684 strages
952 611 1138 666 exsecranda

100 703 310 772 praecesserat.
348 691 409 762 iam
431 694 537 748 multos
551 700 699 761 moverat,
724 690 803 764 quod
824 692 908 746 miles
935 692 1056 766 quidam
1070 693 1136 748 dum
1168 736 1179 764 :

102 781 199 836 occiso
213 779 305 852 spolia
317 775 500 844 detraheret,
526 775 648 832 fratrem
661 774 769 830 nudato
783 773 925 850 cadavere
939 778 1080 852 agnovit,
1103 796 1133 832 ae
1167 849 1168 854 Ἰ

103 863 264 918 detestatus
279 860 354 916 bella
368 860 481 930 civilia,
509 868 539 916 et
551 879 583 914 se
596 861 691 933 ipsum
703 857 744 912 ibi
757 853 1055 932 perimensfraterno
1073 879 1131 916 eor·
1166 873 1169 879 “

103 947 169 1021 pori
182 943 325 1000 adiunxit.
362 941 401 997 Vt
415 961 485 1020 ergo
499 944 576 1000 tenti
588 941 673 996 huius
686 943 756 996 mali
767 943 888 1014 usiuirne
912 943 1061 1014 taederet,
1087 943 1133 998 sed
1164 939 1166 952 ’

103 1045 249 1084 armorum
262 1027 452 1082 scelestorum
464 1027 559 1102 magis
573 1027 723 1102 magisque
736 1024 824 1080 ardor
837 1027 1033 1096 incresceret,
1055 1029 1132 1083 noxii
1164 1017 1178 1040 'v

104 1111 278 1180 daemones,
299 1128 370 1185 quos
385 1110 428 1164 illi
442 1109 511 1164 deos
525 1119 661 1182 putantes
681 1107 817 1164 colendos
832 1118 862 1162 et
876 1110 1075 1167 ·venerandos
1090 1129 1131 1166 ar·
1160 1117 1181 1135 “¹

103 1193 298 1264 bitrabantur,
310 1195 397 1270 inter
410 1211 441 1247 se
453 1201 620 1270 pugnantes
632 1188 798 1246 bominibus
811 1194 1132 1265 apparerewvoluerunt,
1162 1201 1181 1217 ‘

105 1297 143 1334 ne
156 1277 266 1352 imitari
279 1278 353 1332 tales
379 1293 492 1352 pugnas
508 1278 602 1332 civica
626 1274 787 1348 trepidaret
810 1273 945 1346 affectio,
973 1277 1132 1351 sedpotius
1160 1269 1178 1316 ³²

105 1358 263 1416 humanum
289 1361 385 1415 scelus
411 1358 511 1417 divino
533 1366 729 1426 excusaretur
756 1361 898 1433 exemplo.
934 1357 1001 1415 Hac
1029 1362 1133 1416 astutia
1160 1355 1180 1434 ’ἦ

10 1441 14 1450 “
104 1445 225 1520 maligni
240 1445 359 1518 spiritus
373 1445 462 1498 etiam
486 1442 587 1513 ludos,
613 1442 690 1498 unde
703 1443 794 1498 multa
818 1443 876 1497 iarn
893 1443 986 1514 dixi,
1001 1439 1133 1522 scenicos

106 1529 162 1583 sibi
188 1528 279 1583 dicari
306 1528 473 1601 sacrarique
499 1527 665 1582 iusserunt:
683 1524 752 1581 -ubi
766 1525 886 1582 deorum
911 1535 997 1582 tanta
1023 1526 1135 1604 flagitia
1178 1541 1181 1555 ¹

106 1609 400 1667 theatricis'eantieis
427 1620 514 1686 atque
540 1611 703 1668 fabularum
728 1609 892 1680 actionibus
919 1605 1083 1682 celebrata,
1109 1619 1134 1665 ct
1161 1609 1177 1643 'b

108 1697 239 1770 quisquis
258 1713 309 1764 eos
322 1697 392 1760 talia
417 1694 524 1750 secisse
550 1694 700 1762 crederet,
726 1701 756 1747 et
769 1694 899 1767 quisquis
915 1713 975 1749 non
990 1695 1141 1763 erederet,
1163 1692 1176 1727 '³‘

108 1779 162 1834 scd
174 1788 271 1834 tamen
285 1780 351 1834 illos
376 1779 570 1833 libentissime
584 1777 639 1832 sibi
656 1777 727 1830 talia
751 1777 827 1832 velle
842 1774 974 1832 exhiberi
989 1787 1133 1847 cerneret,
1175 1850 1176 1854 ἵ

107 1879 227 1917 securus
242 1863 415 1916 imitaretur.
430 1849 498 1914 *Ne
512 1861 576 1933 quis
601 1861 699 1932 itaque
724 1861 906 1916 existimaret
932 1862 964 1917 in
979 1861 1052 1918 deos
1067 1880 1133 1921 eon·
1180 1876 1181 1881 ’

42 1939 44 1944 ’
106 1947 183 2002 vicia
196 1945 303 2016 potius,
331 1960 416 2016 quam
428 1943 470 1996 eis
486 1942 608 2019 dignum
620 1941 729 2017 aliquid
742 1945 941 2016 scriptitasse,
968 1946 1133 2020 ubicunque

108 2029 173 2082 illes
187 2019 265 2080 inter
280 2044 311 2080 se
324 2043 471 2102 pugnasse
495 2035 613 2100 poetam
626 2036 898 2097 commemorarunt,
925 2030 983 2102 ipsi
996 2029 1036 2094 ad
1058 2029 1132 2098 deci·
1163 2031 1169 2067 ²

6 2179 13 2190 ἱ
108 2108 229 2184 piendos
244 2107 375 2165 homines
390 2117 539 2182 puetarum
554 2111 684 2165 earmina
696 2109 899 2180 firmaverunt,
924 2131 1043 2188 pugnas
1056 2112 1131 2168 ride·
1161 2106 1174 2146 b

108 2195 178 2268 licet
188 2209 256 2246 suas
271 2211 331 2248 non
344 2194 437 2248 solum
449 2211 501 2266 per
518 2185 651 2250 scenicos
664 2195 695 2248 in
709 2192 841 2264 theatro,
866 2213 969 2250 verum
982 2199 1074 2252 etiam
1084 2212 1130 2270 per

109 2295 140 2331 sc
154 2277 232 2348 ipsos
247 2277 277 2332 in
293 2295 392 2351 eampo
406 2274 538 2332 humanis
553 2279 644 2333 oculis
665 2276 845 2334 exhibentes.
1169 2274 1171 2282 ’

171 2355 252 2414 Haec
263 2359 363 2414 dicere
378 2361 517 2434 eonspulsi
542 2377 656 2432 sumus,
683 2363 820 2436 quoniam
844 2362 980 2435 pessimis
1005 2363 1131 2420 moribus
1160 2388 1163 2397 1

6 2461 23 2482 ·=
109 2443 216 2498 civium
230 2441 391 2499 Romanam
403 2443 608 2517 rempublicam
621 2446 679 2506 iam
691 2455 778 2500 antea
790 2445 934 2518 perditam
947 2446 1053 2518 fuisse,
1071 2448 1130 2502 nul·
1175 2466 1178 2467 ’

107 2527 222 2599 lamque
236 2529 410 2583 remansisse
436 2535 504 2583 ante
530 2528 687 2584 adrentum
706 2526 826 2583 Domini
840 2528 1016 2588 nostrilesu
1030 2529 1130 2598 Chrisi,
1155 2533 1181 2573 ¹-

109 2618 243 2665 auctores
257 2615 356 2678 eorum
370 2611 466 2668 dicere
481 2621 510 2666 et
524 2611 651 2666 scribere
664 2613 784 2688 minime
798 2611 1015 2668 dubitaverunt.
1045 2607 1130 2679 Quam
1163 2609 1165 2618 '

93 2691 304 2770 ‘perditionem
316 2695 372 2749 diis
388 2697 447 2750 suis
462 2713 522 2750 non
535 2696 689 2769 imputant,
712 2695 761 2769 qui
775 2696 850 2751 mala
863 2697 1049 2768 transitoria,
1071 2696 1128 2771 qui·
1155 2691 1169 2748 't

108 2776 161 2831 bus
175 2776 244 2832 boni
259 2797 310 2832 seu
324 2780 437 2849 vivant,
461 2797 512 2833 reu
525 2781 698 2848 moriantur,
718 2781 814 2852 perire
821 2797 885 2835 non
896 2790 1033 2852 possunt,
1051 2777 1129 2836 chri·
1156 2777 1168 2825 b

31 2915 32 2922 ,
109 2869 154 2916 rto
171 2869 271 2917 nostro
298 2863 454 2935 imputant:
482 2881 547 2918 cum
573 2860 705 2918 Christus
721 2872 832 2934 ,noster
857 2871 939 2918 tanta
964 2863 1130 2938 frequenter
1157 2872 1161 2891 ἰ

107 2962 160 3019 pro
174 2945 301 3000 moribus
316 2946 432 3019 optimis
443 2958 598 3019 praccepta
611 2956 713 3002 eontra
724 2947 853 3019 perditor
867 2964 983 3026 mores,
1010 2947 1051 3002 dii
1065 2963 1129 3003 vero
1162 2970 1168 2983 *-

107 3030 236 3101 ipsorum
261 3029 349 3084 nullis
362 3029 468 3086 talibus
494 3031 658 3104 praeceptis
673 3031 789 3106 egerint
802 3030 911 3104 aliquid
924 3047 991 3084 eum
1004 3047 1058 3087 sue
1074 3029 1129 3085 cul·
1161 3049 1181 3074 's

86 3121 173 3167 ,tore
186 3112 301 3186 populo,
328 3113 444 3186 proilla
457 3114 614 3186 republica,
642 3132 678 3168 ne
691 3115 816 3187 periret3
843 3115 929 3169 immo
944 3112 1063 3176 eosdem
1073 3131 1129 3168 mo·
1158 3107 1178 3152 Ψ

108 3213 157 3250 res
171 3197 253 3252 velut
265 3196 325 3250 suis
341 3197 480 3269 exemplis
507 3198 681 3252 auctoritate
707 3199 796 3256 noxia
806 3196 1039 3271 corrumpendo,
1066 3215 1130 3274 ege·
1162 3199 1176 3264 ι,

108 3289 179 3335 runt
191 3280 288 3353 potius
302 3287 335 3335 ut
347 3281 465 3352 periret.
493 3279 585 3345 Quam
596 3295 656 3337 non
669 3279 734 3335 ideo
748 3289 819 3336 tune
832 3282 955 3355 periisse
969 3284 1131 3357 quisquam,
1160 3279 1178 3318 ἰ

109 3371 142 3416 ut
155 3363 292 3433 arbitror,
316 3363 374 3418 iam
387 3363 484 3418 dicere
499 3362 625 3434 audebit,
652 3365 720 3437 quia
733 3363 894 3420 discessere
922 3383 1024 3430 omnes
1039 3365 1131 3440 adytis
1166 3382 1181 3399 ¹·

110 3446 225 3519 arisque
239 3447 349 3502 relictis
364 3445 416 3517 dii,
442 3448 522 3502 velut
547 3449 633 3504 amici
658 3449 835 3519 virtutibus,
862 3467 928 3504 erun
946 3449 1029 3504 vitiis
1043 3447 1131 3506 bomi-
1150 3467 1152 3470 ·

64 3587 67 3594 μ
110 3545 180 3583 ιιιιιιι
193 3526 426 3602 offenderentur3
452 3531 520 3605 quia
532 3538 577 3584 tot
591 3531 684 3607 signis
700 3540 844 3602 extorum,
867 3527 1070 3608 auguriorum,
1085 3549 1132 3588 vs·

109 3611 296 3684 ticiniorum,
323 3615 471 3689 quibusse
488 3622 633 3687 ,tanquam
658 3616 806 3688 praescios
830 3616 996 3672 futurorum
1021 3616 1133 3671 adiuto-
1169 3631 1170 3634 ¹

109 3711 214 3766 resque
228 3699 403 3767 proeliorum
427 3700 537 3754 iactare
552 3706 581 3751 et
592 3697 793 3760 commend-are
807 3698 984 3774 gestiebant,
1013 3700 1133 3755 cenviu·
1169 3695 1181 3750 ³(

105 3785 216 3832 cuntur
239 3777 332 3836 tiiisse
354 3793 544 3857 praesentes:
571 3782 621 3860 qui
646 3782 681 3838 si·
698 3799 767 3838 vere
788 3782 1010 3854 abscessissent,
1038 3783 1133 3838 mitius
1175 3796 1181 3809 '¹
