2310 4306
124 225 186 282 roa
290 225 294 238 ·
353 214 452 277 urvr
477 213 659 274 senemr
684 211 948 290 as'cvsmnr

127 393 192 431 rum
210 389 274 428 esee
293 365 447 436 dicuntur,
472 368 616 422 incertum
630 375 690 437 est3
718 373 750 421 et
766 365 803 422 ob
817 365 873 422 hoc
888 369 992 448 eisxnoa
1002 365 1102 423 adhihent

126 456 216 525 tides,
241 454 367 509 niaxime
380 449 425 504 his
440 451 470 503 in
485 449 588 522 quihus
603 450 690 503 etiam
702 458 811 503 contra
824 449 909 504 fidem
923 451 1040 506 librorum
1049 469 1101 504 cauo
1133 465 1153 516 4

126 541 261 595 nieorum
279 532 421 608 quaedam
439 533 594 608 leguntur,
618 539 739 604 propter
759 523 837 605 quod
851 549 1101 605 eaprorsusuonouc

128 628 247 695 apparet
265 619 391 673 illorum.

457 728 526 786 CA
547 727 579 784 P.
622 723 830 784 XXXIX.

1134 513 1153 560 u‘

1132 605 1152 640 z

128 813 171 865 De
182 810 324 865 Hebraicis
334 807 436 871 literis,
456 813 524 876 qaae
535 824 668 874 attuqaam
683 807 712 858 io
727 801 920 886 aaae'llingaae
931 808 1098 878 proprietatem

587 875 713 947 facerint.¹

193 967 260 1024 Non
274 943 378 1040 itaque
387 964 563 1020 credendum
576 975 631 1034 est,
646 965 724 1038 quod
737 968 875 1022 nonnulli
889 969 1055 1034 arbitrantur,
1067 960 1098 1017 lle
1143 995 1146 1004 ,

129 1039 246 1114 bracem
260 1056 372 1102 tantum
385 1049 516 1124 linguam
529 1063 582 1119 per
603 1049 685 1102 illurn
704 1049 755 1120 qui
772 1050 934 1105 vocabatur
947 1049 1041 1118 Hcher,
1059 1043 1099 1099 uude
1152 1105 1153 1110 Ἰ

129 1131 328 1189 Hebraeorum
342 1129 516 1185 vocabulum
530 1139 587 1199 est,
601 1125 690 1183 fuisse
704 1140 866 1199 serratam,
881 1141 965 1205 atquc
977 1131 1099 1202 indeptae

130 1217 207 1271 nisse
221 1211 258 1267 ad
271 1210 425 1280 Abraham,
439 1209 589 1266 Hebraeas
604 1220 700 1265 autem
715 1213 817 1267 literas
830 1205 925 1290 allega
939 1215 1100 1286 coepisseque
1130 1260 1149 1281 Ν

42 1301 44 1310 ’
130 1297 197 1352 data
211 1304 256 1349 est
268 1312 321 1366 per
330 1293 469 1368 Moyscn;
482 1292 533 1349 sed
546 1295 641 1367 potius
654 1312 706 1367 per
718 1295 799 1349 illam
813 1298 1018 1352 successionem
1028 1303 1101 1368 patria,
1130 1346 1131 1349 ,

129 1385 318 1433 mensuratam
332 1377 464 1452 linguam
477 1395 542 1432 cum
556 1377 616 1432 suis
630 1377 724 1430 literis
738 1378 924 1433 custoditam.
937 1378 1051 1450 Denique
1057 1373 1101 1445 llop
1132 1405 1150 1447 L

129 1478 176 1520 ses
188 1461 226 1514 in
244 1460 350 1532 pupulo
364 1458 422 1514 Dei
442 1459 613 1526 constituit,
640 1459 690 1532 qui
708 1459 847 1514 docendis
868 1462 960 1516 literis
981 1459 1101 1534 praeessent,
1151 1516 1152 1519 Ἴ

128 1543 211 1618 prius
233 1559 320 1615 quam
344 1540 460 1597 divinae
478 1543 551 1617 legis
571 1542 644 1595 ullas
662 1541 764 1596 literas
784 1551 916 1598 nossent.
958 1542 1014 1599 Hor
1030 1537 1102 1613 appell
1145 1604 1149 1609 ἡ

129 1623 284 1698 Scriptura
305 1627 645 1700 ypapparoetootywytic‚
669 1621 837 1697 quiLatine
851 1625 910 1680 dici
926 1634 1036 1699 possunt
1048 1624 1102 1678 tim

128 1723 196 1763 rum
208 1706 376 1762 inductores
389 1707 437 1762 vel
449 1704 675 1780 introductores,
690 1724 723 1761 eo
737 1705 813 1779 quod
826 1725 875 1762 eas
889 1701 1103 1779 inducamque·
1145 1756 1151 1763 s

129 1788 259 1852 modain
273 1789 361 1845 corda
376 1789 567 1858 discentium,
589 1790 637 1844 vel
649 1789 680 1842 iu
694 1805 742 1842 eas
756 1789 856 1860 potius
871 1791 949 1863 ipsos
963 1808 1025 1864 quos
1037 1786 1103 1841 docnt
1140 1817 1144 1824 -

129 1871 321 1949 Nullaigitur
331 1871 447 1948 genade
454 1871 628 1943 antiquitate
636 1871 874 1943 sapientiaesuae
889 1863 1104 1946 supchatriarcltt
1134 1899 1149 1935 .·

130 1965 162 2012 ct
173 1953 333 2028 Prophetas
346 1962 474 2024 nostros,
489 1953 593 2027 quibus
608 1955 703 2008 inerat
714 1952 813 2008 diviua
828 1956 985 2028 sapientia,
996 1956 1045 2009 ulla
1054 1963 1114 2004 sere
1152 1949 1153 1952 ’

129 2040 224 2095 nitate
238 2039 338 2111 iniqua
351 2037 519 2104 iactaverit;
546 2034 662 2109 quando
677 2053 731 2090 noc
743 2035 893 2112 Aegyptus
907 2039 1056 2104 invenitur,
1068 2041 1106 2104 qut
1144 2094 1151 2101 ,

130 2122 206 2178 solet
224 2119 298 2175 falso
311 2128 347 2173 ‘et
365 2120 494 2176 inaniter
507 2117 543 2171 de
563 2135 679 2172 suarum
693 2116 895 2175 doctrinarum
908 2121 1061 2194 antiquitate
1072 2111 1105 2189 git·
1151 2189 1153 2195 A

74 2258 78 2260 .
128 2206 211 2273 riori,
225 2203 421 2277 qualicunque
435 2201 577 2274 sapientia
590 2217 643 2254 sua
655 2199 892 2256 Patriarcharum
907 2205 1104 2257 nostrorumst

13 2328 15 2332 .
61 2353 62 2358 Ἰ
128 2283 200 2360 pore
213 2285 401 2355 praevenisse
416 2283 596 2356 sapientiam.
627 2281 730 2355 Neque
744 2285 821 2338 enim
836 2285 987 2358 quisquam
998 2284 1105 2338 diceros·

129 2366 224 2436 debit,
250 2365 426 2420 mirabilium
446 2365 726 2437 disciplinarumeos
743 2368 938 2438 peritissimos
957 2367 1050 2433 luisse,
1070 2364 1106 2413 salt

128 2464 215 2523 quam
228 2449 327 2503 literae
344 2456 477 2517 nossent,
490 2447 520 2502 id
534 2456 672 2517 est,·ante
685 2453 770 2520 quatur
784 2446 839 2502 Isis
855 2467 889 2503 eo
902 2451 1033 2517 venisset,
1045 2453 1106 2512 eaque
1150 2441 1153 2449 ⁴

128 2531 169 2586 ibi
182 2530 339 2587 docuisset}
366 2529 432 2604 lpsa
445 2547 531 2603 porro
545 2547 646 2584 eorum
658 2530 856 2585 memorabilis
870 2530 1011 2600 doctriua,
1022 2537 1105 2612 quaest¹

126 2614 235 2688 pellata
250 2622 295 2668 est
306 2614 467 2686 sapientia,
493 2611 560 2685 quid
574 2620 647 2681 erat,
660 2613 719 2666 nisi
733 2614 861 2667 maxime
875 2615 1055 2680 astronomia,
1067 2613 1106 2684 ¹til

128 2694 199 2770 quid
217 2694 295 2750 aliud
314 2696 416 2750 talium
436 2693 653 2766 disciplinarum
677 2694 769 2769 tnagis
791 2695 827 2749 ad
846 2697 1006 2751 exercenda
1027 2685 1107 2766 ingeris

128 2795 216 2853 quam
229 2777 266 2834 ad
279 2776 483 2832 illuminandas
497 2793 568 2830 vera
581 2776 724 2847 sapientia
738 2787 851 2831 urentes
864 2780 964 2833 valere
978 2771 1056 2833 soletl
1068 2768 1108 2826 la

128 2855 205 2934 quod
218 2862 323 2915 attinet
337 2858 373 2913 ad
383 2849 606 2933 philosophiam,
620 2875 694 2931 quae
708 2875 740 2912 se
753 2858 858 2913 docere
871 2861 1021 2932 profitetur
1034 2843 1108 2926 mpii,

127 2943 206 2998 unde
219 2942 292 2997 fiant
303 2940 433 2996 homines
447 2939 541 3010 beati,
566 2941 645 2995 circa
662 2949 793 3013 tempora
806 2940 960 3014 Mercurii,
981 2933 1109 3018 quenldt·

23 3073 26 3096 ,
128 3026 284 3102 megistum
296 3030 486 3091 vocaverunt,
500 3023 531 3076 in
546 3023 603 3077 illis
617 3023 703 3077 terris
718 3023 859 3078 eiusmodi
873 3023 970 3079 studia
982 3019 1110 3080 clamem:

127 3107 217 3184 longe
231 3106 347 3181 quidem
360 3115 428 3160 ante
441 3106 588 3177 sapientes
601 3105 648 3160 vel
661 3101 849 3178 philosophos
866 3106 1023 3176 Graeciae,
1045 3099 1111 3158 sedttr
1140 3105 1142 3114 “

127 3203 195 3244 men
209 3197 274 3262 post
285 3185 443 3258 Abraham,
452 3195 482 3241 et
494 3186 585 3256 Isaac,
600 3196 630 3241 et
642 3185 739 3256 laceb,
754 3195 782 3240 et
795 3180 913 3262 loseph3
927 3191 1054 3244 nimirum
1062 3183 1114 3238 etit!
1142 3189 1145 3218 '-

125 3280 192 3344 post
205 3275 299 3344 ipsum
312 3270 444 3344 Moysen,
472 3267 517 3324 Eo
532 3270 635 3343 quippe
649 3277 789 3342 ternpore,
803 3287 861 3343 quo
873 3270 991 3345 Moyses
1004 3280 1074 3327 natus
1084 3267 1114 3324 at,
1145 3322 1149 3335 „

125 3353 218 3408 fuisse
237 3355 381 3426 reperitur
394 3353 474 3408 Atlas
492 3353 541 3406 ille
555 3369 679 3428 maguus
703 3354 893 3430 astrologus,
916 3352 1067 3410 Promethei
1080 3347 1114 3401 ps
1144 3371 1146 3380 ·

1133 2768 1155 2927 M

126 3444 183 3504 ter,
197 3444 346 3490 maternus
364 3453 435 3490 avus
449 3433 589 3490 Mercurii
601 3429 732 3506 maioris,
753 3435 836 3491 cuius
852 3454 945 3512 nepos
959 3437 1015 3496 fuit
1026 3433 1115 3491 Trans
1152 3501 1153 3504 Ἴ

78 3553 81 3556 -
127 3519 219 3594 gistus
233 3517 289 3571 iste
303 3516 474 3574 Mercurius.

518 3598 639 3656 CAP.
681 3597 760 3656 XL.

126 3671 373 3744 De'Aegyptiorarn
384 3678 588 3731 mendacissima
604 3679 739 3740 vanitate,
759 3693 828 3746 qaae
848 3679 1011 3748 antiquitati
1026 3667 1117 3730 mdo

273 3771 278 3782 ·
355 3763 419 3800 suae
429 3758 535 3800 cernam
549 3747 634 3814 millia
644 3747 775 3799 adscribit
785 3765 933 3820 annorum„

111 3819 113 3838 ⁰
184 3821 307 3906 Frustra
326 3835 425 3912 itaque
448 3837 607 3894 vanissima
630 3838 847 3914 praesumtione
869 3838 1005 3916 garriunt
1024 3825 1116 3906 quill&
1152 3821 1153 3824 Ἴ
