2400 4312
185 195 820 306 ¹¹uucuvuruunausuum-uu.
894 251 897 256 -
981 225 1039 280 uua
1095 193 1143 218 ““

85 359 167 443 sentire,
181 363 242 442 etiam
254 367 332 421 carni
347 352 444 430 vitam‘,
451 367 571 442 praebet
584 373 614 424 e't
627 385 755 440 sensum,
774 363 935 427 unitersali
950 389 1037 445 opere

56 500 58 507 y
82 438 197 498 boeuuuus
207 449 276 502 ctiam
288 429 429 521 partubub
443 447 594 506 tribuens?
620 451 660 506 Et
673 452 741 528 quid
754 445 825 528 op‘us
840 463 885 510 est
901 453 1037 512 Vitumno

66 523 253 595 aquusmuol
279 532 361 598 Quod
378 534 405 586 si
424 533 458 588 ab
475 534 527 588 illo
542 535 592 607 qui
603 537 689 591 uitae
700 555 701 558 ¹
712 545 741 590 et
766 536 900 594 sensibus
916 539 1037 594 univer-
1079 539 1084 546 ”

55 632 56 635 ¹
78 607 149 662 taliter
162 613 287 684 praesidet,
314 613 361 668 his
373 617 457 689 quasi
470 603 588 672 famulis
602 619 659 672 ista
673 621 801 674 carnalia
814 622 895 676 velut
908 630 1039 676 extrema
1081 619 1086 626 '

24 704 37 754 u⁸
67 689 266 762 ,etinuounmissa
279 706 367 769 sunt3
394 699 476 754 itane
487 709 556 769 sunt
576 701 620 755 illi
639 703 740 756 selecti
763 701 895 758 destituti
917 704 1039 773 familia,

24 771 43 806 ¹⁷
75 779 100 822 ut
109 776 289 835 nouiuuouirent
302 781 406 856 quibus
420 783 508 838 etiam
521 784 577 854 ipsi
591 785 647 838 ista
662 786 887 856 committerent,
908 785 959 840 sed
973 806 1039 843 cum
1121 847 1123 850 ,

43 886 49 891 -
74 859 119 908 tota
131 872 165 911 sua
176 861 321 933 nobilitate,
350 866 483 938 quasvisi
503 873 572 919 sunt
591 867 751 942 seligendi,
776 885 846 940 opus
860 868 958 922 facere
971 887 1039 924 eum
1099 915 1104 924 .

24 975 25 978 ,
41 964 44 973 ·
75 931 192 1008 ignobilibus
208 943 397 1022 cogerentur?
419 945 494 1003 Iuno
516 949 623 1002 selecta
642 958 672 1002 et
684 951 788 1024 regina
802 947 938 1023 lorisque
953 969 1038 1007 soror

24 1022 53 1066 le
75 1023 183 1095 eleoniur,
205 1025 267 1082 haee
289 1039 389 1089 tamen
409 1027 545 1086 Iterduea
567 1040 611 1086 est
622 1032 734 1101 pueris,
757 1038 870 1102 etopus
885 1031 1037 1088 faciteam

24 1112 57 1162 ts,
74 1094 140 1157 debus
149 1107 344 1183 ignobilissimis
357 1112 476 1168 Abeona
490 1103 660 1168 et'ddeona.
674 1109 718 1166 lbi
731 1123 895 1188 posuerunt
908 1124 938 1170 et
950 1115 1035 1172 Meu-

28 1195 56 1248 ¹⁶³-
67 1185 178 1272 Ιΐῠιιιάιιιι,
200 1211 267 1267 quae
280 1195 371 1250 faciat
381 1198 480 1268 pueris
494 1194 599 1248 bonam
613 1193 750 1264 aientem,
767 1204 807 1250 et
818 1197 897 1256 inter
910 1200 1035 1254 selectos
1096 1203 1105 1212 ’

24 1258 56 1318 sl
64 1273 146 1326 neuun
154 1277 269 1347 punitur,
284 1279 367 1351 quasi
381 1279 534 1351 quiequam
546 1277 640 1330 maius
654 1279 797 1349 praestari
810 1276 921 1346 homiui
933 1283 1034 1354 possit.

24 1357 37 1392 ¹·
51 1336 323 1430 yxptdmrautemluno,
349 1361 415 1434 quia
426 1356 560 1433 Iterduea
571 1367 616 1412 est
630 1368 659 1414 et
668 1358 842 1431 Domiduon,
857 1365 941 1435 quasi
954 1366 1034 1437 quie·
1080 1385 1082 1394 ’

24 1467 29 1490 2
58 1440 195 1511 lttn‘prosit
205 1444 259 1498 iter
272 1458 392 1512 carpere
408 1449 438 1495 et
450 1437 565 1510 domum
579 1439 656 1510 duci,
677 1443 798 1498 timens
813 1462 872 1498 nan
887 1437 932 1500 est
944 1445 1035 1502 bona:
1115 1439 1117 1448 ’

50 1516 225 1580 ,musmonem
239 1524 321 1580 deam
335 1525 491 1579 selectores
505 1525 554 1578 isti
569 1525 648 1593 iuter
662 1526 771 1579 selecta
782 1527 903 1582 numina
915 1530 1035 1584 minime

43 1601 171 1662 binemus.
194 1609 272 1674 Quae
285 1606 420 1678 profecto
437 1616 466 1661 et
478 1606 630 1662 Mineruae
644 1607 741 1662 fuerat
754 1595 965 1680 praeferenda,
988 1613 1035 1683 epi
1087 1659 1090 1664 .
1171 1610 1173 1620 ’

34 1683 70 1740 lu
84 1689 134 1744 ista
154 1693 263 1746 minuta
283 1707 370 1762 opera
389 1707 545 1761 puerorum
557 1693 726 1760 memoriam
740 1691 916 1748 tribuerunt.
961 1693 1034 1758 Quis

28 1766 84 1826 ibn
95 1771 202 1828 dubitet
214 1774 304 1827 multo
325 1791 391 1826 esse
409 1774 513 1838 melius
531 1771 639 1828 habere
657 1773 764 1830 bonam
776 1783 921 1846 mentem,
948 1793 1034 1848 quam

24 1850 164 1912 ωιιιιιιιιιίιιιι
181 1854 394 1929 quantumlibet
406 1852 579 1932 ingenteml
602 1855 695 1912 Nemo
709 1859 788 1912 enim
800 1849 893 1912 malus
907 1866 967 1927 est,
985 1859 1035 1931 qui
1100 1880 1110 1888 ·

24 1927 101 1993 unani
114 1936 201 1992 habet
212 1947 354 1992 mentem:
381 1938 497 2012 quidam
514 1956 585 1994 vero
603 1941 723 2012 pessimi
741 1942 883 1995 memoria
898 1948 967 1996 sunt
979 1943 1034 1995 mi-

24 2021 90 2091 stili,
109 2023 159 2094 qui
172 2029 255 2080 tauto
273 2021 389 2092 peiores
404 2029 511 2094 quanto
526 2023 623 2076 minus
636 2032 760 2095 possunt
772 2023 850 2096 quod
863 2024 937 2078 male
952 2025 1033 2100 eogi-

24 2113 59 2158 unt
70 2104 214 2160 obliuisci.
237 2102 277 2158 Et
289 2113 386 2166 tamen
400 2103 534 2160 Minerva
547 2113 592 2159 est
605 2106 684 2160 inter
698 2107 822 2160 selectos
834 2105 922 2176 deor3
947 2105 1032 2162 Men·

24 2205 51 2242 uu
72 2179 172 2241 autem
195 2186 279 2242 deam
301 2186 476 2242 t'urba.vilis
500 2188 623 2260 operuit.
651 2187 726 2252 Quid
740 2188 775 2244 dc
788 2185 905 2246 Virtute
919 2186 1031 2262 dieaml
1080 2251 1082 2259 ,

24 2268 109 2324 uid'de
122 2264 299 2325 Felicitacel
324 2268 358 2323 de
379 2269 481 2343 quibus
505 2271 537 2324 in
561 2278 664 2342 quarto
684 2270 759 2324 libro
778 2273 869 2326 multa
882 2271 940 2328 iam
953 2272 1031 2328 dixi-

24 2369 74 2406 ,ιιι
98 2370 165 2426 quas
181 2370 249 2408 eum
262 2351 333 2407 deas
346 2350 498 2421 haberent,
525 2353 698 2408 nullum-eis
708 2354 802 2408 locum
811 2355 894 2410 ,inter
908 2357 1030 2411 selectos

24 2451 67 2488 cos
81 2433 141 2489 dare
154 2437 328 2504 valuerunt,
351 2435 400 2490 ubi
414 2434 558 2490 dederunt
570 2434 658 2490 Marti
671 2444 701 2489 et
714 2434 807 2504 Orco,
833 2438 886 2492 uni
899 2435 1031 2493 effectori
1047 2463 1048 2466 ¹

26 2517 135 2588 ortium,
148 2519 239 2574 alteri
251 2519 408 2591 receptori.
482 2537 492 2582 ·,
656 2579 659 2582 ,
783 2545 785 2549 ·

52 2599 121 2656 Cum
134 2603 231 2678 igitur
244 2603 276 2656 in
289 2599 335 2654 his
344 2602 466 2686 minutis
477 2602 622 2680 operibus,
637 2613 711 2675 quae
721 2602 889 2658 minutatim
898 2603 953 2664 diis
964 2606 1029 2676 plu-

24 2702 67 2740 ιιιι
81 2683 240 2752 distributa
253 2692 338 2752 runt,
366 2685 452 2738 etiam
468 2685 548 2755 ipsos
562 2683 684 2739 selectos
698 2684 864 2755 videmnus,
891 2693 1039 2760 tanquam,
1063 2741 1065 2748 ,

24 2776 121 2822 uatum
135 2785 202 2822 cum
216 2767 301 2840 plebe
313 2767 426 2840 pariter.
437 2768 570 2840 operari,
586 2777 617 2821 et
629 2768 814 2822 inveniamus
827 2787 844 2823 a
859 2768 1030 2842 quibusdam

24 2851 54 2920 is,
77 2852 128 2924 qui
141 2868 330 2924 nequaquam
344 2849 489 2926 seligendi
502 2847 595 2922 putati
609 2859 693 2918 sunt,
715 2852 805 2906 auulto
819 2852 931 2908 maiora
943 2861 1030 2924 atque
1124 2909 1125 2916 χ

24 2935 107 2988 ιΙὶιιιιι
121 2929 338 3010 administrari,
353 2950 438 3006 quam
451 2933 486 2987 ab
500 2926 558 2986 illis
573 2935 623 3006 qui
638 2934 739 2987 selecti
754 2943 911 3004 uocantur3
937 2944 1030 2989 restat
1122 2998 1125 3008 Ι

24 3017 141 3086 bimari,
171 3034 232 3071 non
251 3025 371 3090 propter
388 3016 617 3086 praestantiores
632 3017 663 3070 in
677 3011 784 3071 mundo
799 3013 1028 3088 administratio-

24 3118 48 3170 ι,
63 3098 202 3172 sedquia
215 3099 353 3171 prouenit
369 3098 410 3151 eis
423 3107 457 3152 nt
468 3098 581 3170 populis
594 3099 687 3174 magis
701 3100 935 3168 innotescerent,
954 3099 1036 3152 selc-'
1052 3133 1053 3136 =

24 3201 46 3236 ιι
60 3200 113 3238 eos
129 3190 163 3236 et
175 3182 346 3254 praecipuas
361 3188 555 3254 nuncupatos
576 3177 659 3235 Vnde
669 3180 742 3236 dicit
753 3183 842 3238 etiam
852 3184 914 3254 ipse
924 3178 1028 3248 Varro,

24 3265 60 3322 ad
74 3263 134 3318 diis
149 3261 323 3336 quibusdam
336 3264 468 3335 patribus
483 3272 512 3317 et
526 3261 632 3317 deabus
646 3264 798 3334 matribus,
813 3266 889 3318 sieut
902 3259 1028 3316 homini-

24 3367 48 3419 s,
61 3347 240 3425 ignobilitas
255 3346 419 3402 accidisset.
443 3343 477 3410 Si
491 3362 562 3421 ergo
576 3345 714 3401 Felicitas
729 3346 794 3402 ideo
808 3347 936 3404 fortasse
950 3345 1029 3399 inter

24 3433 111 3486 lectos
126 3429 198 3484 deos
214 3445 353 3498 essenon
367 3427 482 3496 debuit,
502 3427 586 3501 ,quod
606 3428 642 3482 ad
660 3430 747 3484 istam
760 3428 948 3510 ¹nobilitatem
967 3444 1029 3482 non

24 3517 102 3584 rito,
117 3512 173 3568 sed
184 3509 312 3570 fortuitu
324 3503 539 3584 pervenerunt3
566 3511 670 3566 saltem
681 3512 853 3578 interillos,
870 3510 919 3564 vel
930 3509 1028 3580 potius

24 3616 52 3652 se
67 3598 129 3651 illis
143 3594 277 3650 Fortuna
290 3600 464 3666 poneretur,
480 3609 565 3665 quam
579 3591 679 3648 dieunt
692 3592 775 3648 deam
788 3609 849 3648 non
862 3591 1030 3652 rationabili

24 3681 199 3754 aperitione,
215 3674 267 3728 sed
280 3684 314 3729 ut
326 3684 435 3730 temere
448 3673 598 3744 aecide'rit,
613 3694 665 3730 sua
678 3676 781 3749 cuique
795 3672 872 3728 dona
885 3673 1028 3736 conferre.

24 3781 69 3816 see
82 3764 114 3817 in
130 3761 190 3814 diis
204 3759 321 3814 selectis
335 3766 435 3812 tenere
448 3759 561 3829 apicem
580 3756 693 3825 debuit,
719 3759 751 3811 in
776 3755 1030 3832 quibuamaxime
1051 3793 1052 3796 =
1083 3791 1085 3794 ·

28 3843 57 3898 id
69 3850 175 3918 posset
188 3831 331 3914 estendit:
352 3840 466 3920 quando
482 3858 531 3895 eos
542 3838 677 3896 ‘uidemus
691 3857 751 3895 non
765 3840 923 3919 praecipua
935 3843 1034 3901 uirtu-

344 4083 361 4116 l
