2340 4312
155 184 215 242 104
303 189 307 200 ,
376 107 958 240 urvruvnmhriorsrmr

74 355 78 370 ι
154 340 202 400 ter
214 335 361 403 apparent,
375 329 444 402 quie
453 337 486 396 ¹et
496 329 576 384 illius
591 329 689 404 gentis
701 330 788 394 unius
802 331 968 406 multitudo,
984 348 1041 405 quac
1050 347 1109 386 seur·
1141 329 1164 382 b

155 411 224 467 dum
239 429 357 467 carnem
371 420 440 470 notu
454 421 499 465 est
513 428 550 466 ex
562 409 705 470 Abraham
724 429 777 485 per
796 414 857 466 cius
878 407 1002 485 nepotem
1012 412 1085 480 lucob,
1096 413 1118 472 ir,
1145 411 1164 463 h

154 503 271 549 tuntum
285 494 394 563 erevit,
415 503 448 547 ut
459 511 534 566 pene
548 511 647 552 omnes
660 503 757 566 partos
772 495 851 558 orbis
865 497 1022 566 impleverit.
1044 493 1072 554 Et
1080 492 1122 550 ido.
1154 512 1161 533 ι

155 577 250 649 potuit
263 585 291 630 et
304 577 367 648 ipsu
379 574 538 630 secundum
551 574 729 649 hyperbolen
747 594 855 638 arenae
875 577 1039 636 multitudini
1049 592 1123 645 eoum·

156 659 238 728 rari'5
261 660 327 730 quio
343 666 372 714 et
383 654 454 720 haec
468 659 530 716 solo
543 659 696 712 innumero
710 668 754 712 est
767 656 888 722 homini.
920 657 1031 717 Terram
1040 657 1120 728 certei-
1160 675 1164 706 ι

63 759 66 766 ·
156 729 319 794 lam¹solam
333 738 536 813 significatum,
551 757 624 811 quoe
638 741 779 809 appellate
794 749 838 795 cst
852 739 1000 810 Chamon,
1019 753 1133 794 nemnem

156 821 240 896 bigit.
266 820 324 876 seu
339 818 413 892 quod
426 818 535 878 dictum
549 828 603 889 cst,
621 818 687 882 Tibi
700 821 772 880 dodo
785 841 859 889 cem,
875 833 904 881 et
916 823 1015 878 semini
1026 833 1065 876 mo
1074 805 1125 893 mm

157 906 188 957 in
202 902 365 964 saeculum:
379 909 474 974 potest
483 920 602 958 movere
613 905 780 972 nonnulloS‚
796 905 821 956 si
830 921 921 978 usquc
935 908 964 960 in
977 901 1128 962 soeculumiu·
1162 934 1163 941 κ

158 986 292 1059 telligaut
306 985 336 1038 in
351 991 510 1042 aeternum.
541 981 575 1040 Si
588 987 685 1038 nutem
700 986 729 1038 in
743 985 892 1046 soeculum
905 986 960 1041 hoc
973 989 1030 1040 loco
1042 985 1076 1038 sie
1085 982 1128 1036 mi·

157 1067 250 1138 pient,
263 1063 500 1156 qucnrodmodum
513 1063 637 1122 fideliter
650 1074 793 1134 tenemus,
813 1067 929 1124 initium
943 1068 1030 1125 futuri
1041 1065 1136 1146 saeculi

157 1147 216 1201 fine
230 1148 392 1220 praesentis
409 1147 509 1212 ordiri,
525 1145 598 1204 nihil
612 1165 661 1204 cos
675 1147 819 1204 movebit:
841 1150 910 1221 quio
925 1143 1132 1223 etsiexpulsim,

117 1262 123 1266 —
157 1227 307 1287 Isre'c'litae
326 1228 361 1282 de
380 1227 608 1302 Hierosolymis,
633 1239 753 1286 monent
772 1238 871 1286 tomen
890 1232 921 1285 in
943 1233 1005 1288 aliis
1019 1227 1138 1304 civitatib

157 1319 254 1364 terrac
268 1307 417 1380 Chunoan,
432 1320 461 1366 ct
473 1329 564 1384 usque
577 1312 608 1364 in
622 1310 709 1366 finem
722 1311 896 1366 monebunt:
917 1323 946 1367 ct
959 1313 1081 1368 universe
1090 1319 1118 1372 te¹
1133 1327 1136 1370 j

157 1393 208 1447 illo
235 1412 300 1452 cum
323 1390 344 1449 o'
366 1391 541 1452 Christianis
567 1391 760 1466 inhabitatur,
787 1395 876 1454 ctiam
901 1396 995 1474 ipsum
1018 1409 1097 1454 semen
1117 1416 1142 1469 ῆς)

158 1472 298 1535 Abrahae.

523 1557 545 1615 C
568 1557 646 1626 ΑΡ.
688 1554 766 1614 XX
779 1557 792 1612 I
805 1556 826 1617 I.

158 1648 202 1705 De
212 1653 346 1722 superatis
356 1654 391 1705 ob
400 1653 535 1705 Abrabam
546 1653 664 1706 hostibus
677 1653 857 1716 Sodomorum,
872 1655 978 1723 quondo
988 1663 1014 1706 et
1022 1651 1084 1706 Lotb
1091 1651 1140 1700 dcet·

146 1727 149 1732 '
233 1723 364 1790 ptc'oitotc
375 1723 490 1791 cripuit,
506 1723 559 1773 eto
572 1722 745 1773 Melchisedec
755 1723 892 1774 sacerdote
905 1723 1050 1774 benedc'ctur
1060 1730 1096 1772 est.
1148 1746 1149 1751 =

223 1809 288 1866 Hoc
306 1831 444 1886 responso
462 1812 662 1883 promissionis
684 1821 802 1882 accepto
821 1812 962 1886 migravit
977 1802 1141 1871 Abraham&

108 1955 109 1958 Ἰ
161 1894 270 1948 monsit
283 1895 314 1949 in
329 1897 386 1952 olio
402 1893 528 1950 eiusdem
541 1901 638 1951 terrae
651 1894 725 1963 loco,
740 1892 839 1962 idest,
853 1889 938 1947 iuxta
952 1909 1078 1966 quereum
1087 1883 1141 1942 llan-

161 1975 242 2045 brae,
258 1993 331 2049 quoe
346 1986 408 2033 crnt
421 1975 550 2032 Hebron.
582 1973 696 2032 Deinde
710 1976 744 2028 ub
758 1973 888 2030 hostibus
903 1978 954 2048 qui
968 1973 1088 2030 Sodomis
1098 1969 1142 2020 im·

163 2067 261 2126 erunt,
286 2076 372 2130 quum
386 2061 513 2135 quinque
534 2075 619 2132 reges
634 2051 770 2118 adversus
784 2066 909 2128 quotuor
922 2058 1029 2118 bellum
1040 2051 1149 2130 gereretis¹

162 2149 193 2193 et
204 2140 289 2194 victis
301 2138 458 2194 Sodomitis
471 2138 558 2194 etium
567 2136 642 2198 Loth
657 2147 755 2212 coptus
770 2147 858 2207 esset,
872 2138 1008 2196 liberavit
1023 2155 1079 2190 eum
1088 2130 1144 2190 llo

161 2218 238 2288 hum,
259 2219 389 2274 adductis
404 2238 505 2276 secum·
516 2221 545 2276 in
560 2221 702 2293 proelium
721 2223 862 2276 trecentis
882 2219 1025 2274 decernet
1041 2226 1094 2272 octo
1106 2225 1144 2264 ret·

61 2313 63 2316 '
162 2301 274 2357 noculis
289 2303 363 2356 suis:
388 2310 417 2358 ct
429 2303 582 2366 victorium
596 2301 665 2360 fecit
678 2299 738 2382 [de]
755 2302 872 2376 regibus
887 2300 1082 2366 Sodomorum,
1092 2289 1145 2350 nihii·

163 2401 218 2457 que
238 2383 394 2454 spoliorum
413 2383 528 2437 auferre
550 2385 658 2451 voluit,
682 2402 768 2456 quum
781 2401 835 2436 rex
847 2385 896 2440 eui
909 2385 1021 2443 vicerat
1032 2377 1144 2436 obtulisset

136 2480 138 2485 ’
162 2463 222 2520 Sed
235 2465 321 2535 plone
335 2473 404 2520 tduc
417 2465 586 2520 benedictus
601 2473 646 2520 est
659 2485 675 2520 a
689 2463 897 2534 Melchisedec,
918 2467 968 2539 qui
982 2465 1043 2519 erat
1055 2453 1146 2516 sacerdot

128 2549 129 2556 ’
162 2543 220 2602 Dei
234 2549 357 2602 excelsi:
383 2547 417 2602 de
436 2566 493 2620 quo
512 2548 543 2604 in
565 2549 687 2620 epistole
709 2565 781 2619 quae
801 2548 970 2614 inscribitur
984 2546 1020 2600 ad
1033 2544 1147 2602 lienam

163 2645 250 2701 quom
267 2631 365 2703 plures
378 2629 509 2702 Apostoli
522 2626 606 2688 Pauli
627 2648 690 2696 csse
709 2627 826 2698 dieunt,
849 2629 967 2702 quidam
983 2634 1053 2686 ‘vcro
1070 2623 1147 2699 regul

100 2751 102 2764 .
162 2712 255 2764 multa
269 2720 297 2765 ct
317 2729 429 2787 magno
441 2712 602 2784 conscripto
621 2721 699 2770 sunt.
735 2709 778 2768 lbi
796 2712 901 2784 quippe
920 2715 1044 2785 primum
1060 2699 1149 2783 opperit

163 2791 349 2863 sucrificium,
363 2792 440 2866 quod
454 2811 531 2847 nunc
545 2812 561 2847 n
575 2791 748 2852 Christianis
763 2790 883 2852 offertur
898 2793 963 2854 Deo
977 2805 1037 2849 toto
1051 2792 1149 2849 orbem·

161 2891 279 2944 rurum,
302 2877 493 2952 impleturque
506 2875 579 2932 illud
595 2874 670 2949 quod
684 2877 771 2950 longe
784 2871 916 2948 posthoc
931 2877 1042 2934 sactum
1054 2891 1098 2948 per
1108 2869 1164 2925 Pttl

90 3005 92 3010 ,
161 2953 277 3032 phetam
291 2954 396 3010 dicitur
407 2957 442 3010 nd
453 2955 612 3026 Christum,
627 2958 675 3030 qui
684 2956 783 3012 fueret
796 2955 889 3016 adhuc
900 2963 1042 3029 venturus
1053 2959 1080 3011 in
1091 2964 1151 3009 earth

18 3043 20 3052 '
108 3091 111 3096 ,
165 3035 209 3094 Tu
229 3056 259 3094 es
278 3039 417 3093 sacerdos
437 3041 466 3093 in
489 3048 640 3096 oeternum
662 3039 817 3098 secondom
842 3041 975 3098 ordinem
994 3032 1152 3097 Metellum

161 3117 229 3177 Nou
249 3122 361 3175 scilicet
379 3120 540 3174 secundum
559 3121 689 3174 ordinem
709 3121 818 3176 Aaron:
843 3125 893 3194 qui
914 3122 985 3178 ordo
1000 3123 1090 3179 fueret
1104 3110 1154 3171 uuit

38 3215 39 3218 ’
101 3227 103 3232 s
152 3203 272 3277 roudus
286 3203 517 3262 illucescentibus
530 3203 626 3276 rebus,
641 3221 713 3282 quoe
726 3203 785 3256 illis
799 3204 908 3264 umbris
922 3205 1147 3279 praenotabantur·

516 3365 638 3423 CAP.
681 3364 843 3424 XXIII.
925 3371 931 3380 '

163 3459 207 3513 De
217 3455 293 3514 verbo
304 3460 416 3528 Domini
425 3463 462 3514 od
469 3460 620 3526 Abrohom,
640 3479 690 3530 quo
702 3463 727 3514 ei
739 3461 914 3532 promittitur
924 3465 1066 3518 secundum
1075 3456 1160 3513 neuim·

224 3532 310 3582 dinem
320 3535 459 3583 stellarum
468 3532 671 3600 rrcultr'plc‘coodo
680 3533 844 3600 posteritas:
861 3535 934 3602 quod
941 3536 1049 3586 credent
1059 3529 1125 3584 iusti·

345 3673 349 3680 ⁴
364 3600 468 3669 flectus
479 3611 519 3651 cet
530 3599 616 3652 adbuc
626 3601 654 3651 io
661 3601 807 3668 praeputio
817 3603 993 3653 constitutus.
1031 3643 1035 3650 .

226 3685 324 3742 Etiam
337 3698 407 3743 tunc
426 3689 533 3744 factum
547 3697 590 3743 est
603 3690 723 3745 verbum
735 3690 856 3746 Domini
871 3691 908 3746 ad
923 3691 1065 3748 Abraham
1077 3690 1102 3744 in
1113 3683 1161 3740 mu

165 3768 222 3832 (lui
237 3771 362 3842 quumei
375 3761 589 3844 protectionem
599 3773 817 3848 mercedemque
829 3775 1018 3847 promitteret
1028 3771 1104 3830 valde
1113 3761 1162 3823 nd·
