2324 4312
598 25 606 52 0

185 207 880 302 ιιιιιινιιιιιιιιιιιιιιιιιιιγ
959 231 1019 288 su

28 372 154 427 vitutem
168 373 223 445 ipsi
232 363 358 445 quodam
372 359 456 426 modo
470 371 592 427 liberam
606 371 728 445 faciant3
751 385 811 431 non
826 357 933 432 timore
947 375 1026 435 sub}

28 474 69 524 J,
92 448 143 508 sed
156 454 235 508 lideli
250 454 406 509 dilectione
421 453 591 524 serviendo,
614 456 706 511 donec
720 466 851 512 transeat
864 459 1026 540 iniquitas,

28 545 189 593 vacuetur
197 537 291 592 omnis
304 538 495 612 principatus,
510 546 539 592 et
552 546 681 634 potestas
693 536 830 616 humana,
845 550 875 596 et
886 543 924 596 sit
936 542 1015 612 Deus
1035 603 1041 606 ,
1078 604 1086 610 ,

28 621 82 676 nia
94 621 125 676 in
139 619 281 694 omnibus

316 663 665 759 enr.xvi

294 779 338 833 De
358 796 442 850 aequo
461 780 521 833 iure
541 781 723 836 queribundi„

44 870 191 936 Quocirca
205 871 320 930 etiamsi
333 867 499 927 babuerunt
511 883 611 928 servos
630 865 702 928 iusti
718 882 817 949 patres
838 876 949 945 nostri,
975 878 1017 938 sic
1109 933 1111 938 ,

28 949 100 1007 ffiem
111 951 354 1012 administrabant
374 953 561 1009 domesticam
578 972 697 1030 pacem,
721 966 753 1013 ut
775 957 931 1012 seeundum
946 956 1017 1015 haec

28 1037 156 1109 rporalia
168 1037 261 1106 bona,
275 1035 402 1093 filiorum
416 1045 524 1105 sortem
536 1055 554 1093 a
567 1055 718 1094 servorum
732 1039 899 1110 conditione
914 1040 1017 1096 distin-

28 1127 125 1190 erent3
140 1118 177 1174 ad
190 1117 286 1194 Deum
300 1127 396 1175 autern
411 1117 581 1192 colendum,
605 1122 637 1175 in
652 1138 709 1195 quo
725 1132 845 1178 aeterna
858 1124 936 1178 bona
951 1142 1016 1197 spe-

31 1199 76 1256 da
89 1210 172 1272 sunt,
198 1202 331 1257 omnibus
345 1202 447 1258 domus
462 1220 532 1257 suae
546 1202 681 1280 membris
695 1206 759 1276 pari
774 1204 931 1260 dilectione
945 1225 1016 1262 eon-

28 1292 123 1339 erent.
147 1283 230 1350 Quod
244 1287 387 1340 naturalis
402 1284 473 1341 ordo
487 1286 528 1342 ita
540 1286 723 1359 praescribit,
736 1296 769 1342 ut
783 1306 889 1343 nomen
902 1297 1017 1362 patrum
1069 1283 1074 1290 “

28 1365 108 1422 tilius
120 1365 189 1423 hinc
204 1377 341 1422 exortum
355 1368 404 1439 sit,
418 1377 449 1424 et
461 1376 520 1423 tarn
530 1369 587 1423 late
600 1370 758 1445 vulgatum,
773 1379 806 1425 ut
818 1371 918 1443 inique
932 1374 1019 1428 etiam

28 1451 170 1505 minantes
187 1448 242 1506 boe
261 1467 292 1504 se
310 1450 458 1527 gaudeant
475 1452 622 1530 appellari.
659 1452 716 1517 Qui
734 1461 831 1507 autem
843 1453 907 1507 veri
921 1463 1017 1526 patres

28 1532 108 1587 silias
126 1542 213 1604 sunt,
241 1531 373 1588 omnibus
392 1535 425 1589 in
439 1534 550 1589 fanrilia
563 1552 616 1589 sua
635 1542 772 1609 tanquam
786 1534 854 1589 liliis
868 1535 904 1590 ad
919 1538 1018 1591 colen-

28 1631 55 1670 ιι
77 1624 106 1669 et
129 1615 353 1689 promerendum
378 1615 475 1672 Deum
502 1617 674 1688 consulunt3
706 1615 905 1672 desiderantes
931 1627 1018 1692 atquc

28 1707 116 1753 antes
131 1699 234 1753 venire
247 1697 284 1753 ad
301 1699 456 1768 coelestem
470 1699 601 1770 domum,
628 1699 679 1754 ubi
697 1701 894 1755 necessarium
908 1717 967 1755 non
981 1702 1019 1756 sit

28 1781 112 1836 nium
124 1780 287 1854 imperandi
299 1782 486 1852 mortalibus,
513 1783 580 1855 quia
601 1783 801 1836 necessarium
814 1801 873 1836 non
887 1783 943 1836 erit
957 1781 1017 1837 offi-

28 1877 64 1916 ιιι
76 1857 269 1942 consulendi'
260 1881 318 1918 ram
331 1864 363 1918 in
376 1866 426 1919 illa
439 1864 659 1919 immortalitate
682 1864 828 1920 felicibus:
855 1883 923 1938 quo
927 1864 1018 1940 donce

28 1946 129 2017 riatur,
144 1947 237 2022 magis
251 1946 357 2002 debent
368 1956 465 2020 patres
479 1947 557 2021 quod
571 1947 767 2016 dominantur,
782 1965 866 2020 quam
880 1949 956 2002 servi
972 1935 1018 2001 to-

28 2041 79 2082 rre
93 2027 168 2104 quod
182 2030 323 2084 serviunt.
347 2027 380 2085 Si
394 2031 459 2104 quis
473 2039 570 2086 autem
583 2030 614 2084 in
629 2028 712 2084 donia
725 2048 777 2103 per
790 2021 1018 2084 inobedientiam

28 2113 165 2166 nesticae
178 2112 244 2184 paci
258 2111 440 2183 adversatur,
460 2114 628 2186 corripitur,
643 2130 694 2166 seu
707 2113 806 2184 verbo,
821 2130 872 2167 seu
886 2113 1017 2182 verbere,
1077 2187 1078 2190 Ἴ
1126 2147 1127 2150 =

55 2195 182 2267 quolibet
194 2195 252 2250 alio
265 2213 374 2270 genere
386 2213 497 2268 poenae
510 2195 589 2250 iusto
599 2204 699 2271 atque
703 2196 785 2250 licito
792 2204 955 2269 ,quantum
969 2213 1017 2249 so-

28 2273 76 2330 t¹as
86 2275 212 2333 humana
225 2277 367 2348 concedit,
380 2295 433 2350 pro
448 2279 509 2332 eius
524 2279 576 2354 qui
587 2279 743 2350 corripitur
758 2278 894 2347 utilitate,
909 2286 941 2331 ut
953 2278 1019 2350 paci

28 2353 64 2411 lc
76 2357 242 2415 dissiluerat
255 2368 414 2433 coaptetur.
429 2357 512 2415 Sicut
522 2360 600 2414 enim
612 2365 671 2414 non
686 2368 731 2415 est
743 2359 953 2416 beneficentiae
968 2360 1018 2414 ad-

31 2440 110 2496 ando
132 2437 260 2513 efficere,
282 2451 315 2498 ut
328 2441 435 2498 Ιιιιιιιιιιι
449 2440 524 2515 quod
537 2443 631 2496 maius
646 2450 690 2496 est
703 2443 871 2512 ancittatur3
897 2444 938 2496 ita
958 2461 1018 2498 non

42 2523 228 2580 innocentiae
240 2523 423 2598 parcendo'
399 2541 508 2593 sinere,
520 2532 554 2578 ut
564 2524 595 2578 in
606 2525 714 2577 malum
726 2525 849 2598 gravius
863 2523 1018 2580 incidatur.

28 2606 118 2666 rtinet
131 2625 202 2688 ergo
216 2607 253 2662 ad
265 2607 433 2662 innocentis
448 2599 587 2682 officium,
603 2623 664 2660 non
679 2607 774 2658 solum
788 2607 898 2660 nemini
911 2608 1020 2662 nialum

28 2683 111 2759 hrre,
123 2707 226 2745 verum
239 2683 327 2745 etiam
341 2687 476 2744 cohibere
489 2705 506 2742 a
518 2695 651 2760 peccato,
675 2687 722 2742 vel
735 2687 841 2759 punire
853 2697 1019 2760 peceatum3
1095 2683 1097 2690 ’

28 2772 103 2824 aut
94 2789 154 2844 ipse
168 2789 218 2845 qur
209 2772 384 2846 plectitur,
408 2771 573 2846 corrigatur
592 2769 808 2842 experimento,
833 2777 883 2824 aut
895 2771 945 2823 alii
960 2779 1019 2825 ter-

28 2860 107 2908 tutur
120 2856 263 2928 exemplo.
295 2854 370 2919 auio
387 2854 478 2929 igitur
491 2851 616 2907 hominis
632 2851 732 2907 donrur
747 2851 864 2916 initium
877 2852 939 2906 sive
952 2870 1019 2924 par-

28 2931 79 2987 ula
92 2935 175 3010 debet
189 2955 254 2992 esse
268 2936 414 3006 civitatis,
438 2953 524 2990 omne
543 2945 640 2989 autem
655 2933 771 2989 initium
784 2929 821 2988 ad
834 2935 960 3008 aliquem
973 2933 1021 2990 sui

28 3017 103 3071 neris
116 3003 219 3087 finem,
242 3028 272 3075 et
281 3019 379 3076 omnis
393 3035 459 3090 pars
473 3017 510 3086 ad
523 3013 665 3087 universi,
686 3017 769 3071 euius
782 3034 849 3089 pars
865 3025 919 3084 est,
943 3017 1020 3072 intc-
1081 3015 1083 3018 ’

28 3089 123 3155 itatem
139 3100 282 3172 refertur;
305 3101 375 3156 satis
390 3107 510 3174 apparet
523 3116 586 3153 esse
600 3117 797 3173 consequens,
821 3108 854 3154 ut
867 3097 903 3154 ad
902 3115 1021 3171 pacem

28 3174 109 3236 icam
120 3201 179 3255 pax
193 3182 362 3240 domestica
367 3181 529 3251 referatur,
548 3179 579 3235 id
593 3190 650 3251 est,
664 3191 698 3238 ut
711 3180 845 3237 ordinata
857 3163 1020 3254 imperandi

28 3255 198 3340 ediendique
217 3264 374 3320 eoncordia
392 3261 620 3320 cohabitantium
638 3263 783 3318 referatur
802 3262 838 3318 ad
856 3263 1020 3318 ordinatam

28 3347 148 3406 Perandi
160 3346 372 3420 obediendique
386 3345 615 3402 eoncordiam'
590 3345 707 3401 civium.
740 3343 784 3400 lta
797 3343 841 3413 fit,
856 3354 890 3400 ut
904 3347 1020 3421 exlege

28 3417 115 3482 'itatis
128 3438 284 3504 praecepta
293 3447 409 3486 sumere
420 3438 534 3502 patrem
547 3427 676 3484 familias
687 3435 829 3502 oporteat,
848 3427 952 3501 quibus
967 3427 1020 3482 do-

28 3511 69 3557 am
81 3526 161 3566 ruam
174 3512 217 3568 sie
229 3521 325 3587 regat,
338 3520 372 3568 ut
385 3512 425 3566 sit
436 3513 501 3583 paci
514 3510 728 3568 accommodata
744 3509 881 3565 civitatis

259 3617 263 3624 ”
351 3623 476 3681 CAP.
518 3621 651 3680 XVll.

28 3691 68 3744 Νι
78 3703 195 3756 eoelestis
218 3699 339 3754 Societas
361 3713 546 3822 camaterrepa
558 3699 778 3768 Civitatepacem
794 3700 906 3765 babeat,
917 3707 944 3754 et
954 3705 1023 3755 erade

438 3787 507 3822 mcor
525 3787 588 3823 ιιιιι.

56 3832 111 3898 Sea
123 3845 225 3900 domus
237 3841 387 3900 homiuum
404 3845 455 3939 qui
469 3862 531 3900 non
547 3843 651 3899 vivunt
664 3859 702 3898 ex
715 3840 785 3914 lide,
808 3859 911 3916 pacem
931 3851 1007 3899 terre
