2310 4306
81 211 83 216 ’
131 230 192 286 sao
330 185 331 190 Ν
362 217 460 279 orvs
482 177 671 276 arianen
693 217 950 276 aversurus

135 381 197 437 deri
211 385 277 453 post
287 373 534 432 resurrectionem
545 370 655 434 Christi
665 371 821 444 oportebat
835 372 864 427 in
877 390 910 426 ea
921 371 1099 446 civitatemque
1124 364 1145 407 ¹·

63 495 64 498 ¹
136 463 237 520 debuit
255 460 386 534 incipere
402 457 450 511 lex
474 454 616 524 secunda,
642 453 698 509 hoc
721 465 780 524 est,
806 453 1010 512 Testamentum
1028 471 1098 510 nonu
1143 465 1149 501 ¹

133 547 231 602 Prima
245 544 323 599 enim
336 541 394 597 tuit
411 557 448 594 ex
466 547 564 594 monte
578 536 651 593 Sina
673 555 727 610 per
739 535 884 613 Moysen,
909 537 978 613 quod
988 536 1099 593 Testaucr·
1123 540 1149 570 ‘⁷1

28 619 34 630 ⁴
134 641 195 685 tum
214 634 337 684 uocatur
353 632 447 680 retus.
486 621 531 678 De
548 620 603 676 hac
623 629 718 676 autem
736 625 811 694 quac
833 639 888 696 per
906 620 1032 678 Christum
1047 618 1100 674 daris
1130 617 1134 628 '

135 699 214 782 crat,
236 707 417 783 praedictum
430 714 495 767 ,ests
517 703 566 760 Ea·
577 701 647 760 Sion
655 703 781 780 prodiet
794 705 858 775 lec,
882 716 910 762 et
922 704 1022 761 valum
1031 701 1101 758 Doris
1124 710 1134 737 ’-

79 835 84 840 -
135 814 173 852 er
185 791 384 848 Hierusalem.
398 787 489 854 ¹Vnde
504 797 533 842 et
545 787 607 861 ipse
620 804 671 860 per
685 805 787 841 omnes
802 799 907 865 gentes
921 788 990 842 dixit
999 779 1106 860 praedicari¹
1127 810 1130 815 ·
1145 793 1149 833 t

135 884 269 951 oportere
282 874 314 928 in
328 872 447 928 nomine
461 888 513 925 suo
531 871 758 943 poenitentiam,
786 871 838 926 scd
852 881 947 927 tamen
960 867 1108 944 iucipienth
1130 881 1149 918 u

80 971 87 984 ¹
135 960 170 1014 ab
184 957 381 1013 Hierusalem.
398 953 441 1009 lbi
453 970 524 1029 ergo
539 971 659 1007 exorsus
673 961 719 1007 est
730 951 816 1008 huius
831 956 956 1010 nominis
970 955 1053 1020 cultus,
1063 941 1104 1005 uid
1127 948 1134 959 '

136 1040 283 1098 Christum
297 1035 402 1107 lesum,
416 1036 466 1111 qui
481 1034 639 1091 crucifixus
652 1035 751 1091 fuerat
765 1045 795 1091 ct
807 1046 1011 1106 resurrexerat,
1022 1033 1101 1090 eredere

136 1133 193 1180 tur.
215 1120 258 1177 Ibi
270 1119 343 1175 haec
356 1119 427 1174 fides
439 1117 683 1195 tam'insignibus
700 1119 795 1174 initiis
813 1119 980 1189 incanduit,
1001 1127 1028 1173 ut
1041 1118 1104 1189 aliqn
1127 1125 1149 1184 β

33 1204 36 1209 ’
135 1205 282 1261 hominum
301 1199 393 1257 millia
410 1202 442 1256 in
456 1199 565 1257 Christi
585 1217 691 1256 nonren
709 1201 836 1256 mirabili
850 1204 996 1258 alacritate
1008 1213 1107 1284 convetu,
1126 1205 1149 1264 Ι

104 1285 106 1292 ’
135 1287 263 1364 venditis
276 1286 336 1340 suis
349 1283 436 1339 rebus
449 1293 483 1338 ut
496 1285 597 1360 egenis
617 1282 882 1356 distribuerentur,
907 1286 1040 1360 proposito
1049 1299 1096 1337 san
1106 1327 1107 1337 .

136 1380 166 1425 et
183 1368 388 1425 ardentissima
408 1367 530 1422 caritate
551 1366 586 1422 ad
605 1375 806 1442 paupertatem
823 1370 1111 1440 voluntariampernr.

113 1521 115 1526 ι
135 1463 213 1523 rent,
235 1461 321 1526 atque
332 1452 411 1505 inter
425 1450 582 1505 frementes
597 1459 627 1504 et
638 1450 815 1526 sanguinem
829 1452 962 1507 sitientes
976 1450 1080 1516 ludaeos,
1105 1476 1109 1493 ι
1142 1465 1149 1499 ι

135 1553 229 1609 usque
243 1533 279 1589 ad
292 1542 413 1589 mortem
426 1551 479 1606 pro
491 1535 615 1589 veritate
629 1541 753 1604 certare,
766 1552 825 1589 non
841 1545 952 1590 armata
964 1532 1077 1609 potentis,
1095 1562 1099 1571 =

106 1619 111 1626 ’
135 1607 298 1694 potentiore
312 1617 455 1690 patientia
467 1625 684 1690 praepararent.
702 1613 767 1672 Hoc
781 1619 808 1671 si
820 1619 911 1673 nullis
924 1619 1036 1695 magicis
1047 1610 1092 1670 arrii

49 1765 51 1768 ,
136 1703 245 1758 factum
259 1710 320 1770 est,
334 1717 387 1755 cur
400 1699 517 1755 eredere
532 1699 684 1769 dubitant,
709 1699 811 1755 eadem
823 1702 933 1756 virtute
947 1701 1036 1756 divina
1047 1703 1106 1772 perte
1132 1694 1149 1750 h

136 1796 198 1840 tum
219 1783 358 1839 mundum
375 1782 404 1837 id
424 1781 486 1836 lieri
503 1784 632 1855 potuisse
650 1801 707 1856 qua
725 1781 780 1838 hoc
798 1784 909 1839 iactum
933 1780 991 1839 esti
1020 1782 1047 1838 Si
1058 1798 1095 1835 au
1136 1814 1138 1819 ,

137 1878 169 1925 ut
186 1867 399 1942 Hierosolymis
422 1867 463 1919 sio
484 1865 519 1920 ad
542 1859 649 1920 cultum
675 1867 802 1922 nominis
827 1865 938 1923 Christi
962 1864 1084 1924 accendor
1106 1919 1110 1936 ᾖ

137 1960 219 2008 tanta
237 1945 386 2005 hominum
405 1945 575 2018 multitudo,
601 1966 676 2022 quae
700 1950 781 2004 illum
807 1950 837 2004 in
863 1969 967 2019 eruce,
992 1951 1033 2006 vel
1051 1946 1089 2002 irs
1114 1990 1116 1995 .

137 2034 348 2109 prensun1,vel
361 2033 467 2087 riserat
480 2029 581 2100 fixuris,
595 2032 838 2106 iammaleiicium
851 2033 925 2089 illud
936 2029 1073 2088 feceratis
1142 2050 1149 2082 ι

138 2137 175 2173 cx
189 2119 251 2191 ipso
266 2133 342 2190 anno
357 2115 554 2190 quaerendum
570 2122 625 2190 est,
642 2113 757 2187 quando
769 2118 899 2186 trecenti
911 2109 1110 2194 sexagintas<
1138 2113 1140 2126 '

123 2219 193 2274 ¹que
207 2199 342 2271 completi
355 2200 424 2253 sint.
444 2261 446 2270 Ι
459 2195 590 2261 Mortuus
611 2206 657 2251 cst
675 2211 746 2274 ergo
761 2196 895 2254 Christus
909 2195 1018 2256 duobus
1030 2193 1110 2256 Gen,
1141 2215 1149 2269 q

137 2281 328 2350 Consulibus,
353 2292 456 2336 octauo
479 2278 626 2334 Kalendas
649 2279 765 2352 Aprilis.
801 2279 978 2338 lbcsurrexit
998 2281 1089 2337 tertia
1112 2318 1115 2323 -

136 2368 212 2421 sicut
228 2365 359 2437 Apostoli
382 2365 444 2418 suis
469 2355 556 2418 etiarn
578 2363 712 2418 sensibus
731 2363 941 2438 probaverunt.
975 2361 1071 2422 Deinde
1108 2415 1116 2431 „
1141 2392 1143 2395 ·

137 2447 331 2524 quadraginta
344 2445 406 2524 dics
420 2445 571 2502 adscendit
585 2447 616 2500 in
630 2447 756 2502 eoelum:
782 2457 850 2520 post
864 2447 963 2504 decem
976 2449 1044 2516 dies,
1053 2442 1076 2502 il
1088 2450 1114 2509 f)
1148 2485 1149 2490 κ

136 2531 377 2607 quinquagesimo
400 2523 468 2602 post
491 2531 839 2586 suamrcsurreotionem
863 2531 910 2587 die
927 2534 1006 2587 misit
1023 2526 1110 2602 spis

135 2623 276 2669 sanctum.
295 2609 382 2669 Tunc
396 2614 452 2667 tria
465 2611 556 2667 millia
569 2610 718 2668 homiuum
730 2612 879 2686 Apostolis
894 2633 959 2671 eum
971 2611 1076 2689 praedic

135 2698 190 2752 bus
201 2691 396 2752 crediderunt.
419 2693 508 2752 Tunc
518 2695 617 2769 itaque
629 2697 756 2751 nominis
769 2697 848 2752 illius
864 2699 961 2754 cultus
974 2709 1075 2753 exorsus
1087 2722 1093 2735 .

136 2782 211 2836 sieut
224 2798 277 2836 nos
291 2777 450 2847 eredimus,
474 2786 507 2833 et
516 2779 626 2833 veritas
639 2775 741 2849 habet,
768 2778 899 2836 efficacia
912 2780 1033 2855 Spiritus
1044 2767 1118 2832 aaut

78 2887 84 2924 η
134 2865 210 2919 sieut
224 2871 319 2918 autem
332 2860 419 2916 linxit
431 2862 546 2917 vanitas
553 2859 646 2934 ‘impia
655 2864 703 2918 vel
713 2865 839 2934 putavit,
853 2866 978 2942 magicis
990 2852 1109 2920 urtibnslt

134 2948 183 3002 tri.
208 2944 299 3001 Paulo
312 2953 378 3017 post
391 2945 479 2998 etiam
492 2945 579 3020 signo
592 2944 718 3000 mirabili
731 2945 827 3016 facto,
855 2947 973 3020 quando
992 2946 1025 3003 ad
1038 2940 1110 2999 serbi!

133 3030 226 3102 ipsius
242 3021 321 3083 Petri
334 3027 451 3102 quidam
462 3025 614 3082 mendicus
632 3026 667 3082 ab
686 3035 770 3082 utero
791 3031 894 3085 matris
913 3033 956 3086 ita
973 3019 1119 3092 claudunt

134 3111 169 3166 ab
184 3113 249 3167 aliis
262 3119 441 3184 portaretur,
454 3120 483 3164 et
496 3109 531 3164 ad
545 3119 656 3183 portam
670 3112 781 3184 templi,
795 3113 845 3168 ubi
860 3115 965 3187 stipem
976 3115 1110 3185 peteretl'·

134 3203 264 3264 naretur,
287 3194 319 3246 in
333 3194 450 3247 nomine
464 3190 527 3247 lesu
543 3190 651 3248 Christi
665 3196 762 3250 salvus
777 3196 920 3266 exsilivit,
934 3199 1050 3272 quinque
1059 3179 1110 3244 uiffil

125 3274 280 3332 hominum
299 3274 500 3330 crediderunt:
526 3293 561 3330 ae
580 3275 685 3331 deinde
708 3277 773 3332 aliis
797 3288 887 3354 atque
911 3277 977 3334 aliis
998 3268 1110 3333 acccersiitl
1135 3276 1136 3279 ’

134 3358 315 3414 credentium
328 3359 421 3413 crevit
431 3357 573 3414 Ecclesia.
587 3358 627 3413 Ac
640 3376 693 3431 per
706 3357 761 3415 hoc
775 3363 928 3438 colligitur
941 3365 1022 3422 etiam
1033 3357 1109 3418 diebu

56 3447 69 3458 “
134 3449 191 3514 quo
206 3459 300 3498 annus
315 3441 376 3514 ipse
389 3443 493 3496 suntsit
506 3441 638 3512 initium,
660 3443 774 3506 scilicet
786 3444 905 3518 quando‘
917 3448 1018 3501 missus
1029 3448 1062 3496 est
1072 3428 1109 3503 Sl*
1140 3487 1143 3498 .

132 3525 205 3594 ritus
220 3531 350 3592 sanctus,
364 3523 464 3594 idest,
488 3521 621 3596 peritius
635 3523 737 3582 Maias.
765 3525 941 3604 ‚Numeratis
953 3524 1056 3602 proinde
1065 3515 1110 3572 0²¹¹

132 3605 242 3660 salibus
256 3607 381 3662 trecenti
396 3608 550 3684 sexaginta
560 3609 689 3682 quinque
702 3610 774 3664 anni
786 3613 976 3683 reperiuntur
987 3601 1110 3684 inrpltfili‘¹
1140 3601 1149 3652 i

132 3686 248 3742 easdem
261 3686 329 3744 Idus
350 3691 504 3744 consulatu
518 3687 645 3746 Honorii
659 3700 689 3746 ct
700 3690 890 3767 Eutychiani.
925 3693 1013 3752 Porro
1023 3683 1109 3760 sepum
1142 3695 1149 3734 l

130 3785 227 3837 anno,
254 3769 380 3826 Consule
393 3765 502 3827 Manlio
516 3767 687 3845 Theodoro,
714 3775 832 3849 quando
851 3779 910 3833 iam
923 3749 1109 3846 secundunrilltl
1142 3779 1149 3832 l

6 3907 8 3910 ,
77 3851 78 3856 ’
107 3917 120 3927 ..
131 3851 282 3906 oraculum
297 3851 468 3910 daemonum
487 3855 721 3934 autfigmentum
734 3856 885 3918 homiuum
899 3839 1109 3920 nullamelsbi
1144 3863 1149 3898 ¹
