2362 4314
75 220 208 298 DE
233 217 451 284 clvlrnru
479 219 557 282 DEI
582 220 663 284 mu.
685 218 803 285 xxn.
913 229 990 286 ,373

18 345 100 452 m,
113 376 174 435 nisi
187 377 220 433 in
232 385 312 432 terro
324 363 465 433 maneret.
466 375 488 410 “
512 373 596 440 Ηιιι
609 385 654 434 cst
665 353 773 477 magne
785 379 861 438 ratio
874 379 989 466 sopien-

18 501 27 534 ,
48 477 178 540 quorum
187 458 332 517 Dominus
343 459 426 517 norit
436 461 641 562 cogitationes,
657 479 797 538 quomam
804 481 898 522 vanae
911 473 993 524 sunt.

18 547 82 604 cim
95 547 212 604 animae
225 543 425 602 tautummodo
439 547 577 617 essemds,
599 543 631 601 id
644 553 699 617 est,
719 546 783 602 sinc
796 549 856 605 ullo
869 557 990 622 corpore

18 637 94 701 tus,
122 637 154 685 ct
169 629 203 684 in
221 627 311 684 coelo
320 625 485 684 habitantes
503 636 621 686 terrena
640 629 777 686 animalia
798 632 991 704 nesciremus,

18 729 100 790 sque
119 711 252 769 fauturum
269 727 334 766 esse
352 709 518 784 diceretur,
543 720 576 769 ut
588 713 714 782 terrenis
733 714 903 790 corporibus
925 716 991 770 oni-
1083 743 1084 750 ι

18 793 68 872 fl!
82 795 210 874 quodam
223 795 345 852 vinculo
357 795 485 852 mirabili
498 804 693 869 necteremur,
712 813 812 854 nonne
824 800 918 855 multo
929 798 991 854 lor-

18 887 304 960 argumcntcremur
316 877 347 933 id
360 877 478 935 eredere
489 881 674 952 recusantes,
688 887 718 936 et
730 879 891 938 diceremus
905 890 992 938 notu·

18 968 92 1022 mon
106 963 180 1038 pati,
192 971 286 1019 utres
299 961 472 1038 incorporea
485 963 644 1039 ligamento
658 979 797 1062 corporeo
810 960 991 1023 tinciremrl

18 1061 110 1104 tmen
133 1046 221 1121 plena
241 1053 287 1101 cst
310 1052 390 1102 terra
409 1046 613 1124 vegetantibus
635 1047 741 1104 animis
767 1045 895 1125 [quibus]
918 1045 992 1104 haec

18 1125 86 1188 bre
104 1137 239 1201 terreno,
263 1129 338 1185 miro
360 1127 418 1186 sibi
438 1128 524 1188 modo
543 1148 678 1188 connexo
695 1139 726 1187 et
743 1133 891 1208 implicita.
934 1129 993 1189 Cur

38 1213 149 1272 eodem
161 1213 280 1270 volente
293 1210 370 1285 Deo,
383 1228 435 1288 qur
425 1206 518 1270 fecit
530 1211 586 1270 hoc
598 1215 717 1286 anintol,
738 1233 799 1272 non
811 1216 921 1291 poterit
931 1223 991 1272 ter·
1012 1271 1013 1276 ,

18 1313 64 1357 m
77 1313 186 1374 corpus
199 1297 232 1352 in
244 1295 372 1353 coeleste
384 1314 488 1371 corpus
501 1297 773 1370 ottolli,'s1animns
787 1301 896 1376 omni,
892 1317 927 1355 eo
940 1315 994 1373 per

18 1385 116 1440 εῒίιιιι
129 1381 262 1452 coelesti,
275 1397 397 1454 corpore
409 1379 622 1455 praestabilior,
636 1390 754 1439 terreno
768 1383 885 1457 corpori
897 1383 995 1456 potuit

18 1459 86 1523 bril
110 1465 157 1521 An
169 1473 287 1520 terrena
299 1464 440 1537 porticula
452 1472 512 1523 tom
525 1465 633 1544 exigua
645 1465 862 1542 potuitaliquid
874 1466 995 1522 coelesti

18 1563 79 1607 ore
92 1548 200 1604 melius
212 1547 291 1622 opud
303 1565 335 1604 sc
347 1554 466 1620 tenere,
488 1557 522 1605 ut
535 1567 653 1606 censum
664 1547 784 1606 baberet
797 1559 827 1607 ct
838 1548 939 1620 vitam,
964 1556 995 1604 et
1063 1581 1068 1596 ι

18 1633 218 1691 sentientem
229 1631 477 1707 etque-viventem
489 1631 694 1710 dedignabitur
707 1635 822 1688 coelum
835 1632 994 1706 suscipere,

18 1723 191 1790 *susceptam
202 1717 264 1769 non
275 1715 385 1786 poterit
397 1717 561 1786 sustinere,
587 1733 677 1789 quum
689 1714 725 1770 dc
737 1732 770 1770 re
785 1716 894 1772 sentiat
907 1722 936 1770 ct
947 1715 994 1771 vi-

18 1796 91 1858 ista
114 1797 249 1867 meliore,
272 1812 359 1871 qnam
377 1804 423 1853 est
439 1813 541 1872 corpus
559 1813 646 1854 omne
666 1794 809 1854 coelestei
845 1796 905 1855 Sed
927 1795 994 1854 ideo

18 1899 25 1933 ι
48 1895 117 1943 non
128 1880 178 1952 fit,
201 1880 272 1954 quia
288 1876 419 1936 nondum
432 1889 478 1937 est
495 1888 609 1957 tempus
622 1899 679 1957 quo
692 1880 724 1938 id
736 1881 802 1938 fieri
813 1883 921 1953 voluit,
944 1882 996 1956 qui
1018 1919 1019 1922 η
1076 1921 1078 1930 ι

18 1966 108 2042 {uod
118 1961 247 2024 ridendo
260 1963 319 2020 iam
330 1962 439 2035 voluit,
452 1965 544 2021 multo
557 1965 719 2022 mirabilius
732 1984 819 2041 quam
832 1965 907 2022 illud
920 1963 996 2040 quod
1044 1981 1056 2000 ν

18 2055 73 2109 tis
88 2067 151 2108 non
166 2045 305 2120 creditur,
318 2045 398 2104 fecit.
416 2046 475 2106 Cur
488 2049 566 2106 enirn
578 2066 639 2107 non
652 2047 854 2107 vehementius
869 2048 994 2105 admira-

24 2133 230 2208 incorporeoe
243 2133 357 2188 animos
371 2132 492 2189 coelesti
505 2151 625 2209 corpore
636 2135 776 2209 potiores,
795 2133 923 2208 terrenis
935 2133 995 2188 illi-

33 2215 228 2294 oorporibus,
253 2233 485 2292 quamcorpora,
507 2218 578 2273 licet
589 2227 718 2289 terrena,
736 2217 851 2276 sedibus
864 2217 996 2293 quamvis
1061 2255 1066 2260 -
1090 2245 1094 2262 ι
1120 2187 1126 2209 x

18 2303 160 2373 estibus,
178 2307 277 2357 tamen
296 2300 443 2372 corporeis
462 2299 624 2374 sublimari,
653 2304 711 2358 nisi
734 2304 803 2378 quia
823 2300 878 2359 boc
895 2299 996 2357 videre

18 2385 180 2454 ucvimm',
198 2389 229 2439 ct
240 2379 295 2438 boc
308 2399 427 2454 sumus,
438 2381 511 2439 illud
522 2401 593 2440 vero
607 2385 735 2442 nondum
747 2403 857 2458 sumus,
871 2402 926 2441 nec
939 2386 995 2442 ali-

18 2469 75 2527 rdo
90 2466 188 2525 adhue
199 2461 344 2524 vidimus?
378 2463 453 2523 Nam
472 2466 605 2542 prolecto
624 2467 723 2525 sobria
734 2470 849 2525 ratione
862 2469 996 2525 consulta
1037 2481 1041 2488 “
1058 2515 1061 2533 1

18 2549 152 2611 bilioris
165 2567 230 2607 esse
242 2548 336 2606 divini
350 2549 446 2625 operis
458 2551 621 2626 reperitur,
646 2551 878 2626 incorporalibus
893 2567 994 2625 corpo·
1069 2567 1070 2574 ¹

18 2635 178 2716 quodam
188 2631 274 2692 modo
287 2641 435 2706 attexere,
461 2652 548 2710 quom
559 2634 630 2691 licet
643 2633 767 2704 diversa,
782 2634 850 2710 quia
863 2633 913 2689 ille
926 2651 994 2689 coc·
1061 2667 1066 2677 ·

18 2733 54 2796 n,
70 2723 131 2780 isto
143 2717 307 2792 terrestris,
319 2725 419 2784 temen
432 2736 553 2816 corpore
566 2726 597 2777 et
609 2735 730 2794 corpore
743 2713 938 2791 copulare.

377 2850 401 2912 C
420 2852 448 2938 A
468 2852 502 2911 Ρ.
543 2852 578 2910 V.

18 2949 231 3010 *connectere
239 2949 340 3015 ιιιιιιι,
349 2964 430 3021 quom
437 2948 649 3019 quedammodo
659 2951 783 3006 credente
792 2964 845 3006 non
854 2945 976 3000 eredunt

18 3053 85 3121 Sed
109 3059 167 3118 boc
193 3056 363 3115 incredibile
388 3056 479 3115 fuerit
503 3056 671 3133 aliquando.
698 3077 767 3116 ecce
792 3058 850 3114 iem
872 3053 995 3111 credidit
1099 3145 1100 3148 Ἴ

20 3143 88 3205 (lus
103 3145 251 3205 sublatum
271 3149 423 3199 terrenum
436 3139 546 3199 Christi
563 3159 666 3230 corpus
686 3143 720 3199 in
737 3142 868 3212 coelum3
894 3151 994 3194 resur-

18 3223 126 3288 'tonem
142 3227 239 3285 carnis
253 3233 283 3281 et
296 3224 540 3301 adscensionem
530 3243 563 3282 ιιι
576 3217 715 3300 supernas
729 3225 830 3296 sedes,
853 3221 994 3299 paucissi-

18 3309 250 3372 remanentibus
263 3295 563 3390 atqucstupentibus,
588 3311 636 3367 vel
660 3309 771 3378 doctis,
797 3307 844 3364 vel
857 3302 994 3376 indoctis,
1068 3317 1071 3326 ·

21 3394 225 3455 erediderunt
237 3401 267 3450 et
279 3390 359 3448 docti
371 3400 402 3448 et
413 3391 537 3449 indocti.
563 3390 598 3450 Si
611 3411 673 3448 rern
684 3391 850 3449 credibilem
863 3386 994 3444 credide-

19 3516 36 3547 ,
52 3480 179 3538 videant
191 3495 276 3552 quarn
289 3473 349 3532 sint
362 3474 477 3547 stolidi,
496 3476 546 3551 qui
559 3494 619 3533 non
633 3475 770 3532 credunt:
796 3473 822 3527 si
835 3480 934 3529 autem
946 3487 994 3526 ιιι

18 3564 144 3623 edibilis
154 3559 265 3632 credito
275 3567 330 3629 cst,
344 3560 432 3616 etiarn
441 3557 495 3616 hoc
508 3561 608 3633 utique
620 3556 789 3616 incredibile
803 3564 858 3626 est,
874 3555 916 3610 sic
930 3572 995 3609 crc-

18 3660 54 3709 tn
67 3665 153 3718 esse,
174 3642 250 3721 quod
261 3641 432 3700 incredibile
446 3651 498 3699 cst.
532 3641 612 3698 Hoec
626 3643 718 3718 igitur
731 3638 789 3696 duo
802 3637 995 3706 incredibilia,

18 3732 209 3791 ‘rectionem
220 3727 335 3782 scilicet
346 3727 442 3783 nostri
454 3725 588 3801 corporis·
598 3726 629 3782 in
643 3731 805 3795 aeteruum,
819 3729 849 3777 ot
861 3739 923 3777 rem
937 3730 995 3776 taur
1011 3731 1016 3738 ”

18 3805 168 3873 edibilem
180 3809 318 3866 mundum
331 3827 395 3866 esse
408 3809 601 3876 crediturum,
629 3807 706 3864 idern
717 3803 804 3864 'Deus
823 3814 892 3862 ante
911 3821 996 3879 quarn

18 3909 125 3958 unum
148 3894 252 3952 borum
274 3892 371 3964 ficret,
397 3893 478 3951 ambo
501 3892 598 3950 lutura
619 3910 683 3950 esse
703 3888 856 3970 praedixit.
902 3887 995 3944 Vnum
