2400 4312
261 195 828 264 uucrvrrsrenercrsx.
896 155 901 196 ²
996 209 1054 269 aer
1125 167 1128 180 ’

99 353 170 410 Nare
182 362 212 408 et
224 353 284 424 ipsa
295 351 401 428 religio
415 351 545 424 quamvis
559 351 737 424 distinctim,
752 369 811 410 non
825 354 992 430 quetuiiuet,
1008 359 1059 414 se'd

46 438 94 494 Dei
105 439 212 492 cultum
224 433 392 510 significare
404 434 553 505 videatur3
579 434 658 492 unde
671 435 729 491 isto
743 439 861 504 nonrine
874 440 1059 511 interpretati

42 531 103 577 runt
114 520 206 576 nostri
219 535 281 574 eam
294 535 368 592 quac
382 516 496 574 Graece
507 517 652 594 θρηςικιία
670 517 791 578 dieitur:
810 529 908 578 tanuen
922 524 990 596 quia
1002 523 1058 580 La-

43 606 98 672 tina
109 601 244 676 loquendi
257 593 487 671 consuetudine,
514 619 574 660 nou
597 602 931 675 solum'irnpcritoiunr,
958 625 1060 662 rerum
1108 625 1111 636 ¹

42 689 121 744 etiem
133 685 378 754 doctissimorum,
403 693 433 739 et
446 683 671 761 cognationibus
685 683 817 742 hurrrsnis
832 696 920 762 atque
934 687 1059 745 affinita-

41 770 110 826 tibus
124 777 154 823 et
168 769 326 842 quibusque
341 765 605 826 necessitudinibus
627 767 735 824 dicitur
755 766 918 842 exhibenda
937 763 1059 849 religio¹3

41 871 93 908 nen
106 850 290 907 eovocabulo
303 851 415 906 vitetur
428 850 606 928 ambiguum,
620 869 687 906 cunr
697 851 732 906 dc
743 853 824 908 cultu
838 852 954 910 deitatis
969 857 1059 916 verti,-

41 945 84 990 tur
106 935 252 1009 quaestio,
278 941 313 988 ut
337 931 462 990 fidenter
487 933 584 988 dicere
609 935 773 1008 veleamus,
801 937 976 1012 religionem
999 957 1060 994 non

44 1036 100 1073 esse
114 1019 170 1074 uisi
186 1015 245 1072 Dei
265 1017 389 1086 cultum3
416 1018 554 1113 quoniam
572 1017 694 1080 videtur-
707 1015 762 1074 boc
780 1019 902 1075 verbum
914 1039 932 1076 a
944 1022 1058 1097 signill-

45 1101 129 1168 canda
142 1100 331 1156 observantia
353 1099 579 1196 propinquitatis
597 1098 741 1170 hunccine
761 1101 923 1158 insolenter
940 1103 1059 1161 auferri.

42 1181 124 1240 Pictas
137 1201 254 1258 quoque
273 1184 391 1256 proprie
407 1181 465 1240 Dei
484 1184 579 1240 cultus
593 1184 721 1260 intelligi
735 1185 839 1255 solet,
854 1204 951 1266 quam
953 1186 1059 1243 Graeci

39 1259 175 1345 sciciderat
185 1275 305 1323 vocant.
331 1262 413 1322 llaec
427 1275 524 1322 tamen
539 1275 572 1320 ct
574 1285 653 1342 erga
665 1276 803 1339 parentes
817 1267 944 1326 officiose
957 1268 1060 1326 haberi

39 1350 141 1406 dicitur.
158 1348 241 1406 More
256 1358 354 1405 autem
366 1349 450 1425 vulgi
460 1348 517 1406 hoc
531 1367 638 1408 nomeu
652 1351 739 1408 etiam
751 1351 931 1447 inoperibus
943 1355 1059 1410 miscri-

38 1433 142 1492 cordiac
160 1431 379 1507 frequentatur:
406 1433 484 1507 quod
501 1431 567 1487 ideo
587 1433 713 1488 arbitror
731 1435 880 1505 evenisse,
907 1438 976 1510 quia
987 1435 1060 1494 haee

38 1515 91 1572 ieri
104 1517 258 1590 praecipue
272 1514 353 1570 Deus
365 1514 500 1585 mandat,
513 1533 606 1590 eaque
620 1515 675 1572 sibi
688 1518 735 1574 vel
747 1535 801 1590 pro
815 1517 986 1590 sacrificiis,
1013 1524 1061 1576 vel

38 1617 95 1673 prae
107 1599 264 1658 sacrificiis
274 1598 394 1672 plaeere
407 1599 541 1654 testatur.
566 1597 614 1658 Ex
628 1617 686 1673 qua
698 1600 836 1680 loquendi
850 1602 1060 1660 cousuetudine

39 1681 134 1738 laetum
152 1692 209 1752 est,
234 1690 269 1737 ut
292 1690 322 1740 ct
344 1679 457 1736 Deus'
437 1699 512 1775 ipse
530 1681 643 1738 dicatur
661 1683 741 1754 pius:
768 1699 853 1755 quern
869 1685 939 1738 sanc
953 1683 1061 1742 Graeci
1086 1750 1092 1760 ,

39 1768 105 1821 nullo
118 1784 171 1822 suo
184 1765 330 1820 sermonis
344 1781 398 1820 usu
416 1784 438 1824 s
437 1755 536 1842 σιβῆν
553 1774 675 1835 vocant3
703 1766 834 1839 quamvis
846 1755 995 1862 ιυσὲβιιαν
1007 1788 1059 1843 pro

38 1849 227 1905 misericordia
238 1849 357 1904 illorum
369 1847 458 1902 etiarn
471 1849 575 1924 vulgus
589 1847 719 1921 usurpet.
749 1846 852 1902 Vnde
844 1867 875 1903 ιιι
889 1849 1062 1947 ιιιιίίιιιιᾱιιιιι

40 1929 246 2012 Scripturerupn
260 1932 349 2001 loeis,
373 1937 406 1986 ut
419 1917 569 1994 distinctio
586 1931 694 1987 certior
706 1941 876 2008 appareret,
902 1950 962 1987 non
978 1927 1060 1992 stisi-

39 2012 116 2092 βειαν,
142 2013 222 2112 quod
235 2031 274 2069 ex
286 2015 365 2087 bono
379 2015 474 2090 cultu,
500 2013 552 2070 sed
564 2003 747 2092 θεοσέβειαν,
768 2013 844 2088 quod
858 2032 896 2069 ex
909 2014 967 2071 Dei
980 2020 1099 2097 cultu

41 2099 217 2173 compositum
230 2106 367 2168 resonat,
393 2085 491 2153 dicere
503 2099 680 2154 araluerunt.
707 2095 883 2154 Vtrumlibet
895 2108 994 2155 autem
1007 2083 1064 2158 lio-

41 2197 93 2236 rau
104 2201 156 2237 nos
169 2200 231 2236 uno
248 2181 338 2236 verbo
353 2181 507 2236 enuntiare
523 2199 583 2240 noa
601 2197 761 2254 possumus.
794 2182 896 2247 Quae
887 2191 989 2257 itaque
1007 2178 1061 2244 λα-

42 2264 107 2340 speie
120 2264 235 2320 Graece
251 2271 449 2336 nuncupatur,
469 2272 499 2318 ct
511 2262 637 2320 Latine
628 2271 838 2337 interpretatur
851 2267 989 2337 servitus,
1009 2269 1071 2328 sed

43 2365 67 2400 ea
78 2366 128 2421 qua
141 2350 266 2404 colimus
280 2345 390 2404 Deum:
402 2347 450 2402 rel
464 2363 538 2424 quae
550 2346 696 2424 θρησκεία
710 2345 832 2418 Graece,
845 2346 950 2404 Latine
963 2359 1062 2408 autem·

42 2433 130 2526 religio
144 2429 266 2501 dicitur,
280 2429 331 2486 sed
345 2449 379 2486 ca
393 2447 465 2504 quae
479 2429 563 2486 nobis
577 2438 622 2486 est
636 2447 707 2506 erga
719 2428 830 2486 Deum.
853 2433 900 2487 rel
917 2450 1002 2508 quarn
1015 2435 1060 2491 illi

42 2505 202 2591 θιοιιιβειαν,
216 2531 277 2569 nos
286 2532 356 2570 vero
370 2530 431 2568 non
444 2531 503 2568 uno
516 2512 606 2568 verbo
621 2513 801 2586 exprimere,
815 2511 865 2567 sed
878 2513 935 2571 Dei
950 2518 1059 2574 cultum

42 2613 177 2680 possumus
191 2597 362 2670 appellare,
378 2594 498 2652 hane
473 2615 501 2652 cr
519 2605 630 2652 tanturn
646 2594 711 2650 Deo
730 2594 829 2650 deberi
846 2595 984 2669 dicimus,
1011 2602 1071 2674 qui·
1159 2633 1161 2636 ·

41 2695 111 2746 verus
125 2673 169 2738 est
182 2679 283 2749 Deus,
297 2679 429 2753 facitque
443 2697 513 2734 suos
527 2680 653 2734 cultores
667 2678 746 2736 deos.
783 2677 976 2756 Quicunquc'
968 2684 1060 2779 igitur

45 2765 120 2818 suat
111 2782 144 2820 ιιι
162 2759 343 2834 coelestibus
357 2755 586 2834 habitationibus
605 2763 783 2820 immortales
801 2769 831 2817 ct
849 2763 941 2836 beati,
965 2767 991 2819 ei
1004 2785 1057 2823 nos

41 2863 90 2908 aaa
99 2856 199 2904 amant
211 2864 266 2902 nee
281 2845 379 2900 beatos
394 2863 459 2900 csse
472 2862 526 2900 nos
537 2845 650 2915 volunt,
665 2843 780 2900 colendi
791 2846 892 2920 utiquc
905 2863 965 2904 non
980 2858 1057 2904 sunt.

42 2925 68 2982 si
77 2941 168 2984 autem
179 2935 280 2984 assant
293 2937 323 2982 et
335 2927 436 2982 beatos
449 2928 561 2997 volunt,
575 2923 705 3000 profecto
719 2926 787 2983 inde
799 2930 919 3001 volunt,
938 2931 1014 2988 unde
1028 2941 1058 2987 et

41 3010 85 3084 ipsi
96 3022 178 3069 sunt:
192 3030 231 3068 aa
245 3011 384 3068 aliunde
376 3029 432 3085 rpsr
423 3011 535 3083 boati,
548 3009 664 3067 aliunde
678 3007 748 3124 nesi

436 3157 554 3218 CAP
596 3157 645 3216 ll.

94 3255 138 3310 De
148 3274 266 3327 superno
276 3257 474 3312 illuminatione
485 3257 551 3325 quid
559 3255 685 3310 Plotinae
694 3255 854 3312 Platonicus
864 3259 986 3320 senserit.

89 3349 149 3408 Sed
162 3367 224 3405 nen
239 3356 284 3402 est
296 3345 380 3402 nobis
394 3348 472 3402 ullus
487 3365 552 3402 cuni
563 3345 608 3400 his
620 3348 874 3406 excellentioribus
884 3344 1060 3419 philosophis

37 3433 133 3490 iuliae
150 3432 324 3508 quaestione
349 3427 512 3486 conflictus.
545 3427 688 3486 Viderunt
710 3431 798 3497 enirn,
825 3431 944 3503 suisque
968 3429 1060 3504 literis

37 3519 123 3574 multis
135 3515 233 3572 modis
247 3509 449 3584 copiosissime
456 3512 678 3582 mandaverunt,
691 3509 759 3568 bine
772 3512 848 3582 illos,
863 3509 983 3566 undeet
995 3531 1060 3583 nos,

37 3599 88 3656 ieri
102 3601 219 3667 beatos,
232 3596 346 3652 obiecto
360 3593 484 3668 quodam
497 3596 607 3652 lumine
621 3593 811 3672 intelligibili,
832 3592 907 3668 quod
920 3592 1001 3650 Deus
1018 3607 1062 3652 est

37 3685 93 3754 illis,
108 3694 139 3738 et
152 3679 236 3738 aliud
246 3687 291 3733 est
301 3695 386 3752 quani
396 3678 450 3746 illi,
464 3696 480 3732 a
495 3695 552 3752 quo
565 3679 762 3745 illustrantur,
774 3681 807 3730 ut
820 3677 960 3747 clareant,
974 3687 1062 3754 atque
1143 3707 1147 3716 «

37 3768 86 3822 cius
98 3761 331 3841 participatione
343 3759 467 3832 perfecti
480 3759 616 3832 beatique
629 3758 797 3826 subsistant.
819 3755 913 3832 Saepe
927 3761 1062 3818 multum-

37 3869 78 3924 que
90 3848 231 3906 Plotinae
255 3842 360 3898 asserit
378 3859 495 3898 sensum
507 3841 639 3898 Platonis
654 3841 833 3916 explanans,
856 3861 894 3898 ne
908 3843 990 3918 illuni
999 3846 1066 3920 qui-
