2340 4312
95 275 99 280 ·
121 257 180 315 126
342 249 440 309 DlVl
465 241 655 305 AVRELll
678 239 942 315 AVGVSTlNl

35 451 39 456 .
119 401 277 460 suscitabit
291 398 373 458 eum?
383 400 439 456 hoc
454 408 508 468 est,
520 399 590 472 quia
602 396 701 451 nullus
713 392 886 464 bominum,
901 392 956 448 nisi
971 410 1000 445 se
1010 390 1071 464 ipse,
1080 405 1105 442 u·

120 487 254 554 saltarit,
278 485 329 559 qui
342 485 429 540 etiam
443 483 478 537 de
493 497 614 553 corpore
627 495 680 532 suo
695 476 788 532 dixit:
815 474 930 532 Solvite
945 472 1060 550 templum
1073 470 1108 535 ln,
1135 504 1164 544 ,π

98 597 100 600 -
121 577 151 623 et
165 569 196 622 in
208 567 309 622 triduo
322 545 503 623 rcwscitobb
516 562 598 619 illudi
640 558 740 632 Ipsum
752 567 855 613 autem
866 573 961 634 genus
973 550 1108 623 mortis,ln
1135 546 1137 550 ’

124 665 186 712 est,
200 644 360 698 sublimitas
376 643 470 694 crucis
484 642 515 694 in
530 657 589 693 uno
602 639 692 694 verbo
708 641 904 714 intelligitur,
929 639 1003 712 quod
1013 641 1059 707 ait,
1075 637 1109 692 ll
1133 657 1164 716 p⁸

105 727 276 788 ‚rcendicti
298 719 383 788 Quod
395 739 466 777 vero
481 721 602 790 addidit,
615 717 796 776 Recumbcns
810 721 961 792 domisti,
973 721 1110 796 Erangdim
1135 761 1164 800 ,a

124 810 255 879 exponit,
269 807 318 860 ubi
331 803 414 872 dicit,
439 802 480 860 Et
494 803 637 858 inclinato
651 805 752 877 capite
766 803 900 882 tradidit
913 807 1049 878 epiritum.
1079 802 1117 856 lit
1134 805 1164 880 ί,

124 897 204 944 certe
218 881 367 959 sepultura
381 886 444 943 eius
458 886 645 960 agnoscitur,
671 885 703 938 in
723 902 781 957 qua
792 885 936 940 recumbit
947 885 1081 953 dormiens;
1095 887 1116 938 tt
1132 936 1158 957 ,1

122 967 201 1025 unde
216 970 298 1024 illurn
311 969 409 1023 nullus
422 965 589 1037 hominum,
610 967 687 1022 sicut
699 965 865 1039 Prophetae
878 969 1004 1042 aliquos,
1021 969 1109 1023 veltitd
1136 995 1164 1044 ,i

121 1053 184 1124 ipse
198 1052 270 1106 alios
285 1047 448 1118 suscitavit,
462 1049 513 1103 sed
528 1051 606 1104 sieut
618 1067 636 1102 a
649 1067 750 1102 somno
764 1050 827 1121 ipse
841 1052 981 1106 surrexit.
998 1049 1109 1122 Stolapn·
1139 1071 1161 1126 p·

123 1151 155 1187 ro
170 1134 231 1186 eius
246 1150 331 1205 quom
344 1134 423 1186 lavat
436 1132 468 1186 in
479 1133 562 1200 vino,
577 1130 607 1185 id
621 1140 675 1200 est,
689 1129 811 1186 mundat
824 1151 842 1186 a
855 1135 983 1205 peccatis
996 1135 1023 1200 in
1034 1131 1110 1205 sanpd
1134 1151 1156 1201 ’ἶ

122 1233 160 1270 nc
175 1230 236 1280 suo,
259 1216 341 1268 ouius
356 1214 509 1289 sanguinis
522 1223 735 1268 sacramentum
748 1213 891 1290 baptizati
922 1218 1038 1282 sciunt,
1070 1208 1116 1264 ult,
1137 1264 1155 1279 ,Α

29 1339 34 1362 ,
122 1295 271 1370 adiungit:
285 1295 327 1352 Et
341 1297 528 1370 insanguine
542 1315 617 1351 uode
630 1298 769 1350 amictum
783 1312 878 1365 suum,
893 1298 965 1370 quid
978 1307 1019 1352 est
1028 1293 1110 1352 uirile
1147 1337 1164 1372 1

123 1375 228 1433 elesial
253 1378 295 1433 tt
307 1378 395 1447 fulvi
413 1378 492 1432 oculi
504 1379 567 1433 eius
583 1397 602 1432 a
615 1379 699 1432 vino:
723 1378 870 1449 spiritales
884 1381 946 1434 eius
960 1379 1117 1452 inebriatiptf
1140 1422 1164 1450 n

123 1462 190 1516 eulo
204 1461 278 1529 eius,
293 1459 328 1513 dc
342 1477 398 1533 quo
412 1460 493 1515 canit
506 1458 654 1514 Psalmus:
673 1449 715 1514 Et
729 1459 895 1520 culintuna
910 1463 1052 1518 inebriant
1062 1465 1117 1534 qm?
1140 1447 1164 1555 ἓ

112 1542 298 1618 praeclarus
313 1541 375 1598 eat!
400 1539 441 1596 Et
455 1542 556 1598 dentes
571 1543 633 1597 cius
648 1541 837 1610 cuirdidiores
852 1542 948 1599 lacte:
970 1543 1040 1618 quod
1050 1545 1117 1616 poen

122 1623 197 1696 apud
208 1623 378 1696 Apostolum
392 1625 517 1697 parvuli,
531 1621 620 1679 verba
634 1624 748 1677 scilicet
766 1625 945 1696 nutrientia,
959 1621 1110 1682 nondumilt

80 1765 83 1770 ,
121 1707 172 1760 nei
185 1703 277 1760 solido
289 1705 362 1760 cibo.
403 1704 465 1779 lpse
484 1706 575 1781 igitur
591 1713 635 1759 cst.
650 1707 753 1784 inquo
768 1708 899 1779 reposita
923 1718 1006 1763 crant
1016 1706 1118 1782 promisit*
1140 1729 1164 1782 ὲ

120 1786 221 1856 Iudae,
235 1805 310 1860 quae
325 1787 417 1844 donec
433 1789 583 1856 venirent,
598 1805 748 1860 nunquam
761 1789 924 1862 principes,
937 1789 992 1846 boc
1005 1801 1051 1858 est,
1062 1799 1122 1866 regu¹

121 1869 223 1938 lsrael,
250 1868 285 1924 ab
299 1871 350 1925 illa
363 1871 454 1944 stirpe
468 1867 631 1924 defuerunt.
667 1869 708 1924 Et
726 1871 790 1944 a'pse
809 1875 996 1946 exspectatio
1012 1872 1122 1946 guttim

73 1975 76 1984 ¹
123 1949 199 2024 quod
218 1953 327 2007 clarius
347 1961 392 2010 cst
405 1951 542 2023 ridendo,
557 1969 643 2028 quani
656 1952 696 2006 sit
707 1951 893 2024 exponendo.

465 2129 472 2136 '
495 2116 517 2173 C
539 2115 563 2171 A
585 2115 616 2172 P.
641 2113 728 2173 'XL
742 2116 790 2173 ll.
1155 2119 1164 2133 “

64 2195 68 2199 “
120 2209 163 2263 De
170 2209 243 2280 filiis
257 2209 365 2278 loseph,
387 2225 452 2278 quos
462 2209 543 2263 Iacob
554 2199 715 2278 prophetica
730 2224 859 2264 tirannum
873 2231 985 2267 suarum
994 2215 1120 2284 tramant
1142 2159 1164 2265 ,Ι

519 2280 595 2332 tione
606 2279 748 2332 benedixit.
1123 2288 1124 2293 ’
1145 2309 1164 2360 ,1

184 2366 270 2423 Sicut
281 2377 378 2423 autern
392 2369 448 2423 du'o
463 2369 545 2432 lsaac
560 2369 623 2438 filii,
637 2369 715 2424 Esau
730 2378 759 2423 et
769 2366 867 2440 Iacob,
882 2370 1005 2447 liguram
1016 2368 1113 2444 praebu-

119 2459 189 2505 runt
211 2450 334 2526 duorum
352 2454 526 2526 populorum
551 2453 583 2507 in
600 2452 717 2510 ludaeis
742 2460 772 2506 et
795 2451 986 2510 Christiania:
1013 2448 1124 2526 (quanti,
1156 2471 1164 2523 p

119 2530 197 2606 qnod
211 2532 247 2586 ad
261 2535 357 2589 carnis
369 2537 563 2610 propaginem
576 2535 713 2608 pertinet,
727 2553 781 2590 nee
795 2532 898 2590 ludaei
911 2538 1039 2604 venerint
1050 2547 1076 2586 er
1086 2546 1112 2582 n·
1144 2550 1164 2604 ῃ

118 2617 197 2669 ruine
210 2614 301 2686 Esau,
317 2617 368 2671 scd
379 2615 522 2688 Idumaei,
548 2611 602 2672 nec
617 2615 801 2672 Christianae
815 2628 922 2692 gentes
936 2618 971 2673 de
983 2615 1068 2683 laceb,
1083 2605 1112 2664 nl
1145 2633 1164 2684 p,

119 2697 345 2771 potiusludaei:
373 2697 409 2752 od
423 2697 478 2754 hoo
493 2702 571 2756 enim
585 2709 698 2755 tantum
712 2698 807 2774 figura
821 2702 931 2772 valuit,
958 2697 1111 2774 quoddictun
1145 2742 1149 2743 ff

119 2789 173 2848 est,
188 2773 288 2836 Maior
302 2783 412 2837 serviet
424 2780 566 2856 ntirzori.·)
581 2783 623 2836 ita
635 2781 745 2836 facturn
759 2791 804 2836 est
818 2783 908 2837 ctiam
921 2785 952 2838 in
963 2782 1059 2837 duobus
1068 2773 1110 2830 filii
1125 2827 1127 2833 ,
1151 2820 1157 2831 ,

17 2933 19 2936 ¹
117 2860 236 2935 loseph:
252 2881 319 2916 noni
332 2864 425 2918 maior
442 2867 536 2939 gessit
548 2869 648 2938 typum
663 2862 844 2932 ludaeorum,
860 2863 1109 2920 Christianorum

118 2955 176 2998 tem
191 2946 294 2998 minor.
332 2946 410 3010 Quos
431 2963 519 3020 quum
538 2945 726 3001 benediceret
740 2945 842 3014 lacob,
869 2955 987 3002 ritanum
1003 2947 1109 3000 dexteru

114 3017 229 3099 ¹ponens
244 3044 331 3098 super
345 3028 503 3099 minorem,
528 3047 613 3102 quem
626 3025 750 3106 habebut
763 3026 799 3084 ad
812 3029 977 3100 sinistram3
1002 3025 1109 3082 sinum·
1151 3099 1153 3102 Ι

101 3107 458 3186 Ὑποριιρθιυῃιαίοτεηι,
485 3129 571 3184 quens
587 3107 716 3166 babebat
729 3110 765 3164 ad
779 3111 928 3168 dextram:
956 3107 1108 3188 grevenum
1156 3154 1160 3161 ,

33 3206 39 3216 ’
117 3200 163 3244 cst
175 3191 252 3265 patri
267 3208 378 3260 eorum,
401 3202 430 3246 et
443 3189 595 3249 admonuit
606 3202 719 3267 patrem
731 3193 813 3248 velut
827 3196 980 3271 corrigens
994 3194 1045 3247 eins
1056 3197 1107 3241 ont·

115 3276 246 3344 ren1,1ct
261 3275 394 3346 quisnam
409 3291 507 3329 eorum
521 3285 597 3330 esset
614 3277 706 3330 maior
727 3275 896 3339 ostendens.
929 3277 967 3333 At
979 3275 1108 3331 illemuttfl

116 3373 218 3410 uranus
232 3356 336 3426 noluit,
351 3355 401 3410 sed
415 3355 500 3427 dixit,
515 3355 596 3426 Scio,
602 3357 664 3427 fili,
678 3358 748 3412 scio.
774 3356 815 3412 Et
826 3353 878 3413 'tio
893 3361 952 3415 erit
965 3361 993 3414 in
1000 3348 1107 3433 populus

116 3446 147 3490 et
160 3435 207 3491 bio
222 3438 423 3494 exultabitur:
438 3440 607 3509 rodfrater
621 3441 683 3508 cius
697 3441 796 3496 iunior
809 3442 905 3496 maior
919 3441 968 3497 illo
981 3439 1041 3503 erit,
1051 3440 1071 3488 tt
1079 3441 1107 3480 ’θ’
1159 3476 1161 3479 ψ

117 3535 181 3571 men
196 3517 258 3574 eius
272 3525 331 3576 erit
344 3523 377 3576 in'
388 3522 603 3578 multitudinem
615 3524 756 3596 gentium.
782 3519 882 3577 Etiam
895 3522 942 3578 bic
955 3523 1008 3578 duo
1019 3519 1058 3573 illa
1066 3523 1108 3584 pil·

116 3599 409 3659 missademonstrat.
444 3603 519 3658 Nam
533 3605 582 3657 illc
597 3606 627 3658 in
633 3603 792 3680 populum,
818 3606 876 3660 iste
895 3608 926 3661 in
939 3597 1107 3660 maletida·

116 3683 263 3750 gentium:
285 3683 354 3756 quid
368 3685 531 3742 evidentius
546 3703 631 3760 quarn
645 3685 689 3739 his
704 3686 815 3742 duabus
827 3684 1053 3760 promissionibus
1063 3685 1108 3764 vll·
1159 3721 1164 3732 .

119 3759 213 3812 tineri
233 3767 372 3836 populum
398 3767 597 3838 Israelitaruni
630 3768 786 3841 orbemque
814 3780 961 3826 terrarum
984 3769 1011 3822 in
1035 3763 1107 3816 sentit
1162 3799 1164 3820 ;

120 3837 355 3914 Ab1·al1ae,illuni
370 3852 528 3907 secundum
543 3857 671 3924 carnem,
686 3851 776 3908 istum
788 3853 949 3912 secundum
964 3838 1054 3908 lidcml
