2340 4312
19 171 21 174 ’
88 205 178 272 ,roa
236 195 238 198 ·
345 167 939 256 urvrn'vnnunuvuvsrrnr

112 352 237 428 fluntma
252 349 357 421 fucta
369 359 428 419 eet,
454 358 485 406 ct
497 367 568 405 eece
586 348 708 420 fornax
718 347 932 419 fumabunda,
955 359 984 405 et
1001 348 1119 424 lampada

119 436 216 509 ignia,
242 451 316 521 qpcue
336 434 526 489 transierunt
539 449 599 508 per
618 431 716 486 acedia
735 431 836 486 diuisa
848 431 921 486 itta:
938 431 1118 508 signification
1155 494 1170 507 y,

118 519 150 572 iu
164 516 222 572 fine
236 517 347 570 saeculi
360 533 411 587 por
424 516 523 590 ignem
536 513 708 568 iudicandos
724 531 789 566 csse
803 515 948 567 carnales.
982 513 1058 570 Sicut
1068 515 1117 567 cuia
1155 560 1161 571 .

119 598 237 654 afflictio
253 595 387 653 Civitatis
402 596 470 665 Dei,
484 597 578 670 qualis
594 605 680 650 antea
695 604 849 668 nunquam
861 595 931 665 fuit,
945 613 1014 669 quac
1026 597 1071 650 sub
1080 597 1117 650 Au·

120 680 252 740 tiehristo
266 679 362 734 futrrra
375 689 519 752 speratur,
539 678 723 755 significatur
737 677 895 736 tenebroso
909 681 1012 734 timore
1023 677 1117 734 Abrabae

41 781 45 788 ·
122 757 200 820 eirea
213 765 282 818 solis
297 779 446 832 oceasum,
466 761 496 814 id
511 771 572 831 est,
594 763 809 834 propinquante
823 762 882 816 iam
895 761 955 816 fine
969 763 1078 816 saeculi:
1092 762 1117 813 sic

120 848 157 904 ad
170 848 239 901 solis
254 844 448 916 oceasum,‚i(l
462 853 523 913 cst,
542 845 578 898 ad
592 846 688 917 ipsum
700 845 758 898 iam
772 843 877 915 finem,
901 844 1116 921 significatoriae
1142 828 1170 917 ᾖ

120 933 190 1007 igne
205 929 266 984 dics
281 927 381 982 iudicii
395 925 534 980 dirimens
550 927 681 981 carnales
698 935 750 999 pet
767 927 869 1002 ignem
888 927 1053 997 salvandos,
1071 925 1114 980 etit
1141 916 1170 1145 Ε

120 1015 191 1088 igne
205 1009 391 1064 damnandos.
409 1007 523 1063 Deinde
537 1018 743 1064 testamentum
756 1009 867 1063 factum
879 1009 918 1064 ad
930 1008 1113 1077 Abraham,tu·

120 1113 183 1149 ram
202 1091 341 1148 Chanaan
359 1092 477 1163 proprie
494 1091 681 1161 nranifestat,
710 1100 739 1145 et
757 1093 893 1146 nominat
915 1094 948 1147 in
970 1111 1003 1146 ea
1020 1091 1113 1146 uudceiu
1141 1146 1155 1153 ,

120 1184 223 1253 gentes
238 1193 256 1228 a
269 1172 388 1228 llirmine
401 1174 528 1249 Aegypti
541 1191 633 1246 usquc
646 1173 681 1228 atl
694 1171 803 1228 flumen
816 1193 957 1250 magnum
969 1173 1112 1248 Euphratem
1141 1172 1170 1243 Ι

47 1325 50 1340 Ι
120 1259 186 1316 Non
201 1276 271 1332 crgo
287 1275 304 1310 a
318 1252 437 1310 flumine
451 1275 558 1332 magno
571 1253 777 1331 Acgypti,hoc
791 1266 847 1326 est,
862 1255 947 1327 Nilo;
962 1257 1113 1330 setlaparn,
1140 1250 1170 1307 Ι

120 1340 197 1414 quod
216 1339 324 1394 dividit
342 1339 421 1398 inter
436 1341 602 1417 Aegyptum
624 1347 654 1398 et
673 1337 885 1410 Palaestinam,
909 1340 960 1398 ubi
983 1350 1026 1396 est
1046 1339 1113 1394 eiua
1140 1334 1170 1393 Ι

109 1422 332 1481 ‘Rhineearura
645 1479 646 1484 ,
1140 1400 1170 1639 ³

489 1572 512 1629 C
533 1575 558 1630 A
582 1572 615 1629 P.
657 1570 690 1628 X
702 1571 734 1628 X
748 1572 782 1629 V.

121 1670 162 1724 De
173 1669 251 1741 Agar
261 1669 361 1724 ancilla
374 1669 475 1733 Surae,
490 1684 569 1737 quem
580 1669 670 1720 eadem
682 1668 753 1721 Sara
763 1667 890 1724 Abrabae
905 1670 992 1724 coluit
1000 1679 1110 1724 erucam
1151 1644 1170 1723 Ῐ

588 1736 686 1789 binam.

182 1833 243 1900 lam
256 1843 326 1902 binc
339 1853 469 1918 tempora
482 1854 699 1917 consequuntur
712 1844 839 1908 filiorum
852 1845 1000 1916 Abrahae,
1016 1839 1113 1901 unlurlc
1152 1738 1170 1947 1

5 1965 6 1968 =
21 1981 22 1986 ,
120 1929 199 2006 Agar
213 1930 335 1998 ancilla,
359 1929 479 1983 alterius
492 1927 527 1981 de
542 1925 616 1982 Sara
629 1927 739 1998 libera,
760 1929 799 1984 *dc
820 1930 926 2002 quibus
940 1933 970 1986 in
984 1930 1049 1984 libro
1059 1942 1112 1998 supc-

120 2015 199 2067 riore
214 2012 273 2066 iam
286 2011 423 2066 diximus.
449 2010 533 2075 Quod
545 2019 643 2064 autem
661 2012 767 2066 attinet
787 2010 823 2066 ad
842 2031 905 2067 rem
927 2022 1046 2090 gestam,
1063 2007 1113 2064 uult
1155 1974 1170 2110 ι

26 2155 29 2162 .
121 2093 206 2150 modo
229 2102 273 2148 ert
292 2093 468 2149 inurendum
488 2092 522 2147 de
540 2091 594 2147 hac
613 2094 901 2151 concubina'erimen
916 2094 1048 2151 Abrahae.
1067 2088 1112 2143 llll

1086 2170 1112 2223 r
1155 2120 1170 2271 l

122 2185 166 2232 est
181 2193 215 2229 ea
229 2177 334 2248 quippe
347 2175 383 2229 ad
397 2173 597 2251 generandam
609 2178 731 2249 prolem,
745 2194 806 2233 non
819 2176 858 2232 ad
871 2179 1039 2251 explendam
1049 2174 1085 2230 lib'

121 2272 202 2326 nem,
218 2275 272 2310 nee
287 2259 443 2326 insultans,
459 2258 509 2313 sed
521 2259 618 2331 potius
631 2258 769 2314 obediens
780 2262 914 2338 coniugi,
929 2264 1112 2335 quaesueestt·

121 2341 238 2396 rilitatis
253 2338 376 2394 credidit
390 2360 454 2395 esse
468 2343 617 2410 solatium,
640 2343 665 2395 si
684 2342 860 2398 foecundum
883 2346 1005 2400 ancillae
1025 2351 1112 2404 utum,

121 2423 257 2497 quoniam
271 2432 378 2478 natura
392 2441 452 2478 nen
465 2432 589 2497 poterat,
604 2425 754 2479 voluntate
767 2424 879 2481 fuceret
891 2445 987 2497 suum,
1001 2434 1028 2480 et
1040 2442 1066 2479 ce
1076 2423 1113 2475 iun

120 2523 176 2580 quo
192 2503 263 2559 dicit
276 2505 447 2576 Apostolus,
469 2504 615 2561 Similiter
627 2516 657 2562 et
668 2509 716 2562 vir
730 2526 786 2562 nen
799 2506 889 2565 babet
895 2519 1066 2586 potestaten
1074 2520 1113 2558 ror·

117 2591 202 2663 poris
217 2589 277 2656 aui,
300 2590 356 2666 „sed
368 2590 482 2656 nculier,
496 2597 629 2666 uteretur
646 2590 752 2644 mulier
765 2590 801 2644 ad
813 2593 987 2665 pariendum
1001 2609 1035 2646 ex
1046 2592 1113 2650 altra

121 2669 195 2743 quod
215 2689 274 2725 non
292 2681 407 2745 poterat
430 2689 467 2725 ex
487 2689 518 2724 se
538 2673 610 2744 ipsa.
649 2671 737 2727 Nulla
756 2681 801 2727 est
820 2672 869 2728 hic
891 2676 994 2749 cupido
1007 2671 1114 2734 lasciviat,

120 2754 199 2807 nulla
215 2756 363 2826 nequitiae
377 2752 535 2826 turpitudo.
558 2753 601 2808 Ab
615 2745 708 2810 uxore
723 2774 810 2811 causa
823 2760 916 2829 prolis
931 2761 1035 2814 ancilla
1046 2751 1115 2811 murlt

119 2834 256 2906 traditur,
271 2838 405 2891 emerito
417 2855 504 2891 causa
517 2838 607 2910 prolis
622 2838 776 2910 accipitur:
790 2839 826 2895 ab
839 2850 967 2915 utroque
980 2859 1037 2897 non
1049 2837 1116 2907 capu
1159 2872 1170 2925 Ι

118 2920 222 2987 luxus,
245 2918 297 2972 sed
317 2928 440 2974 naturae
457 2919 570 2974 fruetus
593 2922 767 2994 exquiritur.
805 2922 946 2997 Denique
964 2944 1028 2979 cum
1045 2915 1117 2976 ancill!
1157 2946 1170 3015 p

119 3000 252 3077 gravida,
267 3000 384 3056 domina
399 2999 556 3077 [dominae]
571 3005 681 3074 sterili,
705 3006 884 3077 superbirat,
910 3017 940 3074 ct
951 3006 1005 3062 hoc
1018 3005 1118 3062 Saran-
1160 3024 1170 3091 p

119 3085 249 3156 spicione
262 3085 398 3140 muliebri
411 3085 476 3140 viro
490 3087 586 3156 potius
599 3087 772 3160 imputaret,
787 3090 876 3143 etiam
889 3088 931 3143 ibi
945 3079 1118 3146 demonstrarit
1159 3094 1170 3171 'p

117 3166 262 3223 Abraham
275 3183 334 3221 non
348 3185 379 3221 sc
394 3177 552 3222 amatorem
566 3173 699 3238 scr'vum,
722 3169 773 3224 sed
785 3171 911 3226 liberum
929 3173 1021 3228 fuisse
1037 3168 1118 3247 genitr
1159 3182 1170 3251 p

116 3267 195 3320 rem,
219 3258 248 3304 et
267 3250 299 3304 in
312 3249 392 3326 Agar
404 3247 498 3305 Sarae
513 3242 633 3328 coniugi
644 3251 814 3325 pudicitiam
828 3254 1005 3326 eustodise3
1031 3263 1119 3308 necto·
1158 3280 1170 3339 p

117 3334 258 3405 luptatem
272 3350 363 3401 suam,
378 3333 428 3387 sed
441 3335 623 3390 voluntatem
636 3336 715 3389 illius
731 3337 910 3409 implevisse:
930 3340 1077 3412 accepisse,
1087 3343 1120 3386 nrt
1157 3356 1170 3423 Ι

116 3416 250 3488 petiissc;
264 3417 432 3483 accessisse,
447 3433 502 3469 nec
517 3415 660 3493 haesisse3
683 3420 855 3489 seminasse,
875 3438 929 3474 nec
945 3439 1061 3476 amasse.
1091 3411 1120 3468 lli
1155 3440 1170 3505 Ι

118 3498 211 3553 enim:
231 3496 308 3553 Ecce
322 3498 433 3553 ancilla
448 3501 544 3560 tuctu
558 3501 692 3555 munibus
706 3503 777 3570 tuis,
798 3514 882 3560 utere
897 3523 934 3559 eu
947 3501 1076 3579 quomedo
1087 3491 1120 3550 uti
1145 3512 1170 3589 Ι

115 3579 276 3651 placuerit.
305 3579 441 3635 Ovirum
452 3581 579 3635 viriliter
593 3589 724 3636 utentem
743 3583 877 3658 sentinis,
903 3587 1119 3663 coniugctetnpt·

45 3731 49 3744 ἡ
118 3669 230 3732 rantcr,
245 3663 351 3742 ancilla
364 3663 608 3736 obtemperanter,
624 3667 704 3720 nulla
718 3665 954 3741 intemperanter.
