2362 4312
20 147 21 150 ι
66 233 70 252 .
102 197 162 252 ,ιι
336 188 437 250 ιιινι
467 185 657 248 ιιιιιιιι
688 147 944 293 avenarum

122 347 286 403 carnalium
300 343 610 416 concupiscentiarum
622 359 685 400 non
699 341 788 426 pedit,
816 353 846 400 et
859 307 955 418 ipsum
967 361 1077 418 eorpus
1091 364 1160 401 san-

30 491 31 494 ,
115 429 285 487 etifimtur:
313 434 343 482 ct
359 426 425 482 ideo
440 445 507 482 cum
526 427 569 481 eis
589 444 650 494 ιιοιι
668 427 772 483 cedere
790 422 971 500 inconcussa
990 429 1157 492 intentione

83 565 86 570 .
121 515 272 589 persistit,
299 530 354 566 nee
368 509 426 564 dc'
418 528 482 583 rpso
503 512 717 585 eorporcperit
732 512 892 581 sanctitat,
920 512 990 584 quia
1005 530 1041 566 eo
1055 521 1155 568 sancte

26 606 38 640 '-
121 595 226 653 utendi
247 601 419 672 perseverat
437 595 593 668 noluntas,
619 602 650 649 et
669 597 812 670 quantum
836 595 869 665 in
892 594 957 666 ipso
978 603 1041 666 est,
1069 597 1152 694 etiam

121 681 255 742 facultas

184 762 323 840 Neque
307 761 385 818 enim
405 777 560 835 eoeorpus
586 767 723 820 sanetum
750 769 812 832 est,
836 760 917 834 qued
936 762 1001 839 eins
1027 764 1152 819 membra

53 901 54 904 ,
122 856 193 904 sunt
205 849 340 922 integra,
367 851 467 903 anteo
481 842 561 917 quod
586 845 668 903 nulle
683 853 908 908 contrectantur
933 855 1062 918 attactu3
1090 866 1151 903 cum

121 931 237 1006 possint
250 928 376 984 diversis
394 927 483 982 etiam
503 927 619 984 casibus
638 929 795 984 vulnerata
809 929 871 1004 rim
886 930 1027 1003 perpeti,
1047 939 1077 984 ct
1094 949 1150 986 mca

122 1013 182 1070 diei
195 1011 354 1086 aliquando
369 1012 459 1068 saluti
466 1011 652 1108 opitulantes
665 1009 739 1078 haec
753 1012 794 1066 ibi
811 1011 949 1084 faciant,
966 1031 1041 1087 quae
1054 1010 1150 1069 horret

121 1097 289 1168 adspectus
310 1094 466 1151 Obstetrix
478 1095 605 1170 virginis
621 1093 794 1151 cuiusdam
786 1097 990 1192 integritatem
1003 1115 1092 1153 ιιιιιιιιι
1103 1115 1148 1152 vc-

121 1181 166 1236 lut
185 1181 361 1251 explorans,
388 1179 451 1236 sive
475 1178 699 1249 malevolentia,
727 1179 790 1254 sire
815 1179 951 1252 inscitia,
985 1180 1046 1235 siva
1073 1198 1149 1249 casu,

37 1263 38 1266 ’
122 1263 342 1334 dumrnsprcrt,
360 1259 497 1358 perdidit.
540 1259 610 1324 Non
623 1279 729 1334 opinor
743 1279 920 1336 quemquem
931 1272 997 1320 ιιιιιι
1005 1265 1096 1319 stulte
1107 1281 1149 1318 sa

121 1364 212 1419 pere,
237 1354 278 1401 ut
285 1343 362 1400 huic
361 1345 491 1418 periisse
505 1343 617 1419 aliquid
626 1346 797 1416 existimet,
826 1346 915 1402 etiam
932 1345 991 1400 de‘
982 1348 1076 1444 appius
1089 1365 1149 1402 eor-

122 1431 240 1504 poris·
217 1429 392 1499 sanctitate,
420 1429 554 1502 quamvis
579 1427 704 1484 membri
715 1428 796 1483 illius
816 1427 1017 1508 integritate
1008 1448 1068 1490 ram
1087 1447 1148 1504 per-

122 1512 192 1570 dita
237 1512 384 1586 Quocirca
395 1513 548 1587 proposito
561 1512 654 1574 animi
674 1503 896 1609 permanente,
907 1531 960 1588 per
973 1506 1064 1587 quod
1067 1515 1150 1568 ctiam

123 1614 230 1673 eorpus
245 1594 426 1654 sanctificari
445 1596 570 1666 meruit,
596 1613 655 1655 nec
678 1596 736 1670 ipsi
757 1597 875 1668 corpori
893 1596 992 1660 aufert
1011 1597 1148 1653 sanctita-

121 1690 182 1736 tem
194 1679 337 1737 riolentia
350 1677 618 1757 libidinisalienae,
632 1697 719 1752 quam
733 1688 832 1734 servm
843 1681 1066 1752 perseverantia
1081 1698 1148 1736 con·

121 1763 266 1821 tinentiae
280 1781 360 1819 suae.
389 1761 437 1818 Αιι
450 1780 527 1817 rero·
537 1762 564 1817 si
577 1763 676 1837 aliqua
689 1762 799 1818 femina
811 1771 910 1826 mente
923 1771 1074 1837 corrupta,
1088 1765 1148 1819 rio-

120 1849 241 1923 latoquc
259 1847 414 1926 proposito
428 1843 508 1918 quod
525 1843 591 1904 Deo
611 1853 752 1916 voverat,
778 1855 884 1922 pergat
904 1846 1039 1902 vitianda
1053 1846 1090 1902 ad
1103 1845 1148 1900 dc-

20 1913 24 1940 ·
54 1980 55 1983 ,
121 1940 383 2004 ceptoremsuum,
409 1926 504 1983 adhuc
531 1945 595 1984 eam
612 1936 786 2009 pergentem
804 1939 937 1992 sanctam
953 1932 1002 1987 vel
1030 1947 1149 2004 corpore

121 2013 260 2084 dicimus,
289 2029 325 2094 ea
339 2007 496 2068 sanctitate
510 2011 617 2080 animi,
642 2028 803 2088 perquam
816 2031 943 2086 corpus
946 2013 1147 2070 sanctificaba-
1163 2059 1165 2064 ,

76 2096 78 2108 ⁴
120 2107 186 2169 tur,
212 2087 320 2151 amissa
338 2102 427 2166 atque
445 2089 613 2150 destructa?
639 2094 725 2150 Absit
736 2094 784 2151 hic
798 2114 899 2152 error:
924 2105 954 2152 et
966 2095 1039 2152 hinc
1056 2098 1148 2171 petius

97 2190 100 2196 ’
123 2179 346 2277 admoneamur,
372 2177 415 2233 ita
433 2195 495 2236 non
515 2177 611 2252 amitti
629 2177 762 2251 corporis
784 2181 987 2250 sanctitatem,
1014 2189 1148 2236 manente

120 2263 212 2319 animi
225 2262 394 2331 sanctitate,
420 2261 508 2317 ctiam
522 2277 645 2358 corpore
659 2279 811 2338 oppresso,
832 2263 910 2320 sicut
925 2262 1072 2322 amittitur
1086 2281 1147 2318 cor-

86 2345 89 2354 '
119 2348 200 2419 peris
215 2344 357 2400 sanctitas
371 2345 482 2400 violata
496 2343 588 2402 animi
601 2346 770 2417 sanctitate,
791 2347 880 2402 ctiam
894 2358 1017 2419 corpere
1028 2348 1146 2403 intacto

120 2428 316 2502 Quamobrem
351 2445 412 2483 non
441 2425 529 2484 habat
556 2426 675 2504 qued'
665 2447 699 2490 ιιι
724 2447 756 2484 sc
782 2438 877 2486 morte
905 2438 1070 2504 spontanea
1096 2448 1147 2504 pu·

120 2513 185 2568 niat
196 2511 323 2580 femina,
342 2511 408 2567 sine
425 2512 486 2566 ulla
500 2528 554 2566 sua
567 2513 766 2568 consensione
779 2502 929 2586 riolenter
943 2531 1096 2587 oppressa,
1123 2520 1150 2566 et

120 2596 216 2651 alieno
232 2611 400 2666 compressa
413 2603 549 2668 peceato-z
575 2604 705 2672 quanto
713 2597 810 2652 minus
835 2606 993 2671 antequam
1010 2593 1068 2652 hoc
1082 2591 1149 2652 fiat?

117 2697 158 2734 nc
184 2677 357 2733 admittatur
382 2674 574 2734 homicidium
599 2688 751 2749 certum,
768 2698 835 2735 cum
866 2681 963 2754 ipsum
996 2679 1149 2758 flagitium,

119 2763 252 2849 quamvis
265 2749 411 2858 alienum,
438 2759 533 2818 adhue
545 2760 675 2838 pendet'
667 2771 823 2830 incertum
910 2771 917 2782 ‘

492 2911 614 2969 CAP.
657 2909 772 2970 XIX.

223 3007 269 3061 De
276 3007 424 3072 Lucretia,
444 3025 512 3076 quae
523 3024 549 3061 se
560 3009 591 3060 ob
601 3009 711 3078 illatum
726 3009 778 3063 sibi
791 3019 914 3080 stuprum
922 2983 1047 3080 peremit.
1121 3025 1124 3035 ·

121 3100 227 3157 An
241 3099 320 3155 forte
331 3098 400 3155 huic
412 3100 587 3172 perspicuae
600 3101 723 3171 rationi,
751 3119 809 3176 qua
823 3100 947 3158 dicimus
962 3119 1088 3184 corpore
1101 3118 1149 3172 op·

118 3145 232 3282 presso,
254 3199 440 3256 nequaquam
452 3183 604 3257 proposito
619 3185 767 3239 castitatis
780 3186 862 3240 ulla'
853 3204 885 3240 ιιι
899 3175 1010 3240 malum
1025 3195 1148 3239 eonsen-

57 3293 58 3296 ¹
119 3269 203 3324 sione
215 3275 341 3336 mutato,
368 3265 449 3320 illius
464 3273 580 3321 tantum
594 3284 659 3322 esse
670 3265 817 3352 flagitium
831 3269 882 3344 qui
897 3269 1066 3340 opprimens
1082 3284 1149 3322 con-

119 3351 270 3421 cubuerit,
296 3363 357 3406 non
371 3349 451 3403 iilius
466 3367 541 3423 quae
559 3367 701 3422 oppressa
730 3345 938 3410 concumbenti
951 3352 1032 3406 nulla
1046 3352 1149 3405 volun-

118 3443 179 3490 tate
192 3433 398 3502 eonsenerit,
426 3431 631 3488 contradicere
649 3433 800 3510 audebunt
812 3432 863 3506 hi,
890 3443 994 3490 eontra
1021 3451 1096 3508 quos
1110 3432 1150 3488 ie-

118 3519 265 3588 minarum
278 3515 513 3582 Christianarum
525 3517 557 3572 in
578 3518 750 3590 captivitate
770 3535 980 3591 oppressarum
1006 3535 1068 3572 non
1086 3525 1149 3570 tan-

77 3669 80 3676 ,
103 3608 181 3676 Ιιιιιιι
193 3610 334 3672 mentes„
345 3618 451 3656 rerum
465 3600 554 3656 etiam
569 3617 694 3673 corpora
709 3611 812 3658 saneta
825 3593 1010 3658 defendimus
1025 3595 1039 3654 i
1066 3605 1080 3635 e
1095 3597 1150 3654 Lu·

106 3675 240 3739 'erctiam
267 3693 346 3740 certe
371 3692 537 3740 matronam
549 3684 681 3741 nobilem
704 3694 895 3760 veteremque
915 3683 1079 3740 Romanam
1098 3699 1149 3755 pu-

117 3766 237 3823 dicitiae
250 3768 366 3844 magnis
380 3763 508 3823 efferunt
519 3765 666 3826 laudibus.
710 3767 808 3825 Huius
824 3787 948 3842 corpore
962 3766 1150 3823 cumviclen·

117 3859 164 3906 ter
177 3867 316 3925 oppresse
332 3849 490 3925 Tarquinii
501 3850 583 3929 regis
596 3849 676 3908 iilius
690 3851 848 3910 libidinose
860 3852 972 3926 potitus
987 3859 1076 3919 esset,
1105 3847 1150 3902 illa
