2310 4306
68 239 74 248 ·
165 209 469 272 DECWITATE
494 151 892 288 lk)E)·1v-11113.XV111.V”w
957 223 1013 280 181

1 373 57 416 ιιι
81 371 111 418 et
133 362 210 418 sulse
232 364 418 435 cecinerunt,
446 362 566 421 colendo
586 383 652 420 oum
670 364 720 421 illo
741 364 814 426 elios
832 367 883 441 qui
900 366 942 422 dii
954 386 1014 426 non

1 451 66 513 mt,
91 446 194 518 eisque
215 442 378 500 exhibendo
397 447 570 504 famulatum
596 448 646 520 qui
673 447 726 502 uni
750 455 866 502 tantum
891 448 1014 506 debetur

2 537 64 596 wo,
74 545 134 583 non
148 528 178 581 ei
191 529 292 600 utique
305 530 362 584 rite
374 530 553 598 servierunt,
567 547 622 584 nee
635 545 653 582 ιι
665 526 797 584 fabuloso
808 524 931 586 deorum
944 548 1014 586 suo·

1 609 201 666 uiedeoore
221 610 309 664 etiam
320 611 378 682 ipsi
395 628 427 667 se
444 611 591 666 abstinere
603 618 773 683 potuerunt.
817 609 878 685 [Ex
892 628 1016 684 quorum

1 697 103 747 unere
117 691 208 746 fixisse
222 689 424 767 perhibentur]
453 691 603 766 Orpheus,
619 691 771 762 Musaeus,
785 691 885 768 Linus.
907 691 1016 750 Verum

1 773 44 826 ti
53 771 196 850 Theologi.
204 773 273 829 deos
288 776 461 845 coluerunt,
481 794 540 831 non
553 793 605 848 pro
620 774 676 830 diis
689 775 760 832 eulti
773 783 856 834 sunt:
883 777 1014 850 quamvis
1064 833 1069 848 ,

2 853 129 929 mpteum
141 858 243 914 neseio
258 856 400 931 quomodo
414 858 539 913 infernis
554 859 656 927 saeris,
672 859 717 915 vel
729 858 828 932 potius
839 858 1014 935 sacrilegiis,

1 933 139 995 Reieere
164 941 258 994 soleat
280 938 392 995 Civitas
414 941 580 1014 impiorum.
622 937 703 996 onr
720 948 818 995 autem
831 938 1014 1018 regisritha-

1 1021 104 1093 antis,
117 1038 192 1096 quoe
205 1021 366 1077 vocabatur
378 1021 442 1092 ino,
455 1023 559 1078 eteius
573 1021 651 1077 iilius
665 1021 831 1078 Melicertes
844 1017 1015 1097 praeeipitio

1 1115 141 1172 poumneo
155 1105 188 1159 in
201 1105 275 1160 mari
287 1105 454 1177 perierunt,
481 1113 511 1159 et
524 1104 663 1178 opinione
675 1101 825 1160 hominum
838 1107 870 1164 iu
884 1104 952 1161 deos
966 1125 1014 1162 re·
1110 1121 1124 1132 ²

1 1187 42 1242 mi
52 1197 131 1244 sunt:
154 1187 233 1242 sieut
245 1187 296 1240 alii
307 1184 441 1241 homines
455 1205 555 1243 eorum
568 1193 745 1260 temporum,
760 1185 852 1261 [inter
865 1203 936 1263 quos
951 1188 1014 1244 fue·

1 1264 65 1342 nt]
79 1268 181 1326 Castor
195 1277 224 1324 et
236 1265 351 1322 Pollux.
394 1267 477 1324 Illam
495 1285 566 1324 sone
584 1267 743 1324 Melicertio
761 1277 885 1325 matrem
900 1269 1013 1328 Leuco-

1 1355 76 1410 {eam
89 1351 215 1420 Graeci,
232 1349 373 1406 Matutam
386 1349 485 1424 Latini
498 1357 690 1408 vocaverunt:
717 1353 834 1425 utrique
847 1360 945 1409 tamen
959 1371 1013 1427 pu·

1 1443 77 1489 ntes
91 1434 183 1490 deam.
255 1431 258 1440 ’
754 1431 755 1436 “

376 1513 398 1572 C
420 1515 445 1572 Α
465 1513 498 1571 Ρ.
528 1511 573 1570 ⁴¹X
586 1513 620 1570 V.

1 1591 130 1661 Ῐιιιιιιιιι
139 1609 219 1678 regni
227 1607 405 1680 Argivorum,
425 1625 477 1677 quo
493 1619 611 1677 tempore
626 1611 700 1678 opud
707 1609 860 1662 Laurentes
869 1609 954 1661 Picus
967 1608 1015 1663 Sa·

187 1679 262 1730 terrei
269 1678 349 1748 filim
358 1694 473 1746 regnum
482 1680 575 1746 patris
582 1679 686 1748 primur
696 1677 807 1744 aceepit.

49 1762 104 1819 Per
117 1783 152 1820 ea
166 1775 295 1841 tempora
307 1785 433 1844 regnum
445 1766 562 1823 finitum
576 1777 622 1823 est
633 1768 826 1846 Argivorum,
840 1767 1015 1823 translatum

1 1841 195 1920 Mycenas,
211 1849 298 1910 ,unde
322 1850 380 1905 fuit
397 1849 612 1926 Agamemnon:
639 1859 669 1906 et
682 1859 816 1906 exortunr
832 1857 877 1904 est
890 1864 1014 1924 regnum

2 1938 173 2002 autentum,
200 1931 251 1986 ubi
264 1930 387 1987 Saturni
406 1931 483 1987 filius
497 1931 583 1988 Piens
607 1951 733 2010 regnum
756 1932 865 2004 primus
889 1933 1014 2002 accepit,
1048 1977 1053 1996 4

1 2007 128 2070 dicante
151 2013 227 2086 opud
249 2011 400 2070 Hebraeos
424 2013 533 2070 femina
555 2014 685 2072 Debora:
712 2013 762 2070 sed
785 2032 836 2087 per
859 2013 939 2068 illam
957 2011 1015 2068 Dei

1 2085 107 2165 §isitius
122 2094 152 2148 id
165 2095 284 2171 agebat:
298 2114 366 2152 nam
378 2107 408 2152 et
421 2096 477 2151 iam
489 2095 671 2170 prophetissa
682 2106 756 2166 erat,
771 2095 852 2150 ouius
863 2093 1015 2167 prophetia
1034 2107 1035 2112 ’
1105 2145 1107 2152 .

1 2171 76 2230 iiuus
88 2186 190 2250 aperta
203 2186 264 2247 est,
285 2195 369 2251 quam
383 2187 415 2234 ut
428 2179 573 2251 possimus
587 2196 651 2233 eam
664 2180 729 2234 sine
744 2177 883 2236 diuturna
896 2178 1014 2249 exposi-
1083 2239 1085 2244 χ

2 2257 63 2311 ’,διο
75 2259 110 2314 de
124 2258 242 2315 Christo
257 2258 458 2316 demonstrare
470 2262 630 2333 prolatam
665 2259 727 2316 lam
751 2277 822 2334 ergo
850 2258 1014 2334 regnabunt

3 2339 141 2396 florentes
156 2342 257 2415 utique
271 2342 303 2397 iu
316 2339 432 2412 ltalia,·
443 2359 482 2396 ex
495 2341 601 2414 quibus
616 2341 783 2398 evidentior
797 2340 912 2396 ducitur
931 2343 1014 2417 origo

2 2413 112 2478 &mana
134 2432 202 2497 post
222 2423 365 2480 Graecos:
393 2431 538 2478 ettamen
561 2422 656 2490 adhue
678 2441 804 2500 reguum
826 2422 1015 2496 Assyriorum

2 2506 182 2576 manebat,
208 2505 260 2562 uhi
279 2516 343 2561 erat
359 2523 413 2561 rex
431 2505 593 2561 vicesimus
605 2508 711 2560 tertius
725 2505 898 2583 Lampetes,
917 2513 1014 2578 'quum

2 2581 88 2642 tinus
101 2587 282 2644 Laurentum
297 2587 382 2643 Piens
402 2605 466 2642 esse
488 2588 638 2660 coepisset.
682 2587 728 2644 De
749 2584 837 2639 huius
852 2583 916 2640 Pici
932 2596 1016 2657 patre

3 2672 108 2725 {turno
121 2670 252 2726 viderint
266 2670 335 2744 quid
349 2670 479 2725 sentiant
490 2669 593 2724 talium
607 2667 727 2725 deorum
740 2668 884 2737 cultores,
898 2669 948 2740 qui
962 2687 1014 2724 ne-

2 2757 55 2802 Ιιι
77 2750 225 2810 hominem
247 2752 355 2808 fuisse:
383 2751 417 2807 de
436 2768 493 2826 quo
513 2759 543 2806 et
561 2752 612 2807 alii
630 2753 827 2825 seripserunt,
854 2748 932 2822 quod
945 2760 1013 2806 ante

5 2821 80 2906 ioum
93 2834 187 2890 fliium
199 2853 284 2892 suum
297 2836 329 2892 in
341 2832 426 2891 ltalia
439 2835 502 2909 ipae
515 2835 701 2913 regnaverim
715 2829 902 2908 et'Virgilius
916 2831 1014 2884 notio-

4 2899 264 2973 ffiumerisoiot:
727 2947 730 2954 ·

45 2998 90 3054 *is
103 3017 198 3076 genus
215 3000 359 3072 indocile,
373 3017 408 3056 ao
421 2998 583 3076 dispersum
595 2998 746 3056 montibus
759 2996 827 3055 altis

62 3079 251 3157 Composuit,
264 3083 403 3159 legesque
415 3081 511 3154 dedit,
524 3081 696 3157 Latiumque
708 3081 809 3139 voeari

52 3162 183 3236 Maluit3
207 3163 254 3222 his
273 3167 410 3240 quoniam
423 3165 559 3220 latuisset
574 3174 655 3221 tutus
668 3167 700 3220 in
715 3165 785 3220 oris.

60 3247 216 3322 Aureaque
229 3257 263 3304 ut
275 3246 428 3322 perhibent
440 3248 489 3304 iilo
504 3247 558 3304 sub
574 3265 645 3324 rege
658 3246 742 3306 fuere
752 3286 764 3310 .

61 3327 198 3394 Saecula.
837 3337 842 3342 '

4 3402 37 3462 ⁵(l
52 3411 124 3470 haee
138 3415 254 3486 poetica
267 3413 424 3487 opinentur
438 3429 501 3469 esse
514 3411 672 3489 figmenta,
684 3421 714 3467 et
726 3409 790 3466 Pici
804 3419 918 3483 patrem
931 3408 1014 3468 Ster-

4 3497 31 3542 ³¹¹
49 3496 151 3568 potius
165 3495 257 3552 fuisse
268 3504 452 3565 asseverent,
471 3512 489 3550 a
503 3513 560 3569 quo
573 3493 751 3568 peritissimo
764 3493 897 3568 agricola
909 3495 1014 3550 inven-

5 3577 180 3654 Merum,
206 3587 243 3634 ut
253 3579 322 3634 fimo
336 3578 504 3634 animalium
517 3579 581 3654 agri
601 3574 865 3645 foecundarentur,
891 3575 968 3649 quod
979 3576 1015 3632 ab

5 3659 48 3712 ils
62 3661 184 3717 nomine
203 3671 314 3718 stereus
328 3669 373 3716 eet
390 3660 512 3716 dietum:
539 3657 616 3716 huno
634 3656 750 3733 quidum
769 3654 948 3734 stercutium
966 3675 1017 3714 vo·

5 3737 210 3812 *temserunt
242 3744 390 3816 *Quolibet
403 3752 501 3798 eutem
515 3759 551 3796 ex
566 3759 652 3798 eousa
666 3757 733 3794 eum
747 3737 908 3795 Saturnum
921 3741 1017 3814 appel·
1078 3749 1080 3752 '

6 3825 47 3874 te
71 3825 235 3896 soluerint,
262 3835 341 3884 certe
364 3834 409 3882 est
433 3834 527 3882 tanuen
559 3823 637 3880 huno
658 3820 784 3880 Stereen
811 3822 873 3880 sive
899 3819 1018 3878 Stercu-
