2362 4314
134 171 195 270 on
218 143 538 276 crviuauusour
557 137 638 233 um.
660 171 781 234 xxn.
881 125 981 252 'eoa
1058 221 1060 230 s
1094 207 1096 216 ,

61 328 220 400 incurrant,
233 343 321 404 super
334 331 402 401 aira
415 327 447 389 in
460 324 586 386 nubibus
599 323 764 402 pendeantl
778 325 837 388 Cur
850 328 977 408 denique

67 410 180 468 medius
191 411 270 468 inter
284 429 395 468 summa
405 411 496 486 coeli,
511 420 541 467 et
553 410 631 468 nuda
641 409 724 488 [ime]
737 419 892 487 terrarum,
904 432 977 489 qua·
1063 471 1068 476 ,

61 513 122 550 sum
132 495 211 552 orbis
221 492 400 568 extenditur,
414 495 441 552 si
452 495 534 550 locus
547 495 609 550 eius
622 496 700 550 inter
711 495 825 554 coelum
836 505 865 555 ct
875 491 977 574 aquasss
989 525 990 528 ¹

61 579 267 658 quarumsinter
280 579 375 652 ipsum
388 586 418 634 et
429 587 523 635 terras
536 587 581 634 est
595 574 791 638 constitutusl
1044 581 1049 590 '

61 667 161 718 strtmo
175 663 202 720 si
214 663 256 718 ita
269 669 315 718 est
327 662 536 720 elementorum
547 659 618 720 ordo
633 658 808 736 dispositus,
825 671 860 722 ut
871 681 979 722 secun·
1025 719 1028 732 ,

61 754 181 803 atonem
194 744 305 802 duobus
315 743 444 816 mediis,
454 745 485 801 id
497 754 557 818 est,
575 743 643 804 aire
654 754 684 803 ct
695 763 786 822 aqua,
807 745 978 821 duosextrc-
998 781 1000 788 s

62 837 117 900 est,
129 829 209 906 ignis
220 829 348 905 ettcrra‚
362 829 542 906 iungantur,
556 830 684 906 coelique
696 829 828 888 obtineat
837 831 887 904 ille
899 849 978 888 sum-

61 930 113 984 ιιιι,
132 909 203 970 baec
222 901 320 968 autem
338 913 405 982 imi,
423 913 505 970 velut
522 911 701 982 fundaminis
723 913 841 985 mundi,
865 906 897 974 et
913 912 979 974 ideo
1114 967 1117 974 ,

61 1013 74 1052 o
89 1013 226 1056 essenon
239 1003 336 1070 potest
348 1004 441 1068 terro;
459 1014 512 1052 cur
526 1003 572 1053 est
583 996 646 1071 ipse
654 997 737 1076 ignis
751 994 896 1055 interret
922 995 978 1055 Se·
1064 1022 1067 1038 ‹

61 1099 75 1138 a
95 1077 172 1140 banc
191 1079 296 1154 quippe
313 1079 515 1152 rationemkita
534 1080 591 1136 ista
610 1079 667 1135 duo
688 1082 832 1152 elementa
851 1081 884 1136 in
905 1080 982 1150 locis¹

61 1181 82 1233 s,
95 1163 153 1220 irno
162 1181 201 1218 ec
213 1181 334 1234 summo,
349 1171 428 1220 terra
438 1171 471 1220 ,et
483 1163 562 1240 ignis
574 1179 638 1218 esse
649 1160 820 1238 debuerunt,
833 1172 867 1221 ut
879 1181 979 1240 quem-

61 1266 102 1302 1m
115 1248 219 1304 nolunt
231 1247 263 1302 in
276 1264 388 1308 sunamo
402 1264 466 1302 esse
478 1263 562 1322 posse
575 1244 652 1320 quod
669 1246 721 1302 imi
738 1256 795 1317 ost,
823 1249 865 1304 ita
879 1266 936 1304 nee
947 1249 979 1314 in
1020 1307 1021 1312 ἵ

61 1340 121 1387 sset
134 1347 199 1388 esse
212 1327 291 1405 quod
304 1330 410 1386 summi
422 1338 475 1386 est.
511 1327 595 1388 Sicut
608 1347 678 1406 ergo
693 1329 804 1388 nullam
815 1323 921 1405 putant
932 1332 981 1388 vel

61 1413 221 1470 obfuturam
256 1431 303 1470 sse
323 1421 419 1470 terroe
437 1413 610 1488 particulam
628 1413 660 1470 iu
681 1415 780 1482 coelo,
805 1412 847 1470 ita
870 1415 984 1472 nullam.
1062 1399 1083 1456 ,¹
1105 1426 1107 1430 ’

61 1499 122 1554 ,Ιιιιιι
134 1495 217 1555 vider
249 1494 398 1553 debuimus
411 1497 489 1574 ignis
508 1498 540 1552 in
552 1505 640 1552 terra.
673 1494 759 1554 Nunc
773 1497 843 1552 vero
856 1515 917 1554 non
932 1515 980 1576 so-

69 1581 173 1652 terris,
194 1581 399 1646 verumetiam
411 1581 464 1637 sub
478 1581 565 1642 terris
578 1580 620 1634 ita
634 1588 696 1652 cst,
721 1587 754 1635 ut
768 1598 834 1636 eum
848 1589 982 1638 eructent
1052 1637 1054 1640 .

61 1682 74 1720 a
98 1663 257 1736 montium3
282 1672 400 1738 praeter
420 1661 498 1739 quod
518 1663 551 1720 in
573 1662 673 1720 usibus
698 1661 847 1719 bominum
865 1671 895 1718 et
917 1680 981 1720 esse

61 1748 201 1817 interra,
216 1754 246 1802 et
259 1765 324 1802 eum
337 1748 420 1804 nasei
432 1745 563 1804 ridemus
577 1755 719 1804 exterra:
734 1745 850 1822 quando
865 1744 981 1822 quidem

61 1831 130 1908 ,gnis
145 1828 229 1885 etde
247 1828 389 1906 lapidibus
409 1831 557 1901 nascitur,
583 1847 658 1905 quae
679 1840 749 1887 sunt
770 1839 892 1904 corpora
914 1830 980 1884 sine

61 1915 130 1971 :ione
145 1919 271 1970 terrena.
300 1911 359 1969 Sed
371 1914 437 1984 ille,
463 1915 621 1989 inquiunt,
644 1913 723 1992 iguis
737 1924 782 1968 est
794 1913 981 1986 tranquillus,

83 1997 240 2069 innoxius5
267 1996 473 2071 sempiternus:
500 1998 557 2052 iste
570 2005 668 2056 autem
681 1995 830 2067 turbidus,
857 1993 981 2074 fumeus,

61 2080 148 2138 tibilis
161 2088 248 2155 atque
258 2089 420 2155 corruptor.
452 2077 514 2138 Neo
527 2089 625 2137 tamen
638 2081 798 2156 corrumpit
810 2087 936 2150 montes,
945 2075 981 2134 'in
998 2077 1000 2080 ’

69 2165 181 2242 iugiter
195 2170 327 2235 aestuat,
342 2181 541 2240 cavernasque
554 2172 708 2222 terrarum.
733 2157 841 2219 Verum
855 2172 928 2232 esto,
943 2163 982 2217 sit

61 2267 65 2302 ι
77 2247 237 2318 dissimilis,
250 2255 285 2304 ut
296 2247 422 2303 terrenis
433 2246 660 2304 habitationibus
676 2254 833 2324 congruat:
847 2263 899 2301 eur
910 2261 981 2322 ergo

63 2371 73 2404 ,
98 2339 132 2391 ut
146 2329 297 2402 credamus
311 2339 445 2386 naturam
457 2348 613 2404 corporum
625 2339 809 2388 terrenorum
825 2327 981 2404 aliquando

61 2414 203 2491 sptibilem
212 2413 319 2470 foetam
331 2412 412 2469 coelo
426 2413 649 2469 convenientem
661 2412 799 2482 futuram,
814 2413 890 2468 siout
902 2431 982 2468 nunc

61 2497 245 2573 orruptibilis
257 2494 302 2552 bis
321 2496 460 2554 convenit
473 2490 579 2564 terrisl
602 2493 684 2554 Nihil
696 2496 790 2572 igitur
804 2493 931 2564 offerunt
944 2513 982 2550 cx

61 2583 129 2638 'ibus
142 2590 229 2657 atquc
242 2578 345 2637 ordine
358 2580 583 2660 elementorum,
608 2575 686 2636 uude
700 2578 893 2662 omnipotenti
905 2575 981 2650 Deo,

61 2682 120 2721 *nus
134 2663 222 2721 faeiat
235 2681 357 2737 corpora
370 2671 472 2722 nostre
483 2661 570 2735 talia,
583 2669 617 2720 ut
630 2661 718 2720 etiam
729 2661 762 2720 in
776 2659 856 2717 coelo
868 2661 993 2742 [sossint¹
1084 2674 1087 2680 '

61 2767 98 2824 c,
112 2745 322 2825 praescribant.

347 2895 453 2958 can.
494 2881 589 2959 x‘11.

61 2985 217 3052 ‘calumnias
226 2995 385 3069 infidelium,
401 2991 498 3064 'quibua
509 2993 679 3049 Christianos
689 2993 720 3046 da
729 2991 833 3062 credita
843 2993 933 3050 carnis
942 3011 983 3048 re·

314 3065 479 3120 surrectione
493 3065 618 3119 irrident.

61 3170 337 3248 lscrupulosissime
347 3192 499 3249 quaerere,
513 3182 543 3230 et
552 3169 640 3230 fidem
653 3188 709 3247 qua
723 3169 982 3238 eredimuoresur-

61 3273 100 3311 un
114 3274 243 3327 earnem,
255 3258 298 3313 ita
310 3256 488 3332 quaerendo,
502 3259 631 3330 assolent
642 3253 783 3325 irridere,
802 3252 907 3311 Vtrum
918 3255 982 3318 foo-

61 3340 147 3396 ortivi
163 3336 338 3416 resurgenti
360 3339 400 3398 Et
419 3343 556 3417 quoniam
569 3338 714 3420 Dominus
732 3338 790 3394 ait:
812 3335 904 3395 Amen
919 3339 984 3396 dieo

63 3421 191 3500 capillus
204 3423 314 3500 capitio
326 3426 422 3481 vestri
433 3443 489 3482 aon
495 3423 629 3502 peribit:
655 3421 752 3478 utrum
765 3429 878 3478 statura
891 3430 922 3476 et
933 3439 982 3477 ro-

61 3505 152 3579 qualia
165 3505 263 3560 futura
276 3507 337 3562 siut
350 3507 499 3579 omnibus,
524 3525 563 3563 an
576 3505 709 3562 diversae
724 3521 877 3578 corporum
890 3521 984 3579 quan-

61 3584 71 3642 i
94 3585 129 3644 Si
142 3590 219 3642 cuim
233 3589 392 3664 aequalitas
407 3607 562 3664 corporum
576 3585 735 3659 erit‚'unde
748 3585 896 3646 habebunt
908 3587 984 3661 quod

61 3668 253 3727 ubabuerunt
264 3672 298 3727 in
310 3673 385 3727 mole
399 3674 530 3746 corporis
540 3672 584 3726 illi
598 3671 734 3741 abortivi,
748 3671 773 3732 si
782 3680 945 3746 ,resurgent
958 3681 989 3727 et
1025 3725 1028 3732 ,

61 3753 155 3809 butri
168 3737 408 3830 nonbesu1·geut‚
423 3756 492 3830 quia
505 3773 559 3824 nec
572 3755 635 3811 nati
648 3762 728 3835 sunt,
741 3751 793 3810 sed
806 3749 901 3824 effusi,
916 3772 986 3811 ean·
1008 3819 1010 3824 .

61 3836 236 3894 uacationem
249 3836 284 3894 de
293 3839 422 3913 parvulis
434 3847 563 3910 vorsant,
577 3837 654 3896 uude
666 3838 723 3894 illis
735 3851 876 3894 mensura
885 3855 986 3914 corpo-

561 3937 572 3961 .
881 3950 883 3954 .
