2340 4312
49 168 58 182 ’
128 216 212 282 ,ιιι
385 177 969 266 c‘rvrrvnnunrvcusrim

155 381 242 440 quam
256 363 398 418 moriente
411 359 529 416 homine
541 361 646 432 recipit
658 363 736 416 terra
750 361 929 431 communis3
953 360 1082 438 resurgenti
1089 358 1124 416 sti·

152 466 209 522 quc
224 445 383 502 redditura.
409 443 538 499 Proinde
551 444 581 499 iu
595 442 689 498 medio
703 453 818 511 terrae,
833 443 862 498 id
876 453 930 514 est,
944 461 1004 498 cum
1015 445 1084 498 anirm
1093 461 1123 496 m·
1152 488 1156 495 .

46 521 51 540 ⁴
152 541 213 585 stra
227 531 283 584 isto
294 539 413 584 terreno
427 525 570 582 clauditur
589 541 726 597 corpore,
752 523 918 582 faciendum
937 537 979 582 est
998 525 1121 582 iudiciuae

151 614 280 683 iustitia,
305 610 383 685 quod
395 611 479 667 nobis
492 603 585 683 prosit
604 609 634 662 in
653 617 816 682 posterum,
839 609 952 684 quando
965 610 1120 687 recipietque

152 715 206 773 que
219 695 376 751 seeundum
388 713 424 750 ec
444 712 518 770 quoe
524 709 585 768 per
592 707 704 767 eorpus
716 694 823 766 gessit,
848 694 910 748 siue
923 693 1025 760 bonum,
1035 693 1119 747 sicem

151 779 218 835 lum.
245 775 303 834 Per
317 785 421 855 corpus
434 777 539 850 quippe
552 775 593 830 ibi
606 773 683 829 dixit
694 774 862 848 Apostolus,
878 783 934 850 'per
946 785 1043 860 tenipus
1053 773 1115 847 qucri-

151 864 197 918 xit
211 864 242 918 in
255 877 387 934 corporo.
414 858 517 933 Neque
531 859 610 913 enim
622 858 648 912 'si
661 859 727 932 quis
740 859 871 936 maligna
884 868 980 915 mente
991 867 1061 932 atque
1071 855 1119 927 iuuit
1153 900 1160 911 ι,

152 945 329 1022 cogitatione
342 939 531 1016 blasphemet,
539 933 543 940 ’
552 958 646 1016 neque
659 941 689 996 id
701 943 768 996 ullis
782 943 920 998 membris
934 944 1050 1016 corporis
1061 955 1118 1010 spue-

152 1040 217 1097 tur,
238 1026 304 1081 ideo
318 1044 377 1081 non
392 1026 448 1080 erit
460 1043 544 1096 reus,
566 1025 633 1099 quia
647 1024 677 1078 id
690 1043 749 1080 non
763 1034 843 1080 motu
859 1027 987 1099 corporis
999 1025 1077 1102 gessit,
1086 1037 1119 1074 ιιι

1 1111 3 1125 '
99 1173 101 1186 χ
152 1111 206 1165 hoc
219 1128 271 1184 per
283 1108 356 1164 illud
369 1117 481 1182 tempu
495 1109 631 1185 gesserit,
652 1125 708 1182 quo
722 1109 814 1185 gessit
828 1118 859 1164 ct
871 1126 983 1182 corpus.
1022 1100 1119 1162 lstomlt

153 1199 352 1270 congruenter
365 1192 493 1268 intelligi
506 1199 602 1264 potest
615 1192 702 1246 etiam
715 1191 788 1247 illud
801 1192 879 1265 quod
891 1193 923 1247 in
931 1190 1037 1246 Psalmo
1047 1190 1119 1264 legitur:

153 1275 235 1332 Deus
255 1285 353 1330 eutem
371 1293 427 1331 ree
449 1285 550 1330 noster
571 1283 642 1331 ente
660 1274 780 1330 saecule
799 1267 942 1351 operatus
959 1269 1121 1331 ostentarat

153 1358 246 1414 medio
261 1367 380 1415 terrae:
399 1367 432 1412 ut
445 1356 588 1419 Dominus
602 1355 682 1412 lesus
695 1358 858 1431 accipiatur
871 1357 952 1444 Deus
966 1369 1052 1414 noster
1061 1353 1121 1428 quies

154 1451 222 1497 ante
236 1443 352 1497 saecula
362 1456 377 1512 ,¹
390 1443 459 1515 quia
471 1459 524 1515 per
537 1441 632 1515 ips'um
644 1441 722 1496 facta
736 1450 806 1496 sunt
818 1443 947 1512 saecula,
965 1449 1076 1516 operatus
1085 1427 1121 1508 {etl

52 1585 54 1588 ,
153 1527 277 1581 salutem
292 1533 422 1580 nostrum
442 1525 474 1579 in
493 1523 590 1578 medio
609 1532 722 1595 terrae,
749 1541 838 1598 quum
852 1522 976 1580 Verbum
996 1519 1122 1580 erronum

30 1607 36 1618 ⁹
154 1616 208 1678 cst,
224 1617 253 1664 ιι
265 1617 384 1664 terreno
398 1605 540 1664 habitavit
552 1608 585 1661 in
598 1625 728 1681 corpore.
777 1633 787 1686 ¹·

216 1689 330 1750 Deinde
349 1698 450 1765 postea
472 1706 559 1765 quam
576 1688 778 1764 prophetatum
795 1699 842 1746 ιιι
859 1692 891 1747 in
904 1689 949 1747 liis
962 1692 1049 1749 verbis
1059 1689 1120 1744 lass

154 1773 297 1849 quomodo
311 1774 431 1851 gloriari
444 1772 549 1828 debeat
561 1775 612 1847 qui
625 1775 784 1850 gloriatur,
798 1789 860 1830 non
873 1776 906 1830 in
919 1793 951 1830 se
963 1777 1063 1849 utique,
1072 1765 1121 1825 ulit

153 1857 297 1928 Domino;
319 1866 440 1931 'propter
459 1857 681 1914 retributionem
701 1874 775 1930 quae
792 1857 824 1913 in
839 1858 887 1913 die
901 1859 1002 1914 iudicii
1014 1858 1123 1913 inlunem

153 1940 306 2008 Dominus,
327 1941 432 2014 inquit,
452 1939 607 1996 adscendit
620 1941 650 1995 in
664 1939 768 2009 coelos,
783 1951 813 1998 et
825 1943 940 1998 tonuit:
968 1943 1028 2019 t'pm
1038 1929 1129 1995 isdlcdl'

75 2027 84 2064 ἰ
153 2031 285 2081 extreme
299 2031 411 2093 terrae,
439 2024 616 2100 quiciestea
631 2031 684 2078 est.
721 2021 846 2080 Prorsus
861 2025 994 2080 ordinem
1005 2022 1081 2079 tenuit
1089 2029 1125 2070 ιι·

152 2105 288 2162 fessionis
306 2105 444 2160 fidelium.
471 2104 728 2162 Adscenditcnim
748 2107 781 2162 in
804 2109 917 2163 coelum
936 2107 1066 2164 Dominus
1081 2094 1125 2156 Clr'r
1158 2150 1160 2153 .

153 2199 225 2259 stus,
240 2197 269 2243 et
282 2188 349 2244 inde
364 2198 505 2244 venturus
521 2196 566 2242 est
578 2179 614 2243 ad
626 2190 709 2243 vivos
724 2198 754 2245 et
766 2199 897 2245 mortuos
911 2189 1075 2248 iudicandos.
1087 2180 1129 2238 ll¹²
1162 2234 1165 2239 ,

117 2283 123 2294 ·
152 2274 217 2349 quis
231 2271 401 2340 adscendit,
428 2272 505 2327 sicut
522 2269 594 2326 dicit
606 2271 777 2344 Apostolu,
804 2261 1128 2350 suiquintanam&

151 2354 313 2426 inferiores
325 2364 436 2432 partes
454 2345 576 2411 terrae?
605 2352 666 2422 Qus
685 2355 850 2424 descendit,
876 2359 942 2432 ι’]ιιι
960 2369 1006 2414 ιιι
1022 2367 1048 2414 et
1059 2341 1133 2430 quial*
1151 2398 1170 2413 ,ι

151 2436 266 2493 recudit
279 2451 369 2512 super
382 2454 479 2494 omnes
492 2436 602 2506 coelos,
628 2446 663 2494 ut
682 2438 859 2515 adimpleret
878 2445 984 2497 omnic.
1021 2431 1132 2494 Permlfl'

150 2537 222 2597 crgo
238 2537 306 2575 suas
320 2522 427 2592 tonuit,
441 2537 511 2595 quas
526 2517 639 2594 Spiritu
652 2530 752 2594 sancto
766 2517 854 2595 quum
868 2522 1063 2580 adscendisset
1072 2513 1131 2589 inple

151 2605 202 2658 vit.
227 2602 274 2658 De
287 2604 391 2677 quibus
405 2599 530 2659 ancillae
543 2601 743 2675 Hierusalem,
767 2602 823 2660 hoc
841 2615 903 2675 est,
927 2608 1057 2685 ingratae
1070 2604 1136 2660 virm
1157 2646 1162 2659 .

150 2688 341 2766 comminutus
356 2695 401 2740 ιιι
413 2684 487 2760 apud
499 2685 620 2742 Esaiam
631 2685 821 2760 Prophetiam,
848 2707 887 2744 ue
906 2693 1010 2764 pluant
1022 2704 1092 2764 super
1106 2712 1114 2729 s
1131 2688 1132 2691 ’
1159 2726 1170 2793 1

148 2769 280 2825 imbrem.
307 2768 358 2824 Sic
371 2778 468 2825 autem
480 2768 590 2830 dictum
603 2779 659 2840 est,
677 2768 746 2848 Ipse
759 2772 904 2829 iudicabit
918 2786 1051 2831 extreme
1062 2783 1087 2829 r„
1164 2808 1166 2813 ,

149 2869 184 2908 ac
202 2855 226 2908 si
245 2853 405 2923 diceretur,
429 2854 517 2908 ctiam
536 2861 667 2911 extrema
686 2863 792 2910 terrae.
819 2853 888 2912 Non
909 2860 988 2913 enim
1001 2859 1101 2913 aliastt
1143 2912 1145 2915 ,
1169 2908 1170 2911 ,

148 2945 246 3010 partes
261 2954 321 2991 non
333 2934 482 3007 iudicabit,
496 2938 662 3013 qui'omnes
672 2935 804 2994 homines
817 2941 920 3013 procul
934 2939 1021 2998 dubio
1034 2929 1144 2996 inuicti

148 3019 208 3076 Sed
229 3021 333 3074 melius
355 3019 563 3098 intelliguntur
585 3027 717 3076 extrema
739 3030 854 3093 terrae,
889 3035 1021 3080 extrema
1043 3015 1153 3080 nomm?

148 3104 286 3178 quoniam
302 3119 361 3158 non
374 3102 596 3174 iudicabuntur,
616 3105 735 3177 quaein
749 3107 853 3160 melius
865 3108 913 3162 vel
930 3109 963 3163 in
977 3106 1145 3164 detericsut·

147 3187 201 3266 dio
210 3196 340 3260 ternpore
355 3195 578 3256 commutantur,
598 3186 694 3242 sedin
710 3188 813 3262 quibus
826 3192 968 3247 extremis
982 3192 1109 3254 inventus
1118 3183 1146 3239 it·

147 3272 203 3326 erit
216 3271 266 3344 qui
280 3267 464 3325 iudicabitur.
489 3269 613 3344 Promer
626 3270 705 3344 quod
717 3270 827 3326 dictum
841 3281 903 3329 est:
936 3272 997 3342 Qus·
1003 3283 1149 3351 perstem·

144 3355 224 3410 verit
237 3369 326 3429 usque
340 3354 370 3407 in
382 3353 491 3423 finem,
513 3351 561 3409 bic
578 3352 678 3410 acleus
696 3356 763 3410 erit.
790 3356 848 3422 Qui
868 3373 940 3435 ergo
958 3363 1150 3430 perseveraret

146 3435 218 3491 facit
235 3435 374 3490 iudicium
392 3445 423 3490 et
435 3437 583 3492 iustitiam
599 3436 632 3491 in
651 3437 878 3512 melioremne,
904 3458 965 3496 non
985 3437 1150 3498 damnabitur,

146 3536 234 3592 quum
246 3517 452 3600 iudicabuntur
466 3527 596 3574 extrema
606 3528 714 3591 terrac.
750 3519 793 3578 Et
805 3524 875 3593 det,
895 3524 1010 3600 iuquit,
1035 3525 1151 3582 viriste·

145 3601 265 3676 regibus
279 3603 408 3658 nostris:
422 3612 529 3658 utnon
544 3619 592 3657 eos
606 3601 760 3660 iudicando
776 3605 958 3664 condemnet.
987 3606 1049 3664 Dat
1061 3606 1098 3660 eis
1109 3601 1149 3656 sir·

145 3693 253 3754 tutem,
268 3703 325 3758 qua
339 3703 455 3742 carnem
469 3687 547 3741 sicut
559 3701 645 3764 reges
659 3697 781 3765 rogant,
802 3699 832 3745 ct
845 3692 877 3746 in
891 3692 941 3747 illc
957 3689 1105 3755 mundum,
1115 3680 1150 3756 qai

136 3775 259 3846 'proptor
273 3785 322 3821 eos
334 3766 411 3824 fudit
425 3772 609 3846 sanguinem,
623 3771 752 3826 vineant.
765 3772 807 3828 Ee
822 3774 970 3830 exaltabit
980 3791 1071 3830 eorus
1085 3767 1150 3824 ΕΜ·

144 3849 185 3900 ιιι·
201 3849 261 3902 ssi,
303 3849 450 3913 Quomodo
471 3852 602 3914 Christus
623 3854 765 3910 exaltabit
784 3875 875 3916 cornu
895 3855 1002 3915 Christi
1024 3851 1085 3911 anil
1118 3849 1149 3905 ue
