2340 4320
234 475 835 578 L1uunsuxuus

358 672 718 732 Praefatio

1 783 13 819 ’ἲ
58 767 174 867 Quinque
185 790 387 866 superioribus
399 790 484 846 libris
497 792 569 846 sads
582 791 654 847 mihi
671 791 812 846 adversus
826 811 877 848 eos
892 789 996 848 nuent
1009 792 1054 847 di-

1 859 19 956 'fg
57 885 166 948 sputasse,
176 877 224 950 qui
235 875 347 930 multos
362 872 434 938 deos
444 883 475 928 et
487 875 589 946 falsos,
603 893 675 949 qnos
685 893 749 929 csse
762 875 878 931 inutilia
887 877 1054 945 simulacra,

2 968 12 977 ⁴
60 959 94 1012 rel
103 959 243 1014 immundos
263 958 387 1031 spiritus
400 965 433 1011 et
448 959 614 1034 perniciosa
631 958 798 1030 daemonia,
816 961 864 1014 rel
877 969 957 1014 certe
971 977 1055 1014 crea·

12 1063 39 1116 5
62 1050 130 1110 tures,
145 1061 193 1096 non
206 1050 375 1096 creatorem
388 1043 500 1095 veritas
513 1039 680 1097 Christiana
692 1043 852 1113 convincit,
877 1052 997 1116 propter
1008 1045 1054 1098 ri-

1 1119 9 1196 ᾗ
62 1133 94 1177 tae
103 1123 169 1180 huius
179 1125 314 1180 mortalis
326 1141 484 1198 rerumque
496 1134 682 1181 terrenarum
700 1127 873 1196 utilitatem,
900 1144 935 1181 co
949 1127 1056 1180 ritune

1 1197 6 1200 ⁵
32 1224 40 1233 ²
57 1211 174 1278 servitute,
186 1227 261 1283 quae
272 1207 387 1262 Graece
397 1200 518 1283 λατοεία
528 1209 645 1282 dicitur,
660 1210 751 1264 etuni
763 1228 834 1266 veru
844 1209 908 1265 Deo
922 1209 1055 1280 debetur,
1070 1193 1076 1204 ⁸

12 1319 13 1340 ι
55 1291 202 1346 reuerendos
216 1301 247 1347 et
259 1289 399 1346 colendos
411 1299 525 1364 putant.
548 1291 591 1348 Et
602 1293 710 1348 nimiae
722 1293 839 1366 quidem
854 1294 995 1366 stultitiae
1007 1295 1056 1348 rcl

54 1377 211 1446 pertinaciae,
224 1395 282 1430 nec
294 1375 369 1428 istos
383 1375 521 1448 quinque,
536 1395 591 1431 nec
599 1379 674 1431 ullos
684 1377 757 1432 alios
768 1378 986 1450 quanticunque
999 1394 1055 1430 nu-

6 1509 16 1517 .
54 1460 196 1514 nerilibros
209 1461 285 1514 satis
300 1475 365 1511 esse
378 1473 475 1530 posse,
500 1449 565 1532 quis
586 1455 716 1515 neseictl
743 1459 857 1533 quando
880 1477 915 1514 ea
936 1468 1056 1530 putatur

51 1542 285 1622 gluriaranitatis,
311 1541 402 1594 nullis
415 1539 518 1610 cedere
535 1544 646 1598 viribus
665 1543 816 1611 raritatis3
841 1543 873 1596 in
895 1543 1057 1614 perniciem

51 1626 125 1699 utique
136 1628 208 1695 eins,
230 1626 280 1680 cui
291 1625 401 1679 vitium
412 1633 472 1678 tam
484 1626 609 1680 immane
622 1626 797 1680 dominatum.
821 1623 896 1679 Nam
910 1635 940 1678 et
953 1635 1057 1680 contra

51 1723 140 1764 emnem
151 1709 285 1765 curantis
300 1706 488 1778 industriam,
507 1727 567 1765 non
579 1707 791 1777 mulomedici,
817 1705 869 1761 sed
883 1709 997 1782 aegroti
1011 1709 1057 1761 in·

52 1792 172 1862 sanabilis,
185 1793 305 1848 morbus
318 1791 447 1844 invictus
461 1801 514 1846 est.
540 1791 582 1847 lli
593 1810 664 1847 vero
677 1792 729 1864 qui
742 1807 863 1864 eaquae
876 1791 989 1865 legunt,
1009 1791 1058 1844 rol

9 1924 10 1927 ,
52 1875 97 1929 sine
108 1877 171 1946 ulla,
190 1877 240 1932 rel
252 1893 317 1929 non
329 1892 395 1927 cum
407 1891 514 1950 magna
526 1893 560 1929 ac
574 1877 665 1930 nimia
678 1875 788 1930 veteris
803 1874 912 1927 erroris
926 1872 1057 1927 obstina-

52 1957 121 2029 tiune,
131 1961 280 2014 intellecta
292 1966 324 2011 et
333 1954 518 2031 considerata
528 1957 722 2032 perpendunt,
735 1956 850 2012 facilius
864 1973 919 2011 nos
931 1956 989 2010 isto
1003 1972 1057 2009 nu-

53 2058 111 2097 nero
124 2044 347 2097 terminatorum
366 2037 494 2113 quinque
511 2042 692 2096 voluminum
703 2043 767 2115 plns
780 2043 866 2114 quarn
878 2039 1058 2113 quaestionis
1153 2053 1156 2060 ·

0 2170 2 2193 5
54 2123 120 2196 ipsius
129 2126 285 2180 necessitas
299 2122 464 2197 postulabat
477 2125 546 2178 satis
557 2123 676 2194 iecisse,
689 2142 776 2198 quam
789 2125 886 2192 minus
900 2122 1058 2177 disseruis-

45 2208 76 2260 'se
86 2209 258 2278 iudicabunt,
285 2215 434 2280 tutamque
447 2206 604 2278 invidiam,
623 2225 710 2282 quam
722 2205 905 2262 Christianae
917 2205 1058 2282 religioni

57 2287 158 2346 debuine
169 2295 249 2348 vitae
263 2289 395 2345 cladibus
406 2297 646 2364 terrenarumque
657 2292 840 2346 contritione
848 2307 882 2344 ac
894 2291 1058 2344 mutatione

8 2425 13 2436 5
60 2387 133 2428 rerum
141 2376 265 2449 imperiti
278 2373 378 2428 facere
387 2383 542 2443 conantur,
557 2392 617 2428 non
628 2375 722 2428 solum
732 2372 991 2442 dissimulantibus,
1006 2369 1059 2426 sed
1129 2431 1134 2440 ,

8 2457 15 2521 ζ
62 2465 222 2514 mnbesuam
236 2457 451 2530 conscientiam
468 2455 634 2512 faventibus
654 2475 717 2511 cam
734 2457 842 2524 doctis,
862 2473 935 2529 quos
955 2457 1058 2528 impie-

7 2595 14 2616 )
63 2545 93 2591 trs
105 2558 191 2597 resana
203 2539 349 2616 possedit,
364 2540 483 2618 omnino
498 2557 562 2594 esse
572 2541 802 2596 inanem-rectae
814 2540 1001 2614 cogitationis
1013 2547 1058 2592 at-

1 2623 16 2680 ἰ
59 2637 98 2692 que
109 2627 230 2695 rationis,
245 2625 420 2698 plenamque
433 2623 598 2678 levissimae
611 2624 785 2678 temeritatis
799 2632 829 2678 et
842 2621 1059 2696 perniciosissi-

58 2722 102 2760 uae
112 2707 310 2776 numanitatis,
324 2706 456 2762 dubitare
469 2725 529 2762 non
541 2715 688 2780 poterunt.

390 2855 616 2916 -cAPvu
658 2856 681 2913 l.

57 2945 136 3017 Delie,
152 2955 200 3022 qui
214 2955 310 3007 dieunt
324 2945 383 3005 deos
397 2971 414 3006 a
429 2970 465 3017 ee,
481 2969 533 3006 ιιοιι
540 2963 654 3021 propter
661 2959 830 3024 praesentem
840 2950 924 3002 eitum
934 2949 995 3011 coli,
1015 2945 1062 3000 s‘ed

405 3031 518 3091 propter
532 3033 679 3076 oeternum.
688 3031 692 3057 ι’
990 3069 994 3076 ,

97 3111 176 3170 Nunc
190 3133 265 3190 ergo
278 3114 415 3188 quoniam
434 3114 588 3186 deinceps,
608 3122 642 3168 ut
660 3111 820 3186 promissus
842 3110 914 3166 ordo
937 3109 1060 3180 expetit,
1115 3117 1117 3122 '

33 3194 119 3252 etiam
129 3195 158 3252 hi
171 3196 329 3253 refellendi
342 3206 372 3251 ot
379 3195 509 3253 docendi
522 3205 608 3267 sunt,
635 3198 686 3271 qui
702 3213 762 3251 non
779 3204 898 3269 propter
915 3194 1002 3247 istam
1016 3192 1060 3245 ri·

54 3281 105 3348 itm,
126 3281 176 3336 sed
188 3281 403 3352 propterallam
416 3297 489 3362 quae
501 3289 569 3352 post
580 3289 703 3335 mortem
715 3277 812 3333 futura
826 3286 880 3346 ost,
904 3275 973 3329 deos
986 3291 1060 3349 gen-

55 3358 115 3432 tium,
125 3381 202 3444 quos
217 3361 385 3418 Christiana
405 3364 511 3440 religio
533 3361 667 3432 destruit,
694 3360 831 3416 colendos
855 3376 917 3412 esse
939 3364 1061 3412 conten-

55 3436 129 3515 dunt3
139 3448 239 3519 placet
251 3463 269 3500 ιι
281 3444 409 3501 veridico
422 3447 541 3501 oraculo
555 3447 650 3501 suncti
664 3444 771 3500 Psalmi
784 3459 897 3497 sumere
911 3437 1063 3496 exordium

0 3528 7 3545 '
55 3521 238 3599 disputationis
266 3545 360 3584 meae.
395 3527 509 3586 Beatus
536 3527 625 3584 cuius
646 3539 692 3586 est
716 3525 860 3582 Dominus
886 3521 968 3578 Deus
995 3537 1063 3599 spes

55 3605 137 3679 ipsine,
150 3621 181 3668 et
193 3629 252 3666 non
266 3612 400 3686 respexit
412 3614 442 3667 in
455 3613 617 3681 vanitates,
631 3622 661 3668 et
674 3610 810 3667 insanias
823 3605 985 3661 mendaces
1005 3603 1065 3659 le

56 3695 217 3748 notamen'
209 3711 242 3747 ιιι
256 3692 387 3747 omnihus
398 3693 597 3750 vanitatibus
587 3695 767 3766 rnsaniisque
778 3686 963 3744 nnerudncibus
976 3689 1066 3766 longe

57 3772 215 3831 tolerabilius
230 3771 401 3848 philosophi
405 3776 541 3832 audiendi
554 3786 632 3846 sunt,
652 3776 755 3850 quibus
769 3763 1000 3858 displicuerunt
992 3782 1066 3826 ustae

58 3855 186 3926 opiniones
202 3871 374 3932 erroresque
385 3861 567 3952 populorum
582 3877 629 3936 qur
622 3857 741 3936 populi
752 3855 970 3914 constituerunt
978 3872 1072 3912 snam
1099 3889 1101 3894 ·
