2324 4312
117 187 812 302 ,'osemulus-omuinxxi.
954 209 1016 284 aas
1105 241 1107 246 ,

28 371 53 409 ι
66 362 150 427 atque
162 349 336 408 mirabiliter
349 350 424 408 idem
444 353 508 426 ipse
524 352 658 408 accendit
675 354 859 410 exstinetam.
893 354 973 412 Haec
988 369 1019 414 et
1079 349 1084 358 ¹

29 435 124 510 apide
138 435 266 503 asbesto,
281 436 410 507 quicum
424 436 524 511 ignem
538 437 651 491 nullum
663 435 767 492 babeat
779 433 944 511 proprium,
968 458 1016 493 ac⁴
1042 429 1044 434 Α

28 528 66 574 to
80 528 176 574 tamen
190 518 233 572 sie
246 516 329 571 ardet
342 517 449 588 alieno,
463 526 570 574 utnon
583 519 677 591 possit
690 521 850 595 exstingui.
883 519 965 576 Haee
980 520 1015 575 de

28 601 102 656 :eris
116 617 191 675 quae
204 600 286 674 piget
299 607 445 669 retexere,
459 600 562 674 quibus
576 601 646 655 lieet
655 603 701 658 vis
714 603 835 658 insolita
845 613 947 658 eontra
962 621 1014 658 na-

28 702 74 738 tm
94 685 192 738 inesse
209 679 358 753 videatur,
385 683 442 736 alia
462 692 559 738 tumen
573 683 608 738 de
621 684 679 738 illis
697 702 758 739 non
777 684 909 740 redditur
927 685 1015 756 ratio,

55 775 86 820 ut
99 765 224 834 dicatur,
238 762 313 818 bane
327 755 427 820 eorum
437 759 505 820 ⁴esse
519 773 662 822 naturam.
698 765 803 822 Brevis
817 785 887 823 sane
899 769 958 822 ista
971 777 1016 822 est

28 861 72 918 ος
84 847 189 916 fateor,
203 845 407 920 sufficiensque
420 849 581 924 responsio.
613 846 673 904 Sed
686 866 751 918 eum
765 848 847 905 Deus
860 860 963 910 auctor
977 849 1021 904 sit

28 947 152 1006 ararum
166 931 307 998 omnium,
331 946 384 984 eur
398 931 502 984 nolunt
516 929 646 1006 [volunt]
660 929 813 987 fortiorem
826 950 881 988 nos
894 930 1015 988 reddere

31 1031 134 1081 onem,
148 1009 265 1085 quando
279 1011 390 1085 aliquid
402 1013 485 1068 velut
497 1011 676 1084 impossibile
691 1015 796 1070 nolunt
811 1014 944 1086 eredere,
958 1016 1016 1069 eis·

42 1093 245 1150 -redditiouem
263 1093 386 1152 rationis
404 1093 831 1168 poscentibusrespondemus,
859 1095 935 1154 hane
954 1114 1018 1152 esso

28 1185 161 1234 mntotem
175 1177 384 1250 omnipotentis
398 1175 471 1247 Dei3
498 1177 549 1252 qui
566 1185 645 1232 certe
665 1195 725 1234 non
744 1179 784 1236 ob¹
797 1180 877 1236 aliud
896 1189 1018 1237 vocatur

28 1261 176 1334 mipotens,¹
189 1259 249 1314 nisi
261 1258 396 1331 quoniam
412 1258 549 1333 quiequid
561 1253 624 1316 vult
635 1268 747 1333 potest3
762 1261 812 1334 qui
825 1265 924 1334 potuit
935 1280 1017 1318 erea-

28 1339 85 1398 :am
97 1344 199 1411 multa,
213 1358 288 1413 quae
300 1342 360 1396 nisi
372 1342 610 1410 ostenderentur,
624 1351 675 1396 aut
684 1360 702 1397 a
712 1342 865 1400 credendis
873 1343 1017 1419 hodieque

28 1423 292 1493 nundinaretur,
305 1423 437 1496 profecto
446 1423 637 1498 impossibilia
648 1433 833 1498 putarentur,
847 1445 906 1482 non
922 1429 1018 1482 solum
1079 1427 1092 1496 f

28 1525 57 1561 le
69 1506 254 1584 ignotissima
267 1504 343 1579 apud
356 1523 427 1575 nos,
451 1508 657 1563 verumetiam
671 1525 744 1582 quae
758 1509 911 1568 notissInm
923 1511 1017 1582 posui.

49 1593 125 1644 enim
138 1607 213 1664 quae
227 1587 303 1662 apud
316 1606 369 1643 nos
382 1598 499 1660 praeter
515 1605 579 1657 eos,
593 1605 717 1661 quorum
730 1591 765 1645 de
779 1589 823 1645 his
837 1590 928 1665 libros
941 1592 1017 1667 legi·

28 1687 57 1742 s,
70 1691 128 1728 non
142 1670 251 1726 habent
263 1679 379 1741 testem,
394 1679 425 1726 et
438 1670 473 1726 ab
488 1673 530 1726 eis
544 1673 712 1746 conscripta
725 1682 797 1728 sunt
808 1675 857 1747 qui
872 1691 933 1728 non
948 1681 1019 1728 sunt
1057 1685 1061 1690 ·

28 1755 124 1810 initus
138 1753 217 1810 docti
230 1763 317 1828 atque
329 1751 496 1809 humanitus
510 1754 572 1812 falli
585 1753 664 1810 forte
674 1764 847 1829 potuerunt,
871 1757 941 1812 lieet
953 1748 1018 1812 oui.-

28 1859 33 1886 ι
52 1838 112 1894 sine
126 1844 207 1892 reeta
221 1834 450 1910 reprehensione
464 1854 526 1892 non
541 1837 671 1893 credere.
1110 1837 1111 1840 ’

45 1919 117 1978 Nam
129 1938 185 1976 nee
199 1937 253 1997 ego
266 1920 334 1975 volo
349 1927 458 1974 temere
472 1919 554 1975 credi
567 1928 672 1976 cuneta
685 1923 759 1994 quae
771 1922 867 1994 posui,
881 1921 949 1994 quia
961 1903 1017 1976 nee

28 2021 58 2058 le
69 2005 133 2076 ipso
148 2004 191 2058 ita
204 2000 365 2059 creduntur
378 2010 517 2076 tanquam
531 2004 614 2058 nulla
628 2002 664 2057 de
684 2005 744 2058 illis
758 2004 842 2060 sitin
856 2019 921 2058 meo
935 2003 1016 2079 eogi-

28 2103 91 2142 .one
105 2085 264 2155 dubitatio,
287 2085 415 2159 exceptis
429 2083 474 2140 his
487 2103 560 2160 quae
573 2087 620 2142 vel
637 2087 700 2158 ipse
718 2105 784 2142 sum
802 2094 958 2160 expertus,
987 2094 1017 2140 et

28 2171 75 2226 vis
87 2169 173 2225 facile
187 2178 232 2226 est
246 2168 390 2242 experiri3
417 2169 495 2223 sieut
509 2167 545 2224 de
558 2169 654 2240 ealce,
678 2168 755 2243 quod
774 2169 869 2226 fervet
882 2169 913 2223 in
929 2186 1015 2242 aquo,

28 2253 88 2308 oleo
102 2251 210 2330 frigida
223 2246 283 2320 est3
308 2249 344 2305 de
356 2258 494 2325 magnete
510 2250 621 2325 lapide,
646 2253 721 2325 quod
736 2252 908 2326 nesciaque
921 2251 1014 2305 sorbi-
1049 2319 1056 2328 ,

28 2351 62 2390 ne
73 2335 238 2392 insensibili
251 2333 386 2407 stipulam
399 2351 459 2388 non
472 2342 600 2404 moveat,
615 2343 645 2390 et
657 2334 765 2390 ferrum
779 2337 889 2408 rapiat,
904 2333 938 2388 de
950 2352 1016 2388 ear·

28 2434 88 2474 non
100 2426 291 2492 putreseente
304 2416 439 2488 pavonis,
452 2423 524 2470 'eum
537 2418 686 2489 putruerit
699 2426 728 2470 et
741 2416 886 2492 Platpnis3
914 2411 949 2470 de
962 2435 1014 2490 pa-

39 2502 80 2556 oic
93 2501 220 2578 frigente
233 2508 266 2554 ut
278 2496 421 2554 fluescere
434 2498 534 2554 nivem
543 2514 604 2566 non
614 2499 708 2568 sinat3
723 2500 765 2552 sic
781 2493 899 2568 calente
908 2509 940 2553 ut
952 2518 1013 2554 ma-

28 2599 124 2640 eseere
151 2601 236 2657 poma
259 2583 429 2654 compellat3
454 2579 490 2635 de
512 2581 584 2656 igne
606 2579 731 2656 fulgido,
754 2580 830 2653 quod
843 2581 1015 2636 seeundum

28 2681 64 2722 lm
75 2666 218 2744 fulgorem
231 2663 340 2738 lapides
355 2661 506 2738 coquendo
522 2661 695 2731 candificet,
719 2671 748 2716 et
767 2671 871 2716 eontra
891 2663 1015 2732 eundem
1110 2706 1116 2723 ,

28 2749 217 2827 mlfulgorem
234 2744 347 2802 urendo
367 2747 492 2820 plurima
509 2746 652 2801 obfuscet.
690 2743 762 2800 Tale
776 2753 821 2798 est
835 2742 912 2818 quod
926 2747 1030 2811 etni-¹
1083 2795 1085 2800 .

28 2850 51 2886 re
62 2834 189 2888 amesiae
202 2827 393 2886 offunduntur
407 2847 444 2884 ex
457 2830 521 2884 oleo
535 2827 697 2901 splendido,
710 2827 844 2882 similiter
857 2827 961 2902 nigrae
976 2829 1012 2882 li-

28 2931 54 2968 se
65 2916 99 2971 de
116 2913 239 2973 candido
258 2913 464 2987 imprimuntur
483 2921 616 2988 argento.
654 2909 700 2966 De
717 2910 1025 2987 corbonibusetiam,

28 2996 57 3051 »d
68 2993 247 3058 accendente
263 2990 445 3070 [accedente]
470 2996 539 3070 igne
554 2995 597 3051 sie
611 3003 763 3050 vertantur
770 2996 808 3050 ¹in
821 2993 1012 3062 eontrarium,

28 3077 60 3134 de
71 3083 160 3159 liguis
174 3069 376 3154 pulcherrimis
390 3078 470 3148 tetri,
485 3077 606 3154 fragiles
620 3073 656 3138 de
667 3076 759 3148 duris,
772 3074 965 3151 imputribiles
977 3073 1012 3129 de

28 3163 159 3220 ribilibus
182 3162 263 3218 fiant.
299 3160 381 3218 llaec
400 3163 461 3236 ipse
479 3159 621 3235 quaedam
640 3179 706 3216 eum
725 3160 844 3229 multis,
867 3155 1011 3231 quaedam
1052 3213 1061 3232 ⁸

28 3248 189 3303 nomnibus
205 3246 292 3315 novi,
309 3252 348 3299 et
361 3246 419 3300 alia
437 3244 578 3318 plurima,
602 3261 676 3318 quae
696 3241 764 3298 huie
784 3241 859 3296 libro
879 3242 1010 3296 inserere

28 3343 94 3400 gum
106 3329 173 3386 fuit.
207 3327 253 3386 De
266 3326 311 3382 his
326 3337 424 3382 autem
439 3344 513 3401 quae
526 3328 611 3403 posui
625 3339 684 3382 'non
699 3333 835 3399 experta,
860 3321 912 3378 sed
924 3323 1011 3392 loeta,

30 3417 91 3478 oter
111 3413 147 3468 de
166 3411 248 3468 fonte
267 3412 335 3481 illo,
361 3409 411 3464 ubi
428 3410 508 3466 faces
523 3411 754 3485 exstinguuntur
767 3407 903 3466 ardentes
918 3414 948 3458 et
960 3421 1011 3458 ae-

28 3489 139 3550 tduntur
150 3495 325 3561 exstinctae,
340 3501 370 3547 et
380 3491 415 3547 de
425 3494 518 3566 pomis
531 3502 626 3547 terrae
638 3489 832 3546 Sodomorum
846 3487 1011 3544 forinsecus

28 3576 61 3629 ni
73 3577 207 3645 maturis,
220 3571 398 3632 intrinsecus
412 3575 534 3646 fumeis,
561 3593 616 3630 nee
630 3581 721 3628 testes
734 3573 846 3647 aliquos
860 3571 979 3628 idoneos
993 3587 1012 3625 a

28 3649 81 3714 bus
94 3669 192 3714 utrum
205 3677 274 3716 vera
285 3667 384 3713 essent
396 3657 539 3726 audirem,
551 3656 634 3729 potui
644 3657 781 3729 reperire.
803 3653 844 3711 Et
853 3655 934 3710 illum
945 3653 1009 3727 qui-

28 3751 36 3786 l
50 3739 161 3798 fontem
172 3759 231 3797 non
245 3742 356 3810 inveni,
368 3741 419 3814 qui
431 3739 463 3796 in
473 3739 563 3814 Epiro
576 3738 686 3796 vidisse
698 3757 730 3793 se
744 3736 884 3808 dicerent,
899 3734 949 3792 sed
979 3737 1010 3791 ui

28 3811 248 3884 lemannum
259 3833 381 3880 nossent
394 3841 454 3880 non
467 3825 556 3900 longe
569 3840 586 3878 a
599 3821 802 3903 Gratianopoli
817 3822 944 3886 civitate.
960 3756 1010 3876 bo
