2340 4312
171 223 233 282 DE
255 223 477 318 ClVlTATE
500 223 581 282 DEI
602 172 681 283 ala
704 223 821 281 XVII..
941 232 999 297 129
1028 221 1029 224 '

60 538 64 541 -
148 517 296 588 amaa
321 514 549 623 nucinas·
565 475 820 588 »suarinas

375 679 435 742 CA
448 683 471 740 P
483 682 509 739 V
523 683 548 741 Τ
586 684 608 741 Ι.

262 764 308 834 De
328 775 492 848 temperiem
511 758 720 849 Prophetarum.
745 785 747 790 ’

24 890 201 946 omissiones
216 885 290 958 Dei,
304 887 487 961 quaefactae
501 881 617 944 suntad
631 884 785 959 Abraham,
801 889 883 944 cuius
899 887 1005 946 semini
1092 927 1093 934 κ

24 984 135 1048 gentem
149 971 343 1028 Israeliticam
362 969 522 1026 secundum
540 988 658 1026 carnem
671 980 701 1026 et
713 989 813 1026 omnes
830 979 934 1048 gentes
954 971 1005 1028 de-

24 1057 40 1109 i
53 1055 208 1114 seeundum
218 1053 315 1124 fidem,
330 1052 394 1110 Deo
404 1054 572 1128 pollicente,
587 1053 751 1124 didicimus,
766 1053 1007 1128 quemadmodum

24 1141 183 1214 inpleantur,
196 1155 249 1212 per
262 1136 393 1193 ordinem
403 1145 565 1209 temporum
575 1153 752 1209 procurrens
764 1135 820 1192 Dei
833 1137 945 1194 Civitas
959 1124 1006 1223 in,-¹

24 1223 81 1278 altit
100 1219 279 1298 [indicavit].
306 1221 451 1286 Quoniam
464 1237 535 1297 ergo
549 1220 708 1298 superioris
722 1219 789 1274 libri
802 1237 896 1295 usque
911 1222 946 1277 ad
959 1241 1018 1285 rer

24 1323 63 1361 un
76 1305 174 1362 David
187 1305 281 1366 faetus
296 1311 342 1358 est
354 1303 437 1375 finis,
459 1322 540 1359 nune
559 1302 594 1357 ab
615 1302 716 1358 eodem
728 1320 838 1379 regno,
865 1314 1008 1378 quantum
1079 1363 1094 1384 Ι

24 1399 107 1464 cepto
121 1389 215 1462 Operi
228 1385 359 1442 sufficere
373 1387 504 1456 videtur,
525 1395 640 1442 caetera
653 1404 727 1460 quae
740 1397 903 1460 sequuntur
916 1391 1007 1444 attin-

24 1490 68 1529 rus
83 1468 300 1548 [attingamusJ.
318 1469 382 1526 Hoc
396 1472 493 1545 itaque
506 1479 629 1544 tempus,
644 1487 681 1524 cx
693 1486 749 1543 quo
760 1479 880 1526 sanctus
891 1469 1009 1528 Samuel

24 1555 146 1627 phetare
162 1556 272 1628 eoepit,
294 1564 323 1609 et
334 1553 469 1626 deinceps
484 1553 576 1609 donec
589 1553 712 1626 populus
726 1550 817 1626 lsrael
831 1555 962 1627 captivus
976 1557 1008 1611 in
1111 1593 1117 1608 ,

24 1637 358 1712 ·yloniamduceretur,
385 1646 472 1711 atque
492 1635 561 1693 inde
581 1635 739 1692 secundum
759 1637 855 1691 saneti
869 1635 1008 1694 lercmiae
1039 1637 1040 1640 ’

24 1721 152 1793 phetiarn
164 1730 230 1796 post
240 1721 425 1797 septuaginta
438 1737 529 1776 annos
541 1721 668 1775 reversis
682 1719 822 1774 Israelitis
836 1717 893 1796 Dei
906 1719 1020 1776 domus
1082 1731 1093 1742 ‘

24 1811 203 1880 auraretur,
221 1813 315 1860 totum
327 1801 440 1877 tenipus
454 1813 498 1858 cst
511 1801 728 1877 Prophetarum.
772 1803 910 1868 Quamvis
930 1805 1010 1860 enim

24 1904 111 1960 psum
121 1887 189 1944 Not
201 1884 406 1960 patriarcham,
432 1888 462 1942 in
478 1888 559 1943 euius
574 1886 674 1942 diebus
689 1886 827 1942 universa
840 1896 919 1942 terra
933 1885 1010 1942 dilu·
1075 1951 1076 1954 Ἴ
1131 1907 1135 1914 ·

31 1973 133 2029 deleta
148 1979 204 2042 est,
218 1979 247 2026 et
260 1971 333 2025 alios
350 1987 438 2043 supra
453 1979 481 2024 et
495 1969 573 2026 infra
586 1989 677 2045 usquc
691 1969 727 2025 ad
740 1967 794 2024 hoc
809 1979 936 2044 tempus,
951 1988 1010 2044 quo
1064 2023 1066 2026 .

24 2071 58 2112 es
70 2060 105 2112 in
118 2056 177 2111 Dei
189 2056 294 2128 populo
312 2071 376 2108 esse
396 2063 570 2128 coeperunt,
596 2063 714 2127 propter
733 2053 871 2128 quaedam
890 2071 941 2130 per
960 2071 1011 2110 ees

24 2141 151 2196 trahi-vc
166 2137 379 2212 quoquomodo
394 2135 574 2214 significata,
587 2140 648 2192 sive
662 2135 820 2212 praedicta,
834 2155 906 2211 quac
919 2138 1011 2214 pcrti-

24 2234 80 2280 ent
99 2221 138 2278 ad
154 2219 309 2276 Civitatem
322 2219 379 2276 Dei
396 2237 576 2298 regnumque
595 2223 758 2291 coelorum,
783 2239 843 2275 non
854 2222 1011 2298 ,immerito

24 2307 121 2362 umus
133 2306 279 2380 appellare
289 2302 465 2377 Prophetas3
478 2306 648 2376 praesertim
659 2306 724 2378 quia
737 2306 895 2360 nonnullos
911 2323 1011 2360 eorum
1104 2347 1108 2352 ,

24 2390 192 2466 txpressius
206 2389 328 2464 legimus
343 2396 543 2460 nuncupatos,
568 2388 644 2442 sicut
657 2384 809 2454 Abraham,
835 2389 912 2444 sicut
926 2387 1011 2463 Moy·
1043 2441 1045 2445 ,
1114 2395 1118 2418 l

32 2488 41 2526 :
66 2484 172 2529 tamen
193 2471 256 2526 dies
276 2469 483 2544 Prophetarum
504 2471 659 2541 praecipue
681 2471 863 2542 maximeque
886 2467 917 2524 hi
941 2470 1012 2527 dieti

24 2561 55 2628 e,
70 2575 111 2612 ex
125 2573 184 2629 quo
201 2555 299 2627 eoepit
312 2551 485 2626 prophetare
499 2551 627 2621 Samuel,
641 2552 732 2625 quiet
746 2549 864 2606 Saulem
876 2554 967 2625 prius,
977 2564 1012 2610 ‘ct
1039 2582 1041 2588 s

24 2641 183 2714 reprobato
197 2639 292 2711 ipsum
305 2636 417 2707 David,
440 2635 503 2690 Deo
522 2635 734 2710 praecipiente,
757 2635 845 2698 unxit
856 2635 886 2688 in
900 2653 1011 2712 rogem,

24 2727 105 2779 taius
119 2723 229 2778 caeteri
239 2722 329 2794 stirpe
341 2719 542 2790 succederent,
555 2735 712 2793 quousque
727 2718 792 2771 illos
805 2717 959 2792 succedere
970 2721 1013 2778 sie

24 2816 135 2862 nterea
171 2805 252 2872 Quae
272 2805 362 2880 igitur
376 2821 394 2856 a
407 2801 559 2878 Prophetis
579 2811 648 2856 sunt
667 2797 816 2874 praedicta
835 2799 869 2855 de
884 2797 1012 2873 Christo,

24 2899 38 2939 a
64 2885 449 2945 moriendodeeedentihus
475 2894 507 2962 et
530 2885 674 2941 nascendo
703 2883 924 2942 suceedentibus
954 2885 1014 2938 suis

24 2973 114 3028 mhris
129 2971 240 3028 Civitas
255 2969 313 3026 Dei
325 2987 375 3043 per
387 2971 443 3024 ista
458 2979 590 3024 curreret
602 2979 748 3043 tempora,
772 2968 798 3021 si
809 2963 908 3048 omnia
926 2967 1016 3024 velini

24 3067 217 3125 lmemorare,
230 3055 263 3108 in
276 3055 447 3128 immensum
460 3053 601 3128 pergitur.
633 3049 762 3106 Primum
776 3053 843 3124 quia
857 3052 919 3124 ipsa
933 3049 1015 3106 Seri-¹

24 3147 78 3209 ra,
92 3157 167 3212 quae
179 3154 232 3212 per
246 3136 377 3191 ordinem
391 3133 487 3210 Reges
503 3153 662 3209 eorumque
675 3133 752 3189 facta
768 3143 797 3188 ct
811 3143 917 3189 eventa
932 3133 1012 3209 dige-

24 3231 61 3290 Β,
73 3222 192 3278 ridetur
205 3223 343 3293 tanquam
352 3217 491 3273 historica
502 3217 655 3294 diligentia
666 3217 753 3272 rebus
768 3217 859 3292 gestis
874 3224 1015 3289 occupata

24 3313 40 3350 Β
57 3303 230 3373 narrandis,
257 3304 288 3358 si'
297 3301 452 3356 adiuvante
466 3299 524 3356 Dei
538 3299 650 3376 Spiritu
664 3300 846 3355 considerata
861 3307 1014 3370 tractetur,

39 3388 154 3463 magis,
180 3388 228 3442 vel
243 3393 322 3441 certe
337 3403 396 3440 non
409 3384 504 3438 nrinus
516 3381 756 3458 praenuntiandi
778 3382 904 3451 futuris,
929 3398 1016 3454 quam
1077 3411 1092 3434 ι·

24 3472 147 3526 'eteritis
159 3468 358 3539 enuntiandis,
372 3468 541 3522 invenietur
553 3468 675 3522 intenta.
688 3465 728 3521 Et
740 3463 794 3519 hoc
807 3463 1016 3538 perscrutando

24 3559 125 3628 lflgare
147 3571 182 3609 ac
206 3549 376 3614 disserendo
398 3557 573 3620 monstrare,
598 3567 684 3624 quam
702 3550 741 3603 sit
758 3565 910 3622 operosum
929 3556 1017 3621 atque

24 3625 148 3706 elixum,
174 3645 204 3691 et
222 3649 310 3710 quum
330 3634 428 3698 multis
446 3632 601 3709 indiguum
626 3627 782 3708 [indigeat]
806 3629 1017 3703 voluminibus,

24 3705 50 3764 5⁸
68 3718 197 3796 ignorat,
211 3719 261 3792 qui
274 3715 344 3772 haee
357 3718 405 3772 vel
417 3714 604 3770 mediocriter
617 3710 745 3792 cogitati
769 3709 970 3788 Deinde'quia
983 3732 1020 3770 ex

24 3805 58 3845 ⁸²-
68 3818 138 3874 quae
150 3803 186 3857 ad
197 3799 377 3876 prophetiam
389 3817 450 3854 non
463 3797 621 3876 ambigitur
633 3799 791 3873 pertinere,
806 3798 848 3852 ita
862 3805 930 3852 aunt
943 3797 1019 3852 mul·
1050 3829 1051 3832 =

24 3870 73 4020 P?
85 3882 197 3941 Christo
211 3899 362 3961 regnoque
381 3882 548 3954 coelorum,
569 3899 641 3957 quae
655 3879 765 4021 Cirigas
779 3870 913 3994 Dei‘est,
937 3879 1021 3938 atad
