2362 4312
26 161 34 166 ,
108 128 149 185 82
188 92 189 97 '
328 85 995 192 nivrivnnn11nvcusr1n1‘

11 273 15 279 ’
110 288 196 336 terat.
241 273 448 332 Discesserunt
460 286 531 324 sane
546 287 615 324 ecce
628 263 805 340 iam'tertio,
828 276 863 324 nt
876 269 919 324 eis
933 279 1036 343 quarta
1048 270 1145 328 llo

109 356 364 437 providentissime
390 351 568 408 crederetur.
590 343 593 356 '
612 349 813 425 Displicuerot
836 352 914 408 enim
936 361 969 407 et
980 353 1070 424 Alba,

12 441 20 448 ’
107 443 242 500 ,Amulius
260 439 382 510 expulsa
395 435 503 506 fratre,
530 444 560 498 et
573 432 666 490 Roma
678 435 844 510 placuerat,
870 434 922 491 ubi
933 431 1120 492 Romulus
1163 451 1172 473 ι

9 519 10 522 “
108 527 170 584 ciso
184 523 276 580 fratre
289 513 476 596 regnaverat.
516 514 575 573 Sed
587 525 745 596 antequam
756 515 829 573 Alba
841 515 1147 590 dirueretur‚trn

108 609 193 665 fusus
219 614 282 674 cst,
311 602 466 675 inquiunt,
493 601 617 673 populus
632 600 695 655 eiua
709 597 893 670 in‘Romam,
919 609 954 656 ut
966 619 1004 656 cx
1017 611 1166 658 utra¹

106 707 167 750 uno
186 683 409 768 civitasliieret.
451 681 542 752 Esto,
568 683 610 737 ita
623 682 734 740 factum
747 684 811 738 site
827 683 899 740 urbs
912 692 1011 740 tamen
1023 686 1116 740 illa·-
1168 694 1174 704 “

108 772 186 829 canii
199 786 324 846 reguum
339 775 369 822 et
382 766 503 828 tertium
529 763 708 820 domicilium
720 762 921 821 Troianorum
942 767 1061 824 deorum
1086 801 1133 834 9

106 854 179 910 urbe
192 852 253 908 filia
265 859 475 905 irrater'eversa
489 856 543 902 est.
585 844 625 902 Vt
650 856 749 902 autem
762 848 831 903 belli
843 847 987 922 reliquiae
1000 869 1017 904 e
1030 850 1148 904 duo
1164 860 1172 885 ·

105 936 219 1011 populis
233 951 327 989 unum
340 932 473 987 facerent
485 928 651 1007 miserabile
664 931 836 1007 coagulum,
849 933 959 987 multus
974 941 1043 988 ante
1055 930 1179 988 [³1¹⁵

104 1027 259 1090 utriusque
272 1015 393 1090 sanguis
406 1013 472 1068 luit.
517 1012 594 1078 Quid
611 1012 669 1068 iam
683 1014 855 1089 singillatim
868 1011 964 1069 dicem
977 1014 1030 1071 sub
1041 1015 1176 1095 cad·

104 1103 146 1156 ris
159 1099 278 1176 regibus
293 1099 381 1153 toties
396 1095 496 1151 eadem
509 1096 584 1152 bella
607 1105 767 1165 renovata,
795 1113 871 1169 quae
897 1099 1031 1166 uictoriis
1055 1096 1095 1153 li
1113 1102 1176 1144 11¹

104 1173 296 1250 videbanturss
323 1189 353 1238 et
366 1179 457 1234 tentis
467 1178 621 1254 stragibus
632 1179 748 1234 iterima
755 1186 843 1252 atque
861 1179 970 1234 iterum
994 1173 1172 1236 consent

103 1268 211 1321 iterum
224 1265 389 1336 iterumque
401 1267 468 1334 post
492 1261 597 1316 foedus
612 1270 643 1316 et
655 1269 755 1333 pacem
780 1261 859 1316 inter
871 1279 999 1337 generos
1014 1273 1044 1318 et
1055 1268 1152 1318 soc
1169 1268 1181 1287 '‘

103 1367 152 1404 ras
166 1358 311 1404 eteorum
324 1345 444 1418 stirpem
457 1353 647 1418 posterosque
660 1343 785 1416 repetita
796 1339 822 1411 l
846 1342 915 1400 Non
926 1347 1109 1417 partemin
1122 1356 1135 1382 ¹

103 1433 182 1488 cium
195 1427 368 1486 ealmnitatis
382 1425 469 1482 liuius
483 1426 557 1496 luit,
584 1444 656 1500 qums
674 1435 773 1498 portas
788 1426 857 1481 belli
871 1428 969 1483 nullus
984 1429 1098 1492 clausit
1108 1403 1169 1474 ι’]

81 1501 206 1573 lotum.
249 1510 356 1568 Nullus
382 1527 452 1584 ergo
479 1511 598 1566 illorum
623 1508 677 1565 sub
692 1517 737 1564 tot
757 1506 812 1565 diis
825 1509 1010 1582 praesidibus
1024 1512 1053 1566 in
1065 1510 1147 1584 pet!
1176 1508 1181 1517 “

101 1595 246 1674 regnavit.

409 1685 739 1780 xcccxv.

241 1803 337 1890 Qualia
347 1819 529 1870 Rooeaocrum
539 1827 632 1887 regum
643 1819 701 1871 cita
711 1828 792 1888 atque
803 1819 892 1874 exitus
897 1819 999 1892 fiterit.

67 1959 69 1962 ·
132 1941 133 1944 ’
164 1931 409 2007 Ipsorum'antem
421 1941 525 2000 regum
538 1925 588 1997 qui
603 1925 702 1980 exitus
715 1923 860 1981 fueruntl
892 1927 939 1982 De
952 1927 1115 1986 Romulovi·

100 2017 177 2070 dcrit
190 2011 317 2068 adulatio
331 2007 474 2076 fabulosa,
489 2023 546 2081 qua
558 2005 727 2087 perhibetur
741 2019 875 2082 receptus
888 2012 921 2064 in
934 2013 1056 2068 coelum.
1079 2011 1116 2066 l'i-

101 2098 199 2154 ‹lerint
212 2093 333 2168 quidamv
351 2089 509 2162 scriptores
536 2105 652 2160 eorum,
680 2092 729 2164 qui
743 2109 809 2145 eum
819 2101 940 2166 propter
951 2094 1118 2151 ferocitatem
1131 2119 1176 2168 ,υ

100 2199 118 2235 a
144 2185 248 2233 senatu
273 2173 452 2245 discerptum
477 2189 543 2226 csse
569 2170 726 2244 dixerunt,
758 2174 1009 2252 subornatumque
1036 2179 1119 2234 nescit
1135 2228 1154 2248 4

56 2262 59 2266 ’
100 2279 186 2336 quem
198 2257 304 2312 Iulium
316 2253 490 2324 Proculum,
513 2255 565 2328 qui
578 2272 644 2311 eum
657 2255 713 2310 sibi
727 2258 898 2330 apparuisse
912 2257 1040 2332 diceret,
1054 2279 1120 2316 euru·
1135 2249 1136 2252 ¹

68 2377 70 2386 s
100 2360 156 2416 que
168 2357 221 2415 per
234 2339 384 2412 sepopulo
397 2336 551 2393 mandasse
564 2335 714 2408 Romano,
740 2347 774 2400 ut
790 2340 870 2395 inter
882 2337 1006 2408 nurnine
1020 2345 1120 2399 colere·

18 2469 20 2474 .
50 2445 53 2450 »
99 2434 163 2496 tur;
189 2419 379 2496 coquemodo
392 2420 545 2495 populum,
571 2421 622 2494 qui
649 2429 752 2498 contra
777 2432 912 2479 senatum
937 2427 1122 2482 intumescere

100 2513 250 2579 coeperat,
276 2519 444 2577 repressum
462 2511 548 2576 atque
574 2501 714 2558 sedatum.
756 2501 912 2562 Acciderat
925 2509 1004 2564 enim
1018 2520 1049 2564 et
1061 2510 1121 2574 solis
1146 2488 1163 2507 '

100 2587 248 2658 ‹lefectio‚‘
269 2605 355 2661 quam
369 2595 450 2646 certa
461 2586 576 2641 ratione
591 2586 638 2640 sui
653 2604 754 2642 errrsus
769 2570 902 2645 ellectum
920 2589 1057 2664 imperita
1079 2610 1121 2648 ue·
1141 2583 1148 2624 ’Ῑ
1175 2638 1181 2641 1

99 2672 195 2732 sciens
208 2666 363 2726 multitudo
386 2669 499 2722 meritis
512 2665 631 2723 Romuli
657 2667 812 2724 tribuebat
856 2672 949 2738 Quasi
961 2691 1034 2729 vero
1049 2676 1074 2730 si
1085 2676 1122 2729 lu·
1144 2707 1167 2743 5..

64 2759 70 2771 '
99 2762 162 2808 ctus
186 2753 236 2806 ille
261 2750 480 2820 suboluisset,
506 2769 567 2806 non
581 2751 674 2826 magis
696 2749 761 2806 idco
776 2751 858 2808 credi
870 2754 992 2812 deberet
1005 2760 1122 2826 occisus,

97 2837 247 2910 ipsumque
259 2834 354 2888 scelus
374 2834 527 2889 aversione
541 2834 629 2890 etiam
643 2832 740 2888 diurni
753 2835 872 2891 luminis
886 2837 1064 2896 indicatum:
1089 2841 1122 2894 si·
1147 2832 1158 2856 ⁵

98 2926 147 2987 eut
159 2935 191 2972 re
204 2932 275 2990 veru
287 2915 396 2994 sputum
411 2924 472 2986 est,
488 2933 555 2971 cum
567 2915 711 2972 Dominus
726 2917 883 2972 crucifixus
898 2929 944 2975 est
956 2921 1122 2978 erudelitate
1144 2963 1179 3005 q„

97 3010 185 3075 atque
197 2997 347 3071 impietate
359 2995 541 3052 ludaeorum.
556 3031 557 3034 =
578 2999 671 3063 Quom
684 3000 753 3054 solis
767 3000 1004 3059 obscurationem
1017 3023 1077 3061 non
1090 3021 1122 3058 ex
1146 3013 1153 3087 Ἰ

98 3077 382 3138 canonico'sidcrum
404 3085 492 3134 cursu
506 3079 664 3151 accidisse,
690 3083 762 3137 satis
783 3083 927 3155 ostendit,
953 3087 1033 3160 quod
1058 3097 1122 3144 tunc
1146 3129 1154 3164 l,

97 3173 162 3219 erat
173 3161 280 3238 pascha
292 3160 483 3231 ludaeorum3
510 3179 577 3217 nam
589 3164 675 3236 plena
687 3166 758 3219 luna
771 3166 935 3221 solenniter
947 3171 1061 3245 agitur:
1080 3188 1121 3224 re·
1150 3222 1151 3225 ,

96 3249 208 3323 gularis
222 3245 401 3301 autemuolis
415 3243 541 3298 defectio
554 3263 613 3300 non
624 3246 683 3300 nisi
696 3247 782 3303 lunae
796 3247 855 3302 line
866 3252 1024 3328 contingit.
1047 3251 1121 3308 Satis
1150 3301 1175 3316 ff

6 3357 7 3360 ι
68 3327 69 3332 ’
96 3338 125 3383 et
138 3327 240 3384 Cicero
254 3329 334 3382 illam
347 3327 425 3381 inter
440 3325 508 3381 deos
522 3324 638 3384 Romuli
659 3332 855 3402 receptionem
877 3340 1009 3404 putatam
1032 3336 1121 3411 magis
1154 3323 1160 3330 ”

96 3411 243 3486 significat
256 3405 337 3480 esse-3
364 3425 449 3482 quam
462 3409 585 3480 factam,
611 3409 725 3484 qnando
741 3421 771 3466 et
783 3412 904 3470 laudens
918 3433 985 3470 cum
997 3417 1030 3472 in
1043 3416 1121 3472 libris
1158 3476 1159 3479 Ἴ

95 3491 130 3546 dc
144 3495 292 3567 republico
303 3490 509 3565 'Scipionisque
524 3509 675 3547 sermone:
690 3489 847 3563 „Tantum
860 3503 915 3566 est,
930 3487 1040 3571 inquit,
1055 3517 1120 3556 con-

94 3609 114 3643 „
123 3583 252 3644 secutus,
266 3584 299 3630 ut
312 3593 377 3630 cum
390 3573 486 3628 subito
501 3575 562 3652 sqle
577 3574 730 3629 obscurato
743 3591 802 3632 non
817 3581 1039 3652 comparuisset,
1054 3581 1120 3644 dcc·

93 3673 187 3726 „rum
200 3658 231 3712 in
245 3672 366 3712 numero
381 3657 539 3712 collocatus
552 3665 719 3730 putaretur:
746 3657 830 3731 quem
856 3660 1022 3733 opinione‘m
1036 3657 1120 3719 nemo

1 3780 4 3784 f
87 3742 244 3811 „uuquam
269 3740 401 3794 mortalia
424 3741 538 3815 assequi
552 3739 723 3814 potuitsiuc
738 3742 976 3798 eximiorirtutis
990 3745 1119 3821 gloria,“
1161 3773 1163 3776 ·
