2310 4306
119 251 123 266 ,
151 217 207 272 llll
345 211 464 271 blvl
491 211 679 300 AVREnll
705 211 955 274 AVthlSTlNl

148 368 311 425 videremus
325 369 381 424 ista
395 367 547 440 compleri3
581 387 618 440 nc
630 385 706 424 vane
720 375 805 442 atque
823 367 948 424 inaniter
958 365 997 422 hie
1006 363 1096 420 alimal-
1116 374 1133 397 ⁴

148 457 232 526 quom
255 453 451 526 requiramus,
479 451 554 505 sicut
578 453 708 506 carnales
727 450 835 512 luciaci.
859 449 932 504 Nam
954 459 979 506 et
997 451 1096 523 ipsiusque
1143 451 1151 486 ἓ

147 535 218 590 adeo
232 535 335 605 filium,
362 551 448 610 quem
462 534 525 589 loco
540 536 596 589 isto
611 536 674 610 regi
689 533 783 589 David
797 537 968 605 promissum
978 535 1063 609 legunt,
1076 532 1097 583 in

147 620 285 694 telligunt
298 636 357 674 non
371 618 462 672 fuisse
477 615 676 687 Salomonem,
701 625 734 671 ut
752 635 786 670 eo
800 619 850 690 qui
862 603 1010 690 bromissns
1022 625 1051 669 est
1058 621 1097 670 trab

145 702 204 756 iam
226 700 462 770 manifestatione
485 699 632 758 declarato
655 698 747 768 adhuc
771 700 905 766 mirabili
923 701 1041 756 cocdtate
1055 698 1097 751 alu

146 801 262 858 sperare
275 801 306 837 se
321 782 428 838 dicant.
442 782 531 837 Facta
545 792 590 838 est
603 781 719 856 quidem
732 785 982 859 nonnulla‘imago
994 779 1096 836 reiluum

147 869 233 922 etiam
247 867 278 920 in
292 864 465 934 Salomone,
488 867 518 920 in
534 884 568 921 co
582 866 658 940 quod
672 868 814 938 templum*
823 867 1000 935 aedificavit,
1021 873 1093 936 etna
1118 850 1151 920 fill

145 948 244 1004 babuit
261 949 419 1003 secundum
439 966 545 1004 nomen
564 967 662 1017 suum,
686 946 960 1026 (Salomon-qnippe
977 947 1093 1022 pacificant
1141 930 1151 986 1

145 1028 277 1106 Latinc‚)
296 1039 326 1085 et
340 1032 371 1085 in
383 1031 502 1086 exordio
516 1033 602 1109 regni
616 1033 661 1086 sui
674 1032 845 1087 mirabiliter
858 1032 1005 1088 laudabilis
1017 1021 1097 1085 luitzrl
1119 1054 1121 1059 .
1150 1053 1151 1056 ¹

146 1115 245 1170 eadem
259 1132 311 1169 sua
325 1132 451 1187 persona
463 1131 516 1187 per
529 1115 658 1170 umbram
671 1115 761 1170 futuri
770 1115 995 1188 praenuntiabat
1006 1111 1099 1181 etiamst
1127 1109 1151 1147 ¹¹

146 1196 292 1258 Christum
306 1196 463 1254 Dominum
475 1206 619 1267 nostrum,
633 1217 692 1254 non
708 1197 870 1252 exhibebat.
890 1196 971 1252 Vnde
984 1187 1101 1270 queunt
1127 1200 1129 1205 ’

145 1282 195 1336 illo
208 1281 249 1334 ita
262 1281 371 1354 scripta
385 1289 464 1351 sunt,
478 1281 561 1353 quasi
575 1280 609 1334 de
624 1282 686 1353 ipso
701 1283 741 1337 ita
755 1282 903 1354 praedicta
918 1283 992 1350 sint,
1005 1271 1104 1334 dunScn'·
1126 1298 1128 1301 ·

144 1373 230 1436 ptura
244 1372 346 1418 sancta
359 1365 446 1420 etiam
458 1363 544 1418 rebus
555 1363 842 1440 gostisprophctana
857 1363 981 1438 quodam
993 1361 1059 1417 modo
1067 1360 1108 1412 inst
1150 1379 1151 1384 ¹

60 1473 63 1482 s
143 1445 268 1523 figuram
281 1445 408 1502 delineat
421 1446 592 1503 futurorum.
620 1446 694 1502 Nam
712 1457 827 1521 praetor
847 1427 1111 1522 librosdivinaebitv’

143 1531 215 1600 riae,
229 1530 279 1586 ubi
290 1521 429 1606 regnasse
443 1539 597 1610 narratur,
620 1528 750 1586 Psabnus
765 1532 853 1588 etiam
866 1519 1123 1606 septuagesimum·

144 1630 206 1667 mus
219 1615 305 1668 titulo
320 1613 445 1668 nominis
461 1615 522 1668 eius
533 1613 692 1685 inscriptus
707 1623 764 1669 est:
779 1615 810 1668 in
824 1631 881 1687 quo
895 1623 954 1668 tam
966 1609 1112 1668 multation-

143 1705 208 1766 tur,
233 1713 306 1771 quae
328 1697 446 1751 omnino
465 1697 492 1750 ei
513 1697 672 1752 convenire
691 1715 751 1752 non
769 1705 908 1768 possunt,
934 1695 1050 1751 Domino
1059 1699 1114 1747 adt!

143 1778 259 1835 Christo
273 1780 421 1858 aptissima
434 1773 639 1852 perspicuitate
654 1781 848 1850 conveniunt,
874 1789 907 1834 ut
920 1777 1058 1834 evidenter
1067 1785 1116 1846 ant·

1129 762 1151 812 l·

142 1871 216 1934 reat,
231 1862 307 1936 quod
319 1865 351 1918 in
365 1863 415 1917 illo
426 1861 523 1939 ligura
537 1863 746 1936 qualiscunque
759 1861 928 1918 adumbrata
941 1864 991 1930 sit,
1003 1863 1032 1916 in
1043 1862 1082 1914 isto
1090 1865 1122 1907 ab*

51 2013 53 2020 Α
143 1955 202 2000 tem
214 1947 278 2018 ipsa
293 1947 402 2002 veritas
421 1953 615 2018 praesentata.
649 1945 759 2001 Notum
773 1953 817 1999 cst
832 1947 909 2000 euim
924 1945 1022 2018 quibus
1035 1940 1107 1998 terni
1117 1989 1121 1995 ..

141 2047 267 2106 regnum
280 2031 448 2085 conclusum
461 2027 550 2083 fuerit
561 2026 740 2086 Salomonis:
756 2037 785 2082 et
798 2037 895 2084 tamen
910 2030 941 2082 in
956 2046 990 2082 eo
1001 2021 1126 2081 psalmon

142 2115 234 2188 gitur,
247 2121 279 2166 ut
293 2114 350 2168 alia
364 2121 484 2181 taceam,
502 2109 710 2167 Dominabitur
723 2131 743 2167 c
755 2112 835 2166 mari
847 2127 936 2186 usqne
950 2111 990 2166 ad
997 2107 1125 2174 marna*

135 2182 260 2270 flumin'e
281 2196 422 2270 usquead
435 2195 574 2250 terminos
588 2191 666 2249 orbis
680 2205 798 2250 terrae:
822 2193 901 2266 quod
916 2195 946 2248 in
960 2187 1095 2250 christon
1105 2210 1131 2259 vvj

141 2295 206 2332 mus
219 2277 342 2348 impleri.
363 2276 389 2332 A
401 2275 519 2332 flumine
532 2277 636 2349 quippe
650 2276 818 2331 dominandi
828 2277 933 2334 suntsit
946 2274 1088 2338 exordium
1097 2263 1126 2321 ab

140 2360 303 2433 baptizatus
316 2378 334 2414 a
346 2357 475 2430 Ioanne,
495 2357 597 2414 eodem
610 2367 793 2414 monstrante
808 2361 905 2432 coepit
918 2360 1035 2436 agnosci
1047 2375 1061 2410 a
1071 2349 1127 2408 dirci-

139 2443 235 2515 ¹pulis,
261 2444 312 2516 qui
325 2461 390 2498 eum
402 2461 462 2500 non
476 2443 571 2498 solum
581 2443 769 2518 magistrum,
795 2460 897 2498 verum
911 2445 998 2498 etiam
1012 2439 1127 2496 Dordas·

140 2527 367 2600 appellaverunt.

203 2607 266 2664 Nec
280 2609 316 2664 ob
330 2607 419 2679 aliud,
433 2609 551 2665 virente
566 2605 658 2666 adhuc
671 2618 755 2682 patre
774 2627 828 2664 suo
841 2608 954 2680 David,
977 2624 1088 2686 regnare
1097 2599 1136 2678 St,

108 2686 113 2694 ’
139 2693 237 2747 Ιοιιιοιι
251 2695 362 2767 coepit,
387 2691 465 2765 quod
484 2693 558 2746 nulli
576 2694 692 2748 illorum
705 2711 809 2768 rogum
821 2694 962 2769 contigit,
986 2694 1042 2750 uisi
1054 2686 1131 2744 ethin

139 2791 254 2849 quoque
267 2777 338 2832 satis
353 2777 476 2844 eluceat,
489 2792 550 2830 non
564 2793 627 2830 csse
637 2777 742 2848 ipsum,
756 2793 841 2849 quem
851 2775 1003 2848 prophetia
1015 2778 1067 2830 ista
1078 2783 1132 2845 prb*

139 2859 248 2935 signat,
270 2877 343 2933 qnae
357 2855 393 2912 ad
407 2859 468 2911 eius
481 2866 593 2929 patrem
605 2859 745 2932 loquitur,
773 2856 889 2914 dicens:
917 2858 1032 2926 Eterit
1043 2875 1095 2912 ena
1104 2863 1131 2906 rt

131 2941 213 3018 ploti
217 2941 342 3011 fuerint
356 2940 417 2997 dies
431 2943 486 3008 tui,
506 2951 535 2996 et
549 2940 674 2996 dormies
690 2941 903 3017 compatribus
917 2944 987 3009 taio,
1002 2951 1031 2997 et
1043 2936 1132 2995 sumu

137 3025 172 3080 bo
184 3041 279 3079 semen
293 3033 374 3078 tuum
380 3034 452 3100 post
465 3033 509 3092 lc,
536 3024 587 3098 qui
604 3025 663 3079 erit
676 3023 716 3080 dc
732 3031 835 3080 ventre
854 3033 919 3092 tuo,
942 3035 972 3080 et
978 3013 1135 3101 praepar*

137 3125 259 3182 regnum
274 3106 362 3161 illins.
397 3104 546 3171 Quomodo
566 3123 636 3181 ergo
654 3115 772 3178 propter
789 3105 819 3160 id
838 3107 916 3179 quod
935 3108 1080 3181 sequitur,
1100 3095 1135 3155 ΗΕ

137 3189 310 3260 aedificabit
320 3187 393 3246 mibi
405 3189 526 3256 domum,
541 3190 597 3244 istc
608 3186 746 3245 Salomon
760 3188 911 3262 putabitur
924 3185 1136 3264 prophetarant

138 3291 197 3336 non
209 3273 305 3345 potius
319 3281 438 3344 propter
452 3270 483 3324 id
496 3271 573 3343 quod
585 3271 750 3344 praecedit,
768 3270 839 3326 Cum
852 3272 964 3349 repleti
971 3273 1090 3342 fuerim
1101 3267 1138 3322 did

138 3357 197 3423 tui,
222 3364 252 3411 et
266 3356 390 3411 dormies
403 3354 616 3431 compatribus
630 3356 705 3423 tuis,
731 3353 880 3410 suscitabo
893 3372 991 3412 semen
1015 3367 1088 3411 tuan
1095 3353 1138 3429 ptfl

138 3448 178 3506 te,
193 3439 267 3493 alius
280 3436 417 3511 pacificus
431 3437 606 3512 intelligitur
618 3455 681 3492 esse
694 3438 866 3510 promissus,
882 3439 1006 3511 quinon
1022 3446 1094 3504 ante,
1104 3433 1139 3486 ab

137 3521 256 3589 uitiato,
283 3520 333 3576 sed
346 3520 411 3594 post
424 3529 546 3575 mortem
557 3517 654 3575 David
667 3522 892 3592 praenuntiatus
909 3531 957 3576 cst
969 3505 1139 3578 suscitandud

50 3601 52 3616 ²
112 3647 114 3654 ι
138 3603 302 3666 Quamlibet
314 3604 391 3658 enim
409 3605 496 3679 longo
511 3604 683 3675 interponito
696 3612 827 3678 tempore
841 3601 925 3666 lesus
941 3604 1072 3661 Christus
1083 3596 1140 3656 reni·

137 3694 198 3751 ret,
220 3687 320 3757 procul
332 3685 420 3741 dubio
433 3694 633 3758 postmortem
646 3687 724 3762 regis
738 3685 847 3756 David,
873 3689 922 3742 cui
935 3689 980 3743 sic
994 3697 1038 3742 est
1049 3681 1138 3760 promit

137 3783 197 3834 sus,
213 3786 278 3826 eum
291 3771 394 3822 venire
408 3769 569 3841 oportebat,
583 3770 633 3842 qui
647 3769 816 3823 aedificaret
829 3769 948 3826 donnum
962 3770 1041 3840 Deo,
1063 3759 1138 3823 noub

101 3927 107 3934 ι
138 3847 227 3922 lignis
243 3858 271 3903 et
283 3847 442 3938 lapidibus,
466 3850 517 3906 scd
530 3850 565 3904 de
579 3849 761 3920 hominibus,
786 3855 904 3926 qualem
924 3856 1008 3910 illum
1020 3849 1138 3908 solitar«
