2324 4312
115 221 180 290 uu
201 216 419 279 crvrrsru
442 193 520 302 our
541 213 620 288 um.
644 213 744 284 xxi.
898 210 959 274 ιιι
994 285 1002 296 ,

66 393 93 434 rs
113 373 269 450 Hesperon
295 374 436 450 appellat,
461 367 686 445 pulcherrimam
713 365 829 440 dicens,
857 367 975 443 Castor,

66 469 175 518 tontum
187 465 356 532 portentum
369 455 531 526 exstitisse,
555 463 590 508 ut
601 461 730 518 mutaret
744 454 883 524 colorem,
897 471 959 510 ma·

66 561 146 614 nem,
168 539 318 618 liguram,
329 555 458 596 curarunt
484 537 560 613 quod
573 535 705 606 iaetum'
696 544 737 592 sta
752 553 847 611 neque
861 545 959 607 antea,

65 636 156 684 »ostes
168 627 215 681 sit.
254 623 320 680 Hoc
333 621 444 680 factum
457 620 564 698 Ogyge
581 637 653 696 rege
670 618 807 676 dicebant
818 618 960 690 Adrastus
1012 669 1013 672 ,

65 729 113 766 sus
134 717 176 764 et
183 708 264 763 Dion
283 705 467 780 Neapolitos,
493 702 690 760 mathematici
707 702 831 759 nobiles
832 704 853 737 “
896 702 961 759 Hoc

65 811 113 850 rro
127 800 227 848 tantus
240 799 341 846 auctor
358 789 528 864 portentum
544 805 605 842 non
623 788 798 860 appellaret,
824 787 884 844 nisi
896 805 961 842 esse

65 885 176 934 sturam
186 871 345 932 rideretur.
370 872 478 930 Omnia
489 872 595 946 quippe
606 877 743 944 portenta
756 879 863 930 contra¹
872 880 961 928 natu-

65 976 121 1016 nus
134 976 215 1014 esse:
228 955 281 1016 sed
294 975 354 1013 non
367 955 445 1012 sunt.
472 953 623 1022 Quomodo
637 963 683 1010 est
697 955 775 1010 enirn
789 964 893 1010 contra
907 973 960 1010 na·

65 1042 121 1098 uod
133 1041 191 1100 Dei
203 1040 237 1096 fit
248 1042 414 1110 voluntate,
428 1055 517 1113 quum
530 1039 666 1094 voluntas
682 1039 758 1096 tanti
770 1038 872 1113 utique
882 1037 961 1100 Con·

65 1124 184 1184 auditae
200 1124 246 1180 rei
262 1123 404 1196 cuiusque
421 1130 527 1178 natura
543 1116 603 1177 sitl
618 1119 807 1178 'Portentum
826 1140 897 1200 ergo
916 1121 961 1192 lit,

65 1227 104 1265 re
117 1216 269 1277 naturam,
292 1204 346 1260 scd
363 1214 466 1262 eontra
486 1222 572 1278 quam
587 1213 633 1260 est
644 1214 718 1262 nota
730 1214 858 1262 natum.-
889 1207 962 1272 Quis

65 1285 240 1350 trtentorium
252 1297 388 1348 numerat
400 1286 636 1358 multitudinem,
663 1305 738 1361 quae
750 1285 874 1346 historia
886 1306 961 1366 gen·

64 1370 201 1432 tineturl
237 1371 297 1430 Sed
314 1389 392 1428 nuno
409 1373 442 1428 in
458 1368 514 1425 hoe
534 1388 595 1425 uno
610 1370 810 1442 attendamus,
836 1371 914 1446 quod
927 1371 963 1428 ad

64 1477 109 1535 pua
122 1459 238 1534 agimus
252 1457 388 1530 pertinet.
410 1453 486 1521 Quid
498 1456 540 1510 ita
551 1447 723 1528 dispositum
736 1464 781 1510 cst
794 1453 829 1512 ab
842 1451 962 1512 auctore

64 1543 144 1599 coeli
162 1551 192 1598 et
204 1549 316 1609 terrae,
342 1537 582 1614 quemadmodum
602 1555 704 1592 cursus
726 1537 962 1594 ordinatissimus

64 1623 71 1682 i
96 1625 175 1694 Quid
188 1634 248 1680 tam
259 1626 332 1680 ratis
347 1622 463 1700 legibue
482 1620 610 1695 fixisque
622 1617 789 1678 firmatuml
811 1617 852 1678 Et
864 1630 963 1702 tamen

64 1711 106 1766 lle
118 1710 229 1778 voluit,
255 1708 306 1784 qui
318 1724 432 1764 suntme
444 1706 524 1782 regit
542 1705 664 1778 imperio
677 1723 711 1760 ao
726 1713 871 1780 potestate
885 1704 964 1781 quod

67 1834 77 1864 ,
99 1794 184 1848 stella
195 1810 264 1866 prae
280 1790 404 1848 caeteris
424 1787 626 1866 magnitudine
640 1798 727 1862 atque
741 1789 895 1863 splendore
907 1807 962 1848 uo-

66 1877 209 1946 colorem,
224 1874 467 1956 magnitudinem,
481 1872 620 1949 figuram,
640 1882 669 1927 et
683 1868 771 1945 (quod
785 1883 831 1930 est
842 1872 962 1928 mirali-

65 1961 75 2014 i
89 1977 192 2016 cursus
206 1951 343 2014 ordinem
352 1959 505 2034 legemque
517 1957 650 2024 mutarit.
673 1953 817 2014 Turbavit
830 1955 965 2030 proiecto

63 2044 152 2100 ‚ulli
144 2062 202 2098 ram
215 2039 335 2098 luerunt
348 2058 475 2098 canones
489 2041 715 2117 astrologorum,
736 2057 807 2116 quos
821 2041 924 2098 velut'
915 2059 963 2096 ιιι-

67 2124 339 2200 computationede
359 2124 526 2200 praeteritis
546 2140 579 2180 uo
593 2123 700 2180 futuris
716 2134 862 2182 astrorum
875 2125 963 2192 moti,-

63 2212 180 2284 reriptos
194 2208 312 2280 habent,
327 2227 399 2283 quos
409 2225 537 2264 canonos
549 2207 698 2283 sequendo
710 2210 774 2264 ausi
785 2218 855 2266 suut
866 2208 965 2274 dicere
1009 2276 1012 2282 Ι

63 2293 121 2352 lde
131 2291 266 2349 Lucifero
277 2293 413 2368 contigit,
427 2311 482 2348 nec
496 2301 593 2364 antea,
607 2301 666 2348 nee*
675 2302 778 2368 postea
791 2294 964 2370 contigisse.

63 2397 102 2436 sm
114 2379 147 2434 in
160 2376 269 2433 divinis
281 2375 364 2430 libris
379 2375 518 2451 legimus,
544 2376 633 2430 etiam
650 2377 742 2432 solem
754 2378 850 2450 ipsum
862 2387 892 2432 et
904 2377 977 2434 ste-⁸

63 2479 117 2518 um
127 2457 183 2516 hoc
196 2478 214 2516 a
227 2457 354 2516 Domino
369 2457 433 2514 Deo
447 2457 601 2530 petivisset
611 2458 660 2534 vir
673 2467 792 2514 sanctus
801 2459 964 2520 lesusNa·
1034 2491 1035 2496 κ

65 2564 98 2600 ee
110 2552 246 2616 coeptum
256 2542 400 2616 proelium
412 2540 538 2617 victoria
550 2540 739 2610 terminaret3
760 2549 790 2596 et
801 2552 966 2600 retrorsum

81 2637 115 2684 ut
135 2628 202 2704 regi
213 2624 358 2682 Ezechiae
377 2622 543 2698 quindecim
557 2623 630 2682 anni
642 2621 679 2676 ad
692 2623 850 2680 rivendtun
863 2625 965 2698 additi,

63 2707 250 2786 m‘prodigio
271 2707 460 2782 promissioni
478 2704 537 2763 Dei
556 2704 795 2782 significarentur
817 2705 965 2779 adiuncto.

72 2793 358 2870 quoqnemiraeula,
386 2807 460 2865 quae
480 2789 593 2844 meritis
609 2797 679 2845 sunt
696 2804 835 2868 concessa
847 2801 966 2864 saneto-

63 2875 137 2934 sndo
152 2875 275 2932 eredunt
288 2875 339 2930 isti
351 2874 442 2942 iente,
454 2872 576 2948 magicis
590 2873 701 2930 artibus
715 2873 856 2932 tribuunt.
883 2873 967 2932 Vnde

73 2958 152 3035 quod
165 2959 297 3032 superius
306 2956 548 3025 commemorari,
561 2954 671 3011 dixisse
684 2955 853 3034 Virgilium:

63 3055 129 3102 ‚tere
142 3059 247 3116 aquarn
259 3040 369 3112 fluviis,
384 3049 414 3096 et
425 3049 542 3096 vertere
555 3038 652 3096 sidera
664 3049 752 3096 retro.

63 3123 186 3183 llurium
197 3126 313 3180 stetisse
326 3124 474 3198 superius,
496 3121 678 3197 inferiusque
691 3122 903 3196 lluxissmeum
915 3143 967 3200 po-

63 3212 90 3266 ei
99 3209 225 3266 ¹duetore
238 3223 326 3282 supra
339 3216 500 3270 memorato
513 3205 581 3262 lesu
594 3205 678 3264 Naro
690 3209 768 3265 viam
781 3218 925 3282 carperet,
939 3219 970 3264 et

63 3293 156 3369 spheta
175 3301 364 3362 transeunte,
391 3309 424 3346 ac
442 3299 545 3364 postea
564 3289 708 3364 discipulo
724 3291 788 3346 eius
800 3288 918 3350 Elissae
938 3289 970 3350 id

63 3397 116 3434 :um
125 3377 159 3432 in
172 3376 263 3432 saeris
276 3376 372 3430 literis
384 3376 524 3452 legimus3
538 3383 568 3431 et
580 3382 787 3432 retroversum
799 3373 892 3430 luisse
906 3394 968 3431 ma-

63 3460 139 3518 sidus
151 3467 297 3534 regnante
309 3456 446 3529 Ezechias,
459 3456 545 3514 modo
565 3458 862 3526 commemoravimus.
885 3453 971 3524 Quod

67 3543 205 3602 Lucifero
218 3539 312 3597 Varro
326 3537 459 3614 scripsit,
485 3559 547 3598 non
560 3541 678 3597 estillic
690 3540 799 3598 dietum
812 3541 901 3598 alicui
915 3540 968 3597 ho-

63 3627 131 3698 :enti
143 3625 174 3682 id
187 3624 279 3679 luisse
293 3641 473 3680 conoessum.
818 3643 821 3650 ·

63 3727 152 3786 sergo
166 3707 323 3763 denotitia
336 3716 505 3764 naturarum
524 3702 680 3785 caliginem
688 3701 754 3764 silei
772 3704 883 3763 iaciant
900 3705 969 3764 iuli-

63 3794 137 3868 puasi
150 3807 210 3846 non
224 3789 317 3861 possit
330 3791 362 3846 in
375 3791 517 3866 aliquare
529 3790 670 3850 divinitus
682 3791 750 3856 fieri
763 3789 859 3860 eliud,
883 3808 969 3865 quern

63 3885 164 3934 nature
176 3890 230 3949 per
248 3868 405 3932 humanam
422 3890 505 3932 suam
523 3876 735 3950 experientium
753 3883 970 3951 cognoverunt,
