2266 4312
162 172 229 272 nn
254 192 479 276 ὀιιιιιιί
494 209 582 272 nm
603 212 683 272 ιιι.
705 209 815 270 xm·
941 161 998 306 ’,ιι

1 392 15 415 ι
48 369 99 438 iu,
115 367 175 442 qui
188 375 236 422 est
249 365 537 435 diabolus,'maxim'e
551 364 706 435 dominari,
724 366 815 435 sacris
829 361 922 421 litoris
937 367 1004 422 edo-

35 471 44 508 :
76 450 225 524 profecto
243 451 302 504 ista
320 459 364 503 est
376 467 483 528 magna
498 448 680 517 differentia,
707 467 763 522 qua
777 448 903 519 Civitas,
928 450 1004 504 ualde

10 538 117 604 imur,
133 543 266 606 utraque·
276 531 469 602 discernitur3
488 552 548 588 una
561 533 675 587 scilicet
687 533 813 587 socictas
825 533 939 605 piorum
952 530 1005 586 ho-

6 638 85 688 um,
118 617 218 672 altera
234 616 405 688 impiorum,
432 616 548 691 singula
567 633 697 689 quaeque
716 634 782 670 cum
794 617 908 690 angelis
922 615 958 670 ad
974 633 1005 668 se

10 697 193 770 inentibus,
209 699 242 754 ia
256 699 360 772 quibus
374 701 535 772 praecessit
546 697 605 756 hac
614 717 696 754 amor
707 695 776 768 Dei,
789 694 936 754 hac-amor
949 699 1005 752 sui.

10 783 189 842 Manifesta
214 800 287 858 ergo
310 779 470 855 apertoque
490 791 625 855 peccato,
640 780 703 852 ,ubi
728 781 839 840 factum
865 779 1007 855 estquod

4 887 34 923 ·s
54 867 129 922 fieri
152 863 358 938 prohibuerat,
384 863 515 919 diabolus
532 863 680 919 hominem
699 881 758 919 non
782 865 923 937 cepisset,
945 865 1008 932 ,nisi

13 952 92 1014 ¹illc
119 947 181 1004 sibi
203 947 262 1020 ipsi
284 947 400 1020 placore
422 949 575 1020 coepisset.
617 945 697 1002 llinc
712 949 790 1002 enim
807 956 837 1001 ct
850 945 1028 1012 delectavit*

0 1061 4 1082 .
49 1033 243 1101 dictumest,
271 1027 370 1084 Eritis
385 1031 524 1086 sicntda'i.
569 1029 653 1094 Quod
676 1031 781 1086 melins'
803 1048 867 1084 csse
888 1038 1009 1106 possent
1086 1042 1098 1050 ·

1 1142 5 1163 ι
33 1135 74 1171 ..ο
96 1131 233 1187 veroque
256 1112 400 1184 principio
418 1109 604 1172 'cohaerendo
630 1131 684 1185 por
709 1112 919 1184 obedientiam,
948 1132 1008 1169 non

1 1222 36 1248 ι..
72 1199 135 1258 sibi
162 1193 333 1252 exsistendo
358 1195 534 1270 principium·
558 1213 610 1267 per
636 1195 808 1268 superbiam.
851 1194 903 1251 Dii
930 1198 1009 1252 enim

28 1285 70 1350 ti,
89 1299 165 1344 vnon
180 1297 235 1334 sua
248 1279 374 1332 veritate
392 1273 546 1353 [rirtute],
569 1278 620 1332 sed
634 1277 690 1332 Dei
705 1279 767 1333 veri
784 1280 1017 1352 participatione,

1 1375 31 1428 ι,
41 1365 98 1420 dii.
124 1361 198 1417 Plus
213 1369 311 1416 autem
324 1357 433 1436 [bomo]
445 1360 620 1432 appetendo,
633 1361 728 1416 minus
741 1370 799 1430 cst:
814 1363 863 1434 qni
874 1361 941 1416 dum
952 1361 1009 1418 sibi

1 1456 4 1481 ²
25 1466 101 1504 cere
123 1446 225 1522 diligit
247 1437 412 1520 [delegit],
439 1435 867 1518 abilloquicivere'snllicit,
893 1442 1009 1514 deiecit.
1088 1437 1097 1450 “

2 1531 34 1588 ·d
49 1532 157 1604 itaque
171 1521 296 1595 malum,
322 1543 457 1598 quocum
473 1527 528 1580 sibi
542 1525 627 1602 homo
642 1527 755 1598 placet,
773 1535 918 1600 tanquam
929 1530 968 1584 sit
981 1537 1011 1582 et

5 1638 15 1659 0
34 1605 156 1680 himen,
172 1610 317 1668 avertitur
328 1608 362 1662 ab
376 1627 410 1664 oo
424 1609 547 1680 lumine,
562 1607 639 1682 qnod
652 1611 680 1666 ci
694 1611 719 1662 si
732 1610 846 1681 placeat
859 1618 888 1662 ct
901 1610 963 1682 ipsc
977 1609 1012 1666 fit

1 1715 80 1752 oen:
110 1691 203 1762 illud,
229 1694 363 1766 inquam,
389 1691 497 1748 malum
509 1693 670 1766 praecessit
683 1694 713 1748 in
727 1690 836 1760 abdito,
859 1699 1009 1765 utsequc-

28 1800 45 1835 r
62 1777 123 1834 hoc
143 1778 254 1832 nralnm
271 1773 350 1849 quod
365 1782 562 1848 perpetratum
581 1784 626 1829 cst
643 1777 677 1830 in
691 1784 801 1848 aperto.
845 1773 952 1828 Verum
967 1784 1011 1830 est

18 1891 22 1910 ‹
54 1859 140 1938 quod
156 1861 300 1936 criptum
313 1866 372 1912 cst:
399 1855 477 1913 Ante
490 1859 608 1914 ruinam
623 1857 860 1926 exaltaturam,
887 1867 917 1914 ct
940 1867 1012 1914 anto
1071 1900 1076 1904 -

0 1970 3 2008 r
30 1949 95 2004 iam
111 1943 299 2000 linnciliator.
343 1937 395 1994 llla
420 1944 542 2014 prorsus
565 1942 652 1995 ruina
676 1959 749 2014 quae
772 1939 806 1994 fit
828 1941 860 1998 iu
884 1941 1010 2009 occulto,

14 2028 119 2084 coedit
132 2027 251 2094 ruinam
264 2041 339 2098 quac
353 2022 387 2080 lit
399 2024 430 2080 iu
444 2021 611 2091 manifesto,
628 2021 695 2079 dum
708 2025 758 2078 illa
771 2024 857 2080 ruina
871 2041 936 2078 esse
951 2041 1011 2078 nou

34 2123 95 2168 tur.
143 2109 216 2174 Quis
231 2107 310 2182 enim
324 2105 534 2162 exaltationem
546 2107 661 2162 ruinam
679 2115 775 2180 putat,
803 2125 868 2164 cum
889 2107 947 2160 iam
970 2105 1011 2160 ibi

15 2193 171 2262 defectus,
185 2209 242 2264 quo
257 2198 302 2243 est
316 2191 435 2244 relictus
451 2186 605 2244 excelsus?
621 2191 802 2256 Quisautcm
816 2192 931 2246 ruinam
946 2207 1025 2244 esse·

1 2271 161 2342 arrideat,
177 2272 292 2346 quando
307 2272 340 2326 lit
353 2269 482 2340 sirandati
497 2272 617 2340 evidens
631 2282 719 2346 atquo
734 2272 896 2350 indubitata
910 2283 1009 2344 trans-
1039 2324 1043 2332 ,
1074 2281 1078 2288 “

0 2355 104 2418 ssiol
127 2357 254 2429 Propter
267 2352 418 2416 hoc=Deuffs
432 2352 505 2408 illud
518 2353 681 2428 prohibuit,
696 2355 774 2428 quod
788 2347 854 2410 cum
867 2365 944 2410 esset
958 2354 1008 2410 ad·
1065 2392 1067 2398 -

1 2439 106 2513 sum,
119 2441 203 2497 nulla
217 2437 334 2511 defendi
347 2443 446 2516 posset
455 2437 667 2512 imaginatione
680 2439 820 2492 iustitiae.
862 2437 903 2494 Et
917 2435 1008 2513 [idco]

1 2521 57 2584 deo
71 2527 186 2593 dicere,
200 2521 337 2596 superbis
348 2537 412 2592 csso
426 2521 498 2572 utile
509 2519 612 2594 cadere
626 2521 657 2574 iu
671 2519 789 2592 aliquod
799 2530 933 2592 apertum
947 2539 1009 2582 ma·
1066 2547 1067 2550 ι

9 2621 168 2681 estumqne
182 2595 350 2679 peecatum,
368 2599 522 2662 'undesibi
537 2601 727 2675 displiceant,
742 2603 791 2674 qui
805 2602 862 2656 iam
877 2603 933 2657 sibi
945 2605 1008 2676 pla·
1084 2637 1087 2647 s

0 2691 57 2748 udo
75 2689 255 2747 ceciderant.
278 2681 431 2742 Salubrius
446 2685 521 2758 enim
533 2683 638 2760 Petrus
654 2685 710 2738 sibi
722 2682 879 2757 displicuit,
894 2685 1009 2756 quando
1094 2695 1097 2700 '

1 2775 65 2844 uit,
79 2792 171 2848 qnam
184 2770 240 2825 sibi
253 2769 379 2844 placuit,
400 2759 515 2840 quando
527 2767 712 2841 praesumsit.
727 2813 728 2816 ,
756 2764 821 2833 Hoc
835 2765 906 2820 dicit
919 2774 947 2819 et
960 2785 1003 2822 sa·
1066 2789 1075 2802 ·=

1 2871 2 2880 ¹
30 2855 183 2912 Psalmus:
211 2847 421 2930 Implefociet
436 2869 534 2906 eorum
549 2851 726 2925 ignominie,
753 2858 782 2906 et
800 2858 1009 2925 paoerentno-

4 2954 31 2992 va
46 2953 147 3008 tuum,
165 2935 310 2992 Domine:
332 2932 365 2992 id
380 2942 439 3001 est,
452 2943 485 2987 ut
498 2942 529 2986 tn
550 2934 592 2986 cis
606 2933 720 3004 placeas
736 2930 940 3006 quaerentibus
955 2948 1016 2998 no<

12 3034 34 3076 n
46 3013 151 3092 tuum,
165 3019 216 3094 qui
230 3018 286 3094 sibi
299 3017 474 3091 placuerunt
487 3003 651 3090 quaerendo
666 3033 759 3074 suunt.
815 3033 817 3036 ·

22 3239 25 3244 ,
355 3165 424 3224 CA
447 3164 480 3220 P.
522 3161 554 3220 X
569 3163 582 3219 l
597 3163 629 3220 V.
681 3219 683 3224 ,
852 3225 854 3232 s

19 3265 148 3334 nepertia
164 3259 404 3333 transgressionis,
424 3277 492 3330 pune
506 3258 567 3326 ipsa
576 3258 640 3331 ficit
655 3247 869 3330 transgressione
884 3249 1011 3320 deteriori

33 3354 93 3414 Sed
106 3365 154 3411 est
173 3355 258 3430 peior
272 3351 523 3424 damnabiliorque
543 3347 706 3423 superbias
723 3367 780 3424 qna
795 3350 883 3404 etiam
896 3350 928 3402 in
941 3365 1008 3419 pec·
1072 3351 1078 3362 '

1 3431 45 3490 lis
69 3437 237 3494 manifestis
263 3431 421 3512 suffugium
440 3432 646 3493 ,excusationis
670 3433 843 3506 inquiritur:
863 3427 947 3485 'sicut
965 3431 1009 3482 illi

6 3507 227 3587 'ihomine‘m
253 3509 374 3592 quorum
389 3527 419 3570 ct
430 3517 481 3569 illa
495 3513 585 3584 dixit,
611 3512 740 3590 Serpens
759 3514 877 3570 seduxit
896 3531 954 3578 nte,
980 3523 1009 3566 et

7 3620 9 3623 ’
20 3605 166 3660 adunavi:
193 3601 245 3660 ille.
259 3599 347 3668 dixit,
361 3595 471 3656 Mulier
484 3615 570 3674 paam
584 3596 695 3652 dedisti
707 3615 830 3662 caecant,
852 3593 925 3648 boec
938 3592 1010 3650 anibi

0 3696 84 3742 ’Ἣ
100 3683 313 3760 ligno,etedi.
345 3675 502 3753 ‘Nusquam
515 3677 562 3733 hic
577 3684 664 3732 sonat
676 3678 779 3749 petitio
792 3677 911 3746 reniae,
938 3693 1008 3730 nus-

0 3773 60 3823 ’ὶιιι
87 3765 255 3842 imploratio
282 3764 452 3818 medicinae.
495 3759 572 3815 Nam
593 3762 662 3814 licet
683 3760 733 3814 isti
754 3765 812 3814 non
832 3760 907 3812 sicut
925 3755 1009 3829 Cain,
1090 3765 1091 3768 ’

10 3845 295 3918 eunomianum,
322 3854 446 3922 negent,
472 3842 564 3898 adbuc
588 3851 685 3898 tamen
707 3842 842 3917 superbla
865 3842 898 3896 in
921 3841 1022 3920 alium,
