2324 4312
167 214 229 274 nu
251 167 474 305 crurrsr‘s
496 212 579 272 nur
605 211 688 272 nin.
709 210 788 286 xx,
827 273 829 278 ,
932 215 997 272 eor·
1059 175 1069 182 ”’

12 387 73 432 ras
87 366 214 446 gloriam
227 367 300 424 eius.
317 363 425 442 Omnes
438 365 523 435 euim,
537 366 616 422 sicut
625 363 698 420 dicit
708 363 874 436 Apostolus,
882 383 994 442 pecca·
1009 433 1011 438 ,

12 463 79 522 teet,
104 462 134 508 et
148 461 237 526 egent
248 451 349 525 glorie
364 448 433 506 Dei.
467 447 507 506 Et
525 450 695 504 relicturum
711 465 743 502 ιο
757 447 828 502 dicit
841 466 928 520 super
944 467 994 504 cos

12 553 60 604 a,
84 553 159 608 quac
172 535 274 607 utique
286 535 426 612 rudentes
441 531 562 588 credant
574 533 606 586 in
620 549 701 586 eum:
728 541 758 585 et
770 532 941 585 enrissurum
957 550 995 586 ex
1031 535 1034 542 ’

26 620 160 674 salvatos
174 617 205 671 in
219 626 323 693 gentes
337 615 484 686 diversas,
508 624 539 670 et
551 616 583 670 iu
597 615 771 690 longinquas
785 614 907 682 insulas,
921 631 995 688 quae
1021 643 1023 648 ·

26 699 190 758 audierunt
203 718 311 764 nornen
323 700 396 769 eius,
410 717 506 773 neque
521 697 658 754 viderunt
670 699 794 774 gloriam
808 698 884 768 eius;
899 706 929 752 et
940 715 994 754 an-

12 786 149 840 tiaturos
161 783 287 859 gloriam
297 784 361 838 eius
371 783 402 838 iu
413 775 566 859 gentibua3
582 791 612 837 et
621 780 795 837 adducturos
805 779 910 836 fratros
923 781 996 836 isto-

12 905 40 938 .,
64 864 170 942 quibus
184 867 374 940 loquebatur,
395 865 425 922 id
443 874 502 936 est,
524 863 626 922 infide
644 863 697 922 sub
711 863 776 919 Deo
788 853 876 920 Pat‘re
888 863 995 920 fratrer
1065 895 1068 900 ·
1103 905 1105 912 .

12 953 161 1008 ἓΙίῐοιιιηι
177 950 348 1007 electorum:
362 943 539 1004 adducturos
552 957 649 1020 autem
662 941 699 1002 οἱ
712 947 845 1006 omnibus
858 930 996 1024 gentibus
1076 961 1080 970 ‘

12 1049 65 1090 rus
76 1032 207 1089 Domino
219 1034 253 1088 in
265 1034 405 1088 iumentis
418 1041 451 1087 et
459 1030 612 1100 vehiculis,
627 1025 715 1105 (quae
727 1032 861 1086 iumento
871 1025 902 1086 et
914 1029 996 1089 rehi-

12 1135 23 1168 ι
39 1118 116 1174 liene
129 1116 339 1192 intelliguntur
351 1115 496 1178 adiutoria
510 1129 573 1170 esre
582 1109 701 1184 divina,
719 1129 777 1187 per
790 1114 930 1190 cuiusque
939 1133 996 1191 ¹gc-

12 1197 42 1258 ie
55 1200 223 1276 ministeria
236 1199 309 1272 Dei,
330 1181 379 1255 teil
392 1199 542 1276 angelica,
560 1199 608 1255 vel
620 1193 779 1272 humana,)
802 1198 834 1260 in
845 1199 998 1258 'civitatem

12 1294 96 1340 etam
109 1281 312 1353 Hierusalem,
335 1299 408 1356 quae
426 1283 550 1338 nuncin
564 1282 675 1336 sanctis
688 1279 821 1336 fidelibus
835 1290 881 1336 est
892 1278 999 1354 'diffusa

12 1373 129 1422 terras.
144 1358 200 1420 Vbi
207 1367 286 1424 enim
291 1361 432 1422 divinitus
440 1364 626 1434 adiuvantur,
637 1357 825 1442 ibixcredunt:
836 1374 867 1420 et
872 1364 924 1430 ubi
932 1383 997 1420 cre-

12 1443 47 1521 ss't,
61 1449 104 1505 ibi
111 1450 246 1504 veniunt.
261 1447 447 1523 comparavit
457 1457 553 1504 autem
559 1449 624 1504 illos
630 1447 785 1517 Dominus,
797 1455 935 1521 tanquam
946 1457 999 1522 per

12 1531 198 1603 ilitudinem,
211 1531 280 1588 liliis
294 1531 384 1588 lsraiil
396 1529 587 1588 offerentibus
599 1533 626 1586 ei
638 1549 704 1598 suas
715 1529 830 1594 losum
841 1549 907 1586 cum
919 1533 999 1605 psal-

27 1619 63 1672 in
78 1614 165 1672 domo
180 1617 258 1687 eius,
284 1614 362 1691 quod
374 1609 481 1690 ubique
494 1617 553 1672 iam
567 1614 639 1670 facit
651 1612 797 1683 Ecclesia:
822 1622 852 1669 ct
864 1615 1000 1687 promisit
1029 1605 1032 1618 ’

12 1701 85 1773 peis
99 1717 131 1754 se
144 1707 332 1772 accepturum
344 1699 401 1756 sibi
413 1695 587 1758 Sacerdotes
607 1706 637 1754 et
649 1696 784 1767 Levitae,
811 1695 889 1771 quod
907 1696 999 1754 nihilo

12 1795 61 1840 lus
74 1781 148 1844 fieri,
157 1800 237 1842 nuuc
250 1781 392 1840 videmus.
427 1781 495 1856 Non
509 1783 588 1838 euim
601 1797 638 1836 er
652 1771 762 1858 genere
776 1781 874 1836 cornis
889 1789 918 1836 et
930 1797 999 1836 san·
1013 1833 1019 1848 ,

12 1868 79 1936 tris,
105 1865 184 1922 sicut
197 1875 260 1921 erat
271 1867 395 1939 primum
409 1865 568 1934 secumdum
582 1865 715 1920 ordinem
727 1859 842 1934 Aaron,
862 1863 917 1936 sed
926 1865 1001 1920 sicut

12 1949 120 2006 rtcbat
132 1949 165 2004 in
179 1945 369 2006 Testameutc
383 1967 472 2020 noro,
494 1946 546 2006 ubi
558 1947 719 2022 seeundum
731 1946 865 2004 ordinem
878 1945 1000 2004 Melchi-
1078 2007 1081 2009 ,

12 2046 46 2090 ec
61 2049 196 2100 summus
209 2031 345 2088 sacerdos
359 2041 403 2088 est
416 2030 548 2088 Christus
556 2049 578 2102 ,¹
588 2050 642 2106 pro
655 2033 794 2105 cuiusque
806 2032 912 2088 merito
925 2031 1001 2104 quod
1050 2051 1057 2071 ··

12 2131 83 2173 eum
105 2116 203 2192 gratia
224 2116 325 2172 divina
346 2117 518 2187 contulerit,
540 2113 713 2172 Sacerdotes
736 2124 768 2170 et
785 2112 906 2174 Levitae
929 2115 1002 2191 eligi

12 2196 208 2257 residemus:
234 2200 284 2273 qui
297 2217 359 2280 non
371 2200 429 2254 isto
443 2200 580 2270 nornine,
607 2198 685 2274 quod
705 2215 790 2274 saepe
808 2207 1002 2272 assequuntur
1062 2220 1066 2234 ν

11 2281 99 2362 igni,
120 2280 173 2338 sed
185 2301 220 2338 ea
233 2299 307 2355 quae
320 2300 382 2340 nou
395 2291 441 2338 cst
453 2281 539 2338 bonis
552 2283 692 2358 malisque
705 2283 877 2355 communis,
891 2282 1002 2338 saucti-

12 2384 19 2418 ι
36 2365 186 2441 pensandi
200 2374 279 2422 suut.

21 2448 113 2508 Haec
128 2468 195 2504 cum
209 2447 245 2504 de
258 2450 326 2520 itta,
340 2462 415 2523 quae
427 2464 506 2504 nunc
519 2443 686 2522 impertitur
697 2447 866 2520 Ecclesiae,
890 2451 1002 2524 perepi-

41 2531 189 2606 nobisque
212 2533 367 2588 notissima
385 2530 443 2588 Dei
464 2529 653 2588 miseratione
666 2530 803 2603 dixissct3
823 2533 961 2606 «promisit
973 2541 1005 2588 et

12 2633 38 2674 rs
50 2615 179 2690 adquou
192 2633 244 2689 per
257 2617 390 2672 ultinlurn
402 2615 540 2672 iudicium
554 2614 631 2670 facta
645 2612 788 2670 bonorum
804 2616 1004 2688 malorumque
1050 2614 1060 2660 -’

12 2700 148 2758 cretione
160 2699 309 2770 venietur,
322 2697 423 2755 dicens
437 2716 489 2771 per
503 2696 688 2771 Prophetam,
710 2698 758 2754 vel
769 2697 805 2753 dc
818 2695 946 2753 Domino
959 2698 1004 2754 di·
1029 2711 1030 2714 ’
1087 2771 1089 2775 Ι

13 2800 33 2838 ιι
52 2785 120 2857 ipse
138 2779 297 2856 Propheta:
329 2780 485 2856 Quomodo,
501 2783 576 2838 enim
601 2779 709 2837 eoelum
733 2797 837 2837 novum
864 2790 893 2836 et
919 2790 1005 2839 terra
1083 2795 1090 2804 ’

12 2885 41 2926 ee
67 2864 201 2934 mauebit
223 2884 323 2923 corum
347 2885 407 2934 roe,
431 2865 511 2922 dixit
535 2862 695 2934 Dominus,
720 2865 764 2919 oic
789 2863 884 2930 etebit
909 2865 1025 2919 cemen'
1105 2926 1108 2932 ¹

12 2958 101 3007 trum
114 2959 145 3006 et
164 2967 265 3006 nornen
278 2959 426 3006 oestrum:
449 2957 479 3004 et
497 2944 557 3004 erit
573 2949 680 3006 meotis
699 2965 737 3004 ee·
752 2963 865 3015 meree,
888 2957 918 3003 et
937 2945 1017 3000 cei--

12 3049 68 3090 aem
88 3048 127 3089 eu
144 3030 277 3105 sabbato.
305 3027 386 3109 [set]
408 3029 510 3088 Veniet
528 3031 620 3088 omnic
639 3049 710 3088 cero
728 3033 759 3086 ie
777 3039 931 3107 conspectu
945 3047 1006 3084 meo

12 3131 101 3172 ware
115 3115 147 3170 iu
160 3111 361 3186 Hierusalem,
381 3116 460 3172 dixit
473 3112 635 3172 Dominus:
655 3125 685 3170 et
697 3114 905 3200 egredientur,
919 3122 949 3168 et
961 3112 1007 3168 oi·

15 3208 78 3256 unt
91 3191 380 3254 membru'ltorieiuum
394 3199 445 3274 qui
452 3198 665 3275 praevaricati
677 3208 748 3276 eunt
760 3198 791 3252 in
805 3214 858 3252 me.
893 3192 1007 3251 Vermic
1107 3245 1110 3252 .

12 3297 68 3337 um
82 3300 140 3337 nou
154 3282 309 3351 morietur,
327 3290 357 3338 et
371 3283 451 3356 ignit
465 3297 564 3337 eorum
577 3299 633 3338 nou
647 3283 853 3356 extinguetur,
877 3287 907 3334 et
920 3285 1008 3334 erunt
1089 3353 1090 3356 Ἴ

12 3367 48 3420 rei
62 3365 143 3420 omni
155 3366 251 3421 curri.
286 3363 332 3420 Ad
342 3363 397 3419 hoc
410 3365 466 3419 iate
479 3362 624 3437 Propheta
640 3362 809 3420 terminarit
825 3360 947 3430 librum,
970 3357 1009 3414 ad
1049 3389 1052 3394 ·

12 3447 49 3502 »d
60 3446 269 3502 terminabitur
280 3448 438 3514 'saeculum
451 3445 574 3513 Quidam
587 3465 657 3502 rane
670 3464 730 3502 non
742 3445 926 3516 interpretati
940 3451 1009 3498 sunt

12 3531 102 3587 utra
115 3527 272 3601 domiuum,
286 3528 338 3586 sed
350 3529 501 3586 cadevera
512 3531 652 3610 virorum,
671 3546 725 3603 per
737 3526 880 3584 cadavera
892 3524 1008 3603 signifi·
1100 3555 1102 3562 ι

12 3620 73 3668 rtes
89 3611 256 3669 evidentem
268 3630 423 3686 corporum
435 3623 571 3686 poenam:
585 3613 716 3685 quamvis
731 3610 855 3667 cadaver
868 3611 928 3669 nisi
940 3625 1008 3666 earo

12 3697 207 3766 inimicum
221 3697 312 3752 soleat
326 3696 503 3769 nuncupari3
516 3696 567 3751 illa
579 3711 650 3750 vero
662 3691 791 3760 animata
804 3703 892 3748 erunt
906 3711 1009 3768 corpo·
1104 3701 1105 3704 ’

12 3817 13 3828 1
48 3778 184 3853 alioquin
202 3780 284 3836 nulla
302 3786 442 3852 poterunt
461 3779 572 3846 sentire
588 3787 747 3834 tormenta:
775 3777 834 3848 nisi
851 3776 1010 3853 seconcia
1108 3807 1113 3816 ·

12 3871 160 3920 *tuorum
173 3870 261 3926 erunt
275 3879 408 3938 corporo,
422 3860 521 3936 idest,
539 3878 641 3948 eorum
655 3863 706 4002 <gri
719 3863 751 3919 in
764 3859 919 3919 secundam
932 3880 1008 3918 rnor-

387 3973 388 3980 1
699 3947 719 4002 2
