2362 4314
110 199 163 252 428
488 187 771 245 ELnNchs

112 313 277 376 crexit.
301 313 345 366 lle
364 313 493 379 opinione
513 323 619 374 eorum,
667 321 783 363 'amore
805 304 1120 384 speciosarum'nnliema
1176 344 1181 383 ‚

86 381 93 446 J
147 389 194 456 qui
205 388 357 452 primorum
370 390 526 449 temporum
537 379 621 430 homi-
675 386 785 446 captos
799 379 961 434 earundem
973 378 1054 428 iniisse
1063 389 1123 453 conia-

149 449 622 520 uostamlongaevos,quamseribi-
674 452 740 516 gia,
771 465 813 503 ex
841 450 947 518 quibus
970 449 1073 516 gigantes
1089 449 1124 491 ort

149 533 203 586 tur,
214 521 490 574 suissenoncroduut.
511 519 578 584 Pag.
589 515 620 568 51
675 521 783 571 creati.
843 557 852 570 .
890 556 897 570 .
938 554 946 568 .
981 553 988 568 .
1020 512 1124 590 ·Pflg·7fl

116 595 201 646 CAP.
211 591 297 644 ΧΙΠ.
312 593 353 642 Αιι
364 591 392 641 in
403 591 623 641 dinumeratione
642 584 729 650 CAP.
740 585 871 641 XXIV.
903 586 1043 651 Quomodo
1060 580 1125 644 intelli·

151 677 298 722 annorum,
325 661 517 712 Hebraeorum
537 658 623 722 magis
675 659 810 726 gendum
828 659 878 721 sit,
900 657 978 726 quod
994 654 1072 720 eisqui
1082 649 1126 728 ‹lila-
1178 692 1181 730 t

151 748 234 799 quam
246 730 426 796 Septuaginta
441 730 624 792 interpretum
676 728 724 778 rio
735 728 884 793 perdendi
891 732 986 788 erant,
997 719 1124 775 Dominuslr

153 804 189 850 sit
200 798 341 866 sequenda
351 799 512 850 auotoritas.
548 831 557 844 .
592 793 625 846 53
676 799 767 847 xeritz
792 799 894 849 Erunt
917 797 981 849 dies
1003 803 1121 847 eorunm·

120 866 298 922 turem.
319 867 361 918 De
380 866 526 932 parilitate
542 879 626 914 anno·
676 871 740 916 tum
750 867 862 934 ringiti
874 869 983 918 anni..
1016 900 1023 914 .
1053 853 1120 913 .·l3

121 955 122 958 ¹
154 953 229 999 rum,
249 938 295 1004 qui
315 935 411 986 iisdem
434 934 534 1002 quibus
554 947 626 984 nuuc
646 932 731 986 CAP.
743 931 855 986 XXV.
887 935 936 988 De
958 936 1002 986 ira
1018 933 1123 1006 Dehplt
1179 974 1181 1009 4

154 1008 251 1073 spatiis
271 1009 299 1056 et
313 1005 342 1054 in
357 1005 495 1070 prioribus
510 1002 626 1054 saeculis
677 1005 955 1058 incommutabilem
999 997 1128 1067 tranquilia·

156 1078 343 1127 cucurrerunt.
375 1107 383 1122 .
419 1109 426 1124 .
463 1107 470 1124 .
507 1069 559 1138 ..ζ
593 1070 627 1124 55
677 1079 737 1124 tem
759 1074 851 1126 nulla
875 1071 1129 1134 inflammantur·

54 1155 58 1166 ¹
122 1140 283 1196 CARXV.
301 1143 343 1191 An
357 1141 490 1194 credibile
510 1142 555 1204 sit,
575 1142 628 1208 pri·
677 1144 792 1194 turbat.
826 1180 835 1194 .
875 1181 883 1195 .
925 1179 934 1194 .
973 1179 981 1194 .
1015 1179 1022 1192 .
1051 1131 1131 1192 ‚‚n

154 1212 193 1264 r'm
208 1210 313 1262 saeculi
327 1211 402 1264 viros
418 1225 507 1278 usque
521 1212 629 1264 adeam
649 1209 735 1263 CAP.
751 1209 878 1265 XXVI.
907 1213 996 1277 Quod
1014 1224 1066 1264 area
1079 1218 1130 1273 quim

155 1286 288 1341 aetatem,
317 1295 372 1348 qua
390 1279 462 1331 lilios
481 1292 628 1347 generasse
678 1280 741 1332 Noe'
752 1281 856 1333 iussus
868 1289 916 1335 est
927 1284 1034 1344 faeere,
1048 1274 1130 1352 inauri·

155 1349 326 1412 reseruntur,
347 1364 365 1400 a
380 1349 530 1402 concubitu
544 1349 629 1400 conti·
679 1351 734 1402 bus
747 1350 904 1404 Christum
917 1353 1097 1415 Ecclesianqn
1106 1357 1129 1392 υ·

158 1419 251 1470 nuisse
253 1453 561 1470 ........
597 1415 629 1468 57
666 1422 810 1486 ,gnihcet
872 1459 881 1473 .
923 1459 932 1472 .
970 1460 979 1472 .
1015 1458 1022 1472 .
1108 1408 1131 1460 Ἃ

123 1484 294 1550 GARXVI„
305 1486 349 1539 De
359 1488 419 1538 iure
430 1488 630 1555 coniugiorum,
648 1487 731 1540 CAP.
743 1487 888 1543 XXVII.
910 1490 958 1543 De
975 1481 1133 1552 areaatqml't

158 1558 233 1625 quod
248 1557 450 1616 dissimilitera
465 1558 630 1623 subsequen·
682 1558 769 1623 luvio,
793 1575 851 1612 neo
862 1560 925 1610 illis
938 1576 1000 1611 esse
1011 1554 1134 1610 comente·-

157 1629 232 1678 tibus
240 1625 630 1692 matrimoniishabuerintpri·
682 1627 760 1691 dum,
780 1631 834 1696 qui
846 1629 945 1680 solam
957 1629 1133 1680 histonanreo

157 1695 357 1746 niacomrubia.
381 1693 391 1744 .’
424 1732 431 1746 .
467 1732 475 1745 .
597 1692 631 1746 59
682 1698 764 1763 piunt
782 1701 851 1749 sine
869 1699 1029 1766 allegorica
1041 1691 1133 1761 signifiea-

124 1763 207 1816 CAP.
218 1762 317 1816 XVII.
334 1763 382 1815 De
399 1763 505 1815 duobus
522 1779 557 1816 ex
575 1777 630 1814 uno
682 1768 769 1829 tione,
785 1783 844 1819 nee
860 1768 923 1818 illis
935 1770 985 1836 qui
996 1767 1132 1828 solastgms

158 1831 447 1902 gestitoreproercatis
461 1834 583 1902 patribus
593 1838 632 1884 at·
683 1835 847 1894 defendunt
874 1837 1031 1904 repudiata
1046 1829 1131 1885 historia

158 1920 211 1970 que
241 1905 429 1968 riucipibus..
466 1939 474 1953 .
511 1939 517 1954 .
556 1940 563 1954 .
598 1901 630 1952 (il
682 1906 816 1957 veritate.
865 1957 868 1966 ⁶
927 1942 935 1956 .
973 1943 982 1958 ‚
1017 1941 1024 1956 ,
1056 1895 1129 1956 ..tt

124 1971 208 2026 CAP.
256 1970 334 2023 Vm.
353 1973 426 2034 Quid
445 1973 629 2040 significatum
760 1979 768 2015 t

158 2043 196 2092 stt
216 2043 244 2092 sn
264 2042 341 2104 anor,
362 2046 391 2092 et
411 2040 486 2104 seth,
507 2047 535 2092 et
549 2043 631 2102 snos,
657 2023 782 2077 LIBER
796 2013 1119 2080 sarstrrafflll

86 2116 94 2123 '
158 2112 234 2179 quod
247 2115 380 2180 appareat
395 2111 432 2162 ad
448 2109 587 2161 Christum
603 2115 631 2161 et
681 2112 712 2163 ln
724 2113 809 2164 cuins
821 2117 926 2180 priore
943 2121 1037 2182 parte,
1055 2103 1128 2170 afll'm

159 2196 259 2247 corpus
280 2181 347 2244 eius,
365 2179 459 2242 idest,
478 2181 629 2232 Ecclesiam
647 2180 781 2234 videlieet
804 2181 904 2249 primo
922 2187 962 2237 ad
977 2181 1132 2236 duodecima

147 2252 298 2318 pertinere
300 2283 515 2300 ......
537 2277 560 2299 =.
597 2247 630 2300 63
649 2251 774 2301 Civitatis
800 2256 964 2322 utriusque
994 2249 1102 2306 coelestis
1116 2255 1133 2289 κ

127 2317 211 2368 CAP.
230 2313 316 2368 XIX.
359 2317 401 2368 De
429 2318 630 2384 significatione
649 2327 778 2374 terrenae
793 2335 961 2387 procursus
978 2321 1135 2394 exhibetur

139 2387 228 2452 fquoe
257 2387 287 2436 in
315 2385 411 2440 Enoch
446 2389 630 2439 translatione
649 2389 769 2442 cundum
790 2405 912 2442 sacram
934 2383 1135 2443 historiamahot

158 2460 329 2506 monstratur
330 2493 561 2509 ......
596 2456 632 2508 ol
648 2474 734 2526 usqne
746 2458 781 2509 ad
788 2457 951 2512 Abraham.
963 2460 1131 2513 Posteriora

124 2522 207 2576 CAP.
226 2522 292 2579 XX.
310 2525 353 2578 De
365 2541 398 2578 eo
409 2527 483 2594 quod
494 2527 561 2578 Cain
572 2541 632 2578 sue·
648 2535 704 2580 tem
715 2533 798 2596 parte
808 2529 848 2580 de
862 2531 1002 2582 coelestis
1012 2533 1137 2580 tantumno

158 2599 245 2646 cessio
256 2597 282 2646 in
294 2602 357 2647 octo
374 2597 407 2647 ab
418 2596 503 2647 Adam
518 2611 631 2663 genera·
648 2598 683 2649 do
695 2595 824 2647 Civitatis
836 2613 987 2664 procursu
998 2601 1031 2650 ab
1037 2590 1136 2650 Abralaa

155 2666 248 2716 tiones
259 2665 407 2729 clauditur,
428 2671 456 2718 et
470 2668 499 2716 in
509 2666 630 2734 posteris
648 2666 775 2734 usquead
782 2666 992 2721 Israelitarum
1002 2664 1137 2736 rogelim*

157 2734 192 2786 ab
209 2735 307 2786 eodem
323 2739 402 2801 patre
416 2736 502 2788 Adam
514 2735 573 2788 Noe
586 2736 630 2786 de·
647 2743 732 2787 tatur.

159 2808 245 2854 cimus
260 2805 407 2866 invenitur.
461 2841 469 2855 .
507 2842 514 2855 .
551 2841 558 2856 .
595 2803 629 2855 64
650 2801 785 2858 CAPVT
796 2803 823 2856 Ι.
850 2807 897 2857 An
920 2811 991 2874 pist
1010 2803 1140 2858 diludunt

128 2871 211 2924 CAP.
222 2867 306 2923 XXI.
323 2873 384 2934 Qua
393 2876 503 2944 ratione
515 2890 631 2934 comme·
665 2923 668 2930 ,
682 2875 845 2940 Notusque
857 2877 896 2926 ad
908 2877 1050 2929 Abraham
1064 2873 1139 2944 aliqua

159 2945 267 3013 morato
287 2941 396 3005 Erroch,
417 2944 463 3010 qui
485 2942 538 2994 fuit
557 2943 630 2994 filius
660 2997 661 3002 ,
683 2943 807 2995 familiae
835 2947 1002 2998 seeundum
1026 2947 1140 2998 Deumil

143 3013 238 3074 scriis,
256 3014 344 3062 totius
364 3014 550 3078 generationis
572 3014 630 3062 eius
683 3015 807 3064 rentium
818 3017 1021 3079 reperiantur.
1053 3053 1059 3065 .
1089 3046 1095 3059 ·
1119 3001 1140 3054 Ν

75 3120 77 3127 .
158 3081 290 3146 usquead
302 3077 631 3132 diluviumsitoo'ntinua-
650 3081 732 3134 CAP.
743 3079 783 3132 ll.
803 3082 884 3143 Quid
906 3085 937 3134 in
956 3087 1023 3136 liliis
1037 3082 1088 3134 Noe
1101 3087 1141 3142 pit

160 3151 335 3200 tanarratio:
357 3158 571 3201 commemorato
586 3165 632 3198 au·
683 3140 1140 3221 photicefuemtpraefiguratan-fl

70 3251 73 3254 ,
159 3224 215 3269 tem
226 3219 317 3281 Eoos,
335 3221 382 3286 qui
397 3221 450 3270 fuit
465 3221 537 3270 tilius
554 3218 631 3282 Seth,
654 3219 727 3278 cAP
745 3218 803 3270 111.
816 3220 872 3272 De
883 3219 1139 3290 generationrtutrr

160 3287 195 3338 ad
206 3287 517 3356 conditionishumapae
532 3290 631 3356 prinei·
683 3303 729 3338 nm
749 3286 882 3340 liliorum
898 3291 973 3344 Noe'.
1011 3331 1018 3344 .
1053 3329 1059 3342 .
1088 3277 1140 3336 -82

159 3357 233 3422 pium
249 3359 285 3405 sit
303 3357 432 3409 reditum.
460 3363 476 3408 ’.
511 3394 518 3408 .
554 3392 562 3406 .
597 3358 631 3409 68
652 3357 734 3410 ίἊΡ.
744 3353 799 3408 IV.
820 3358 868 3424 De
886 3361 1052 3414 diversitate
1066 3360 1138 3420 lingue

81 3461 84 3466 -
114 3423 208 3482 *CAR
220 3421 321 3488 XXII.
348 3427 391 3478 De
410 3428 491 3493 lapsu
510 3427 638 3480 liliorum,
684 3415 1139 3499 rum,prineipi0queBabylonisll

158 3493 225 3558 Dei,
249 3495 465 3562 alienigenarum
486 3498 630 3547 mulierum
651 3495 734 3548 CAP.
750 3493 782 3545 V.
801 3495 847 3547 De
865 3500 1052 3552 descensione
1061 3491 1138 3549 llofl'¹⁸¹
1166 3513 1169 3554 l

159 3578 253 3613 amore
261 3565 632 3630 captorum,undeetomnos,
684 3565 720 3616 ad
736 3565 972 3621 confundendam
989 3573 1099 3638 linguan
1111 3572 1134 3610 Ι

159 3632 282 3714 exeeptis
298 3643 361 3684 octo
376 3634 543 3700 homiuibus,
563 3635 631 3686 dilu-
683 3635 858 3686 dilieantium
870 3644 1018 3692 turrem..
1052 3677 1059 3691 .
1089 3621 1133 3687 ὅ

71 3772 93 3784 --
125 3703 632 3842 ollpllllffillldmnll,
651 3701 1136 3848 ‘tidhltltdtltlltl

23 3879 28 3888 ,
83 3867 95 3890 s
159 3838 272 3902 angelos
302 3842 473 3894 substantiae
497 3843 631 3910 spiritalis
684 3842 821 3910 loquitur.
871 3885 878 3897 .
919 3885 926 3900 .
964 3887 971 3899 .
1009 3888 1015 3900 .
1049 3883 1055 3898 .
1086 3835 1136 3894 .5²
