2340 4320
182 224 235 284 DE
256 221 473 282 CIVI'I'ATE
496 223 574 282 DEI
605 225 689 282 LIB.
714 225 772 282 III.
959 230 999 286 95

67 376 125 443 ιιιίιι,
144 375 207 448 quod
217 372 407 431 Mithradates
419 391 473 429 rex
486 374 573 429 Asiae
587 375 696 448 ubique
719 377 751 430 in
773 376 843 432 Asis
869 377 1000 452 peregri-

67 471 111 510 ntn
120 459 179 513 eires
190 456 361 526 Romanos,
376 465 465 529 atque
478 453 685 512 innumerabili
699 460 783 530 copia
796 459 858 512 suis
873 459 1000 533 negotiis

67 547 128 593 tentes
138 558 184 594 uno
195 539 238 593 die
251 538 347 594 occidi
359 539 463 593 iussit:
489 538 643 600 etinctum
656 548 710 594 est.
741 540 837 614 Quam
850 540 900 594 illa
913 540 1000 592 mise-

67 618 291 676 bilisrerumiacies
307 629 386 689 erat,
412 620 509 676 subito
533 638 676 694 quemque
703 620 872 695 ubicunque
896 619 1002 674 fuisset

67 710 146 771 renus,
162 705 283 778 inagro,
311 703 344 756 iu
361 701 425 771 via,
453 703 485 756 ln
498 701 620 774 oppido,
644 704 677 757 in
691 701 793 773 domo,
819 705 851 757 In
864 703 943 771 rico,
969 702 1002 756 in

67 799 94 849 ιι,
109 784 241 857 intemplo,
267 786 409 853 inlecto,
432 784 465 839 in
478 785 630 853 convivio,
657 785 809 856 inopinate
834 783 923 858 atque
945 785 1001 837 im&

67 863 142 919 eluisse
151 861 335 944 trucidatum?
371 867 444 931 Quis
457 867 584 942 gemitus
597 867 801 936 morientium,
815 885 891 941 quae
903 868 999 939 laery-

67 950 257 1019 respectandum,
282 949 410 1004 fortasse
424 949 512 1003 etlam
532 947 703 1003 ferientium
713 944 862 1020 inerunti
905 949 1000 1013 Quam
1042 989 1043 992 ι

67 1043 94 1079 ιιι
101 1032 219 1085 necessitas
231 1029 394 1104 hospitum,
408 1048 468 1084 non
482 1031 577 1085 solum
585 1029 705 1085 videndi
715 1031 844 1085 nefarios
854 1031 919 1086 illas
931 1047 999 1084 eao-

67 1105 134 1164 ndoui
140 1129 212 1186 suae,
233 1132 336 1168 verum
350 1113 438 1167 etiam
449 1112 637 1185 perpetrandi
642 1126 652 1186 3
678 1112 713 1167 ab
727 1113 776 1168 illa
789 1111 894 1170 blanda
909 1113 999 1166 eomi-

67 1187 232 1251 trluumitatis
246 1203 369 1268 repente
387 1197 509 1250 mutatis
522 1194 653 1249 vultibus
667 1193 704 1249 ad
719 1192 828 1250 hostile
845 1197 999 1270 negotium

70 1287 114 1340 pree
125 1276 321 1353 peragendum,
346 1278 457 1332 mutuis
471 1277 566 1332 dicam
579 1273 699 1332 omnino
713 1277 904 1347 vulneribus,
931 1294 998 1330 eum

67 1369 140 1410 ιιιιιιιι
149 1359 176 1412 in
188 1377 323 1432 corpore,
350 1367 380 1414 et
392 1376 551 1431 percussor
563 1361 595 1414 in
610 1361 708 1414 auimo
722 1355 884 1413 ferireturl
919 1357 998 1414 Num

67 1433 96 1488 isti
104 1453 179 1495 omnes
191 1443 316 1518 auguria
330 1437 571 1496 contemseruntl
602 1440 681 1497 Num
692 1441 761 1496 dcos
776 1450 806 1495 et
820 1440 996 1496 domesticos

68 1518 173 1593 publicos,
199 1543 264 1578 cnm
277 1523 313 1578 de
327 1523 444 1578 sedibus
458 1525 519 1578 suis
534 1522 570 1577 ad
584 1524 663 1578 illam
676 1524 890 1596 irremeabilem
912 1537 1000 1594 pere-¹

67 1602 168 1659 tationem
179 1597 303 1677 profecti
316 1615 401 1676 sunt,
428 1623 502 1679 quos
517 1608 723 1675 consulerent,
737 1617 810 1659 'non
829 1598 997 1658 habebanti

67 1685 93 1736 *ri
102 1685 133 1739 ita
145 1698 202 1757 est,
216 1691 277 1743 sion
290 1686 398 1742 habent
412 1705 464 1742 eur
478 1688 528 1741 isti
541 1685 639 1748 iubae
651 1705 740 1742 causa
753 1685 787 1741 de
800 1686 910 1740 nostris
922 1691 996 1741 tem-

67 1763 101 1820 ιιι
123 1779 344 1842 conquerantur.
389 1769 467 1824 Olim
480 1767 606 1824 Romani
618 1767 691 1822 haee
704 1785 781 1824 vano
794 1774 996 1822 contemnunt.

67 1849 122 1905 rtem
140 1853 369 1921 consuluerunt,
394 1850 608 1925 respondeatur
633 1849 703 1925 quid
728 1851 785 1905 ista
810 1846 997 1922 profuerunt,
1037 1883 1045 1891 .

67 1930 92 1985 lo
102 1949 151 2004 per
161 1931 303 1988 humanas
318 1932 463 1989 duntaxat
476 1936 572 2010 leges,
601 1935 718 1989 nemine
736 1929 933 2007 prohibente,
960 1931 996 1986 li·

70 2023 103 2069 nt.

314 2109 436 2172 csP',
478 2111 642 2179 xxlll,

67 2191 190 2244 trieribus
200 2194 292 2256 ιιιιιΙὶι,
302 2193 398 2260 quibus
409 2193 530 2246 Romnae
541 2195 693 2262 respublica
703 2195 847 2264 exsufflata
857 2203 909 2256 est,
919 2209 996 2260 prae-

67 2279 72 2312 t
79 2262 217 2332 prodigio,
238 2263 310 2330 qnod
317 2263 346 2314 in
357 2263 432 2314 rabie
443 2263 558 2314 onimium
569 2263 739 2329 aairnalinm,
759 2280 827 2332 quae
847 2262 997 2314 bominibus
1051 2307 1054 2320 ,

378 2332 507 2394 servirent,
516 2331 591 2403 fuit.¹
695 2403 697 2408 ,
919 2353 920 2356 ¹

67 2420 82 2476 d
96 2423 155 2476 iam
168 2422 219 2475 illa
233 2421 309 2475 malo
323 2419 467 2490 breviter,
481 2429 623 2494 quantum
635 2417 806 2494 possumus,
821 2437 996 2476 commemo-

67 2544 75 2574 ,
103 2523 180 2578 quae
193 2495 306 2578 quanto
326 2504 487 2573 interiora,
511 2511 594 2559 tanto
619 2505 774 2558 miseriora
801 2504 996 2558 exstiterunt:

67 2585 124 2642 liae
138 2588 259 2656 civiles,
272 2587 321 2640 rel
334 2586 432 2658 potius
448 2586 598 2656 inciviles3
620 2603 676 2640 nec
689 2587 747 2640 iam
760 2585 931 2654 seditiones,
945 2583 997 2662 sed

71 2672 138 2744 ipsa
163 2669 240 2724 bella
267 2668 396 2738 urbana,
423 2659 473 2722 ubi
487 2676 587 2724 tantus
602 2669 723 2744 anguis
736 2664 845 2722 effusus
860 2674 920 2734 est,
946 2665 997 2720 ubi

67 2773 83 2808 ιι
98 2750 218 2821 studia,
239 2769 301 2806 non
315 2751 490 2805 concionum
504 2747 737 2805 dissensionibus
751 2751 900 2822 variisque
912 2749 995 2803 roei·
1031 2745 1035 2750 ’

94 2823 294 2903 alterutrum,
317 2831 373 2887 'sed
384 2834 470 2906 plane
484 2832 542 2886 iam
553 2832 633 2888 ferro
647 2833 795 2905 armisque
810 2829 994 2886 saeviebant:

68 2919 198 2985 oeialia,
223 2915 299 2970 bella
314 2915 449 2984 servibo,
473 2915 549 2970 bella
563 2916 661 2970 civilia
675 2923 818 2988 quantum
830 2910 995 2968 Romanum
1032 2935 1038 2950 ·

67 3019 93 3054 ur
112 2997 275 3068 fuderunt,
303 3006 441 3071 qnantum
454 2994 556 3052 Italiae
570 2998 769 3054 vastationem
782 2993 992 3049 desertionem·

67 3077 186 3136 :erunti
209 3079 341 3153 Namque
354 3087 441 3148 antea
455 3097 541 3154 quam
555 3097 587 3136 se
599 3075 872 3135 adversusRomam
885 3075 994 3128 sociale

67 3211 70 3220 .
86 3169 307 3231 commoveret,
331 3170 436 3216 cuneta
451 3165 587 3217 animalia
600 3161 735 3217 humanis
750 3153 853 3214 usibus
868 3153 993 3223 subdita,
1083 3173 1092 3178 ·

89 3246 180 3318 “inis
206 3244 299 3313 afini,
323 3243 430 3313 boves,
449 3253 478 3298 ct
490 3262 624 3319 quaeque
637 3246 695 3299 alia
712 3256 821 3314 pecora
835 3237 887 3291 sub
899 3235 993 3290 homi-

67 3327 188 3382 ,ominio
215 3325 354 3395 inerunt,
380 3327 475 3382 subito
490 3323 609 3396 efferata
624 3324 850 3392 et‘domestIeae
863 3318 994 3392 lenitatis

89 3409 211 3464 relictis
226 3408 312 3461 tectis
325 3407 414 3462 libera
427 3409 629 3490 vagabantur,
650 3417 680 3462 et
694 3420 813 3461 omnem
826 3415 886 3452 non
900 3399 995 3460 solum

67 3512 100 3561 o,
113 3507 225 3545 verum
236 3490 323 3543 etiam
333 3488 516 3546 dominorum
529 3492 743 3548 aversabantur
757 3495 918 3548 aceessum,
932 3498 1003 3536 non,

67 3573 134 3628 :itio
150 3571 202 3624 vel
214 3569 341 3642 periculo
355 3572 505 3644 audentis,
533 3575 559 3646 si
573 3576 638 3647 quis
653 3571 689 3625 de
708 3563 845 3640 proximo
865 3572 994 3636 urgeret,

81 3653 159 3708 mali
173 3653 293 3726 signum
306 3651 370 3724 fuit,
381 3658 410 3710 'si
423 3654 479 3710 hoe
492 3657 610 3732 signum
624 3655 700 3721 fnit,
715 3639 794 3718 quod
808 3647 922 3697 tantum
934 3663 996 3700 ma.

67 3737 106 3802 st,
122 3734 153 3786 δί
167 3733 259 3786 ‘flam
272 3733 383 3808 Signum
396 3756 456 3793 non
469 3734 549 3794 fuiti
575 3725 642 3790 Hoc
655 3733 681 3787 si
692 3721 805 3783 nostris
816 3727 997 3795 temporibus

67 3827 137 3882 set,
165 3811 324 3868 rabidiores
338 3818 407 3890 istos
422 3837 508 3895 quam
520 3819 564 3874 illi
579 3833 634 3872 sna
657 3803 798 3867 annotatio
823 3812 1001 3878 pateremur.

214 3903 218 3924 i
261 3901 264 3906 Ι
310 3911 311 3918 ’
691 3909 697 3920 ι
