2340 4312
85 233 89 241 .
156 193 822 272 nncrvrmuunurmaxur.
869 155 874 160 ³
952 153 1072 272 'loss

24 355 73 417 ¹113
87 351 129 405 ille
141 349 181 403 de'
188 347 361 422 posteritate
375 347 528 414 sollicitus,
543 346 688 418 quendam
701 325 817 407 Eliczcr
829 353 1015 411 vernaculum

24 435 80 484 tum
91 434 221 486 futurum
236 430 293 486 sibi
305 427 458 482 haeredem
472 427 561 482 dixit:
587 429 786 504 continuoque
805 434 848 486 illi
861 440 1018 506 promissus
1052 482 1057 488 .

24 511 46 557 tt
64 510 159 582 haeres,
174 530 235 566 non
249 513 299 565 ille
314 511 498 577 vernaculus,
512 509 562 568 scd
576 509 625 582 qui
640 510 676 566 de·
690 515 752 584 ipso
765 513 909 570 Abraham
923 507 1020 573 fuerat
1109 536 1117 542 ⁶

24 589 135 652 titum:
158 611 321 668 rursusque
335 610 433 646 semen
448 592 677 663 innumerabile,
692 614 752 650 non
767 597 843 666 sieut
857 615 946 653 arena
960 609 1019 653 ter-

24 690 68 746 e,
85 678 131 733 sed
149 680 228 736 sicut
245 677 350 729 stellae
369 675 459 732 coeli:
484 667 625 728 ubi‘mihi
643 679 737 753 nangis
752 677 866 733 videtur
878 682 1021 752 promissa

24 763 141 816 »sterius
150 758 273 814 coelesti
281 758 420 822 felicitate
427 755 566 810 sublimis.
581 755 655 811 Nam
667 761 1021 832 quantumadmultitudi-

24 855 65 896 tun
74 845 206 916 pertinet,
222 841 292 914 quid
306 849 376 894 sunt
389 840 490 894 stellae
502 839 575 892 coeli
585 839 621 892 ad
634 859 751 899 arenam
764 854 870 912 terrae,
884 845 943 898 nisi
957 847 1021 917 quis

37 925 117 980 istam
131 925 380 997 comparationem
393 923 424 975 in
437 930 551 976 tantum
565 939 629 976 esse
644 925 767 994 similem
781 924 869 995 dicat,
883 927 914 981 in
929 923 1021 999 quanss

24 1020 57 1062 ni
69 1010 151 1068 etiam
164 1007 267 1062 stellae
281 1004 459 1059 dinumerari
473 1020 534 1057 non
546 1000 664 1059 valenti
702 1008 777 1071 Quia
792 1027 845 1062 nce
859 1027 960 1062 omnes
973 1028 1021 1065 eas

24 1089 85 1145 deri
103 1103 190 1164 posse
209 1087 385 1143 eredendum
404 1094 460 1142 est.
487 1084 562 1140 Nam
580 1097 689 1159 quanto
710 1091 832 1162 quisque
846 1093 960 1146 acutius
974 1094 1021 1146 in·
1116 1157 1118 1162 Α

24 1167 107 1244 etur,
131 1181 214 1228 tanto
233 1173 331 1243 plures
350 1170 439 1226 videt.
465 1167 548 1223 Vnde
568 1178 597 1222 et
614 1172 754 1224 acerrime
768 1173 953 1228 cernentibus
968 1176 1021 1228 ali-

24 1273 65 1310 iae
80 1241 222 1312 occultas'
233 1271 307 1307 esse¹
320 1254 425 1306 merito
448 1251 652 1320 existimatur,
673 1255 801 1324 exceptis
821 1256 862 1308 cis
877 1255 1022 1312 sideribus
1060 1259 1067 1263 “

24 1355 64 1392 lae
83 1340 115 1393 in
133 1339 192 1392 ulio
210 1345 293 1408 parte
317 1335 395 1391 orbis
415 1353 432 1388 a
450 1334 535 1388 nobis
554 1335 747 1388 remotissima
761 1337 832 1390 oriri
847 1346 876 1391 ot
889 1339 1023 1394 occidere

24 1421 201 1494 rbibontur„
215 1418 367 1474 Postremo
385 1417 549 1496 quicunque
568 1416 739 1472 universum
759 1419 907 1492 stellarum
921 1437 1024 1476 nume·

24 1522 56 1558 sn
69 1500 322 1575 comprehendisse
336 1509 365 1554 et
378 1499 584 1570 conscripsisse
597 1499 753 1568 iactantur,
766 1501 842 1554 sicut
854 1501 960 1560 Aratus
977 1506 1024 1558 vel

24 1586 144 1655 odorus,
157 1587 206 1641 vel
219 1585 244 1638 si
258 1586 309 1657 qui
322 1583 373 1638 alii
385 1590 465 1650 sunt,
480 1599 529 1634 cos
543 1580 611 1634 libri
624 1576 709 1634 huius
724 1579 884 1636 contemnit
897 1587 1024 1638 auctori-

24 1685 47 1722 ι.
81 1667 138 1723 Hic
153 1687 224 1722 sanc
237 1669 289 1721 illa
303 1665 449 1724 sententia
467 1665 602 1736 ponitur,
627 1664 710 1717 cuius
723 1663 879 1736 Apostolus
893 1668 1026 1724 meminit

24 1761 109 1823 ¹optor
124 1749 182 1805 Dei
195 1751 319 1826 gratiam
337 1745 610 1802 commendandam:
639 1743 773 1800 Credidit
786 1745 935 1800 Abrabam
948 1746 1023 1818 Deo,

38 1832 211 1908 deputatum
226 1841 271 1888 est
285 1831 332 1886 illi
344 1831 385 1885 ad
398 1830 560 1886 iustitium:
576 1819 621 1882 ¹ne
635 1829 817 1881 circumcisio
838 1829 1025 1903 gloriaretur,
1087 1889 1088 1892 Ἴ

24 1924 158 1988 tutosque
172 1914 390 1986 incircumcisas
406 1907 442 1965 ad
455 1910 541 1965 fidem
556 1908 666 1965 Christi
684 1911 776 1964 nollet
793 1910 916 1965 admitti.
959 1910 1024 1968 Hoc

24 1998 71 2051 rim
85 1995 199 2070 quando
214 1996 324 2050 factum
338 2003 396 2064 cst,
417 2003 449 2049 ut
462 1992 593 2047 credenti
605 1990 737 2048 Abrahae
751 1992 1024 2065 deputaretur'fidcs
1096 2051 1098 2055 s

24 2077 195 2148 [iustitiam
209 2077 338 2134 nondum
354 2077 449 2132 fuerat
463 2076 659 2130 circumcisus.

352 2225 479 2296 cur„
517 2223 668 2298 xxiv.

24 2323 252 2392 eeignificationc
272 2321 415 2390 aacriflcii‚
435 2301 505 2388 pudd
526 2321 660 2374 Abrabam
680 2320 779 2390 offerre
796 2330 958 2391 praeceptus
978 2334 1043 2390 eet,.

39 2409 117 2460 quum
130 2392 294 2460 poposcisset
304 2401 336 2442 at
346 2392 376 2441 de
387 2390 504 2458 hisquae
515 2390 665 2442 crediderat
682 2391 822 2456 [crederet]
835 2392 981 2445 doceretur.

52 2497 83 2552 ln
92 2497 192 2554 eodem
198 2501 262 2554 visu
270 2498 532 2571 quumloqueretur
540 2497 567 2550 ci
575 2495 666 2564 Deus,
679 2494 825 2550 etiamhoc
837 2499 878 2551 ait
888 2479 923 2551 ad
928 2501 1026 2557 illum:

24 2601 60 2656 go
68 2580 150 2636 Deus
162 2584 213 2656 qui
223 2592 251 2636 te
262 2581 351 2636 educi
361 2581 396 2634 de
409 2581 528 2652 regione
543 2577 765 2645 Chaldaeorum,
780 2588 813 2636 ut
827 2580 889 2633 dem
900 2582 956 2636 tili
965 2592 1027 2640 teu·-

24 2682 61 2718 tm
74 2663 160 2732 banc,
176 2675 209 2719 ut
221 2663 326 2718 lueres
341 2665 383 2716 sis
399 2662 470 2716 eius.
494 2659 549 2714 Vbi
562 2677 648 2732 quum
662 2661 875 2735 interrogasset
885 2662 1029 2721 Abraham

24 2746 157 2801 reundum
169 2747 237 2818 quid
251 2747 350 2812 sciret,
364 2742 439 2816 quod
452 2740 554 2796 haeres
563 2743 626 2795 eius
639 2743 704 2809 erit,
719 2741 795 2796 dixit
808 2744 851 2797 illi
860 2743 955 2801 Deus:
969 2746 1028 2802 Ac·
1122 2763 1124 2768 ·

24 2830 61 2904 ipe
72 2828 145 2883 mibi
157 2830 307 2883 iuvencam
320 2828 450 2892 trimam,
464 2819 494 2880 et
505 2841 627 2900 capram
639 2825 767 2892 trimam,
789 2835 818 2881 et
832 2829 955 2900 arietem
971 2832 1029 2884 tri-

26 2931 83 2978 um,
98 2920 127 2965 et
142 2921 299 2977 turturem,
313 2918 342 2964 et
356 2907 521 2962 columbam.
534 2904 657 2981 Accepit
668 2917 764 2962 autem
776 2907 825 2963 illc
838 2907 1029 2980 haecomnia,

24 2994 144 3049 *diuisit
158 2992 212 3046 illa
223 2992 328 3058 modia,
342 3000 372 3045 et
379 2991 484 3064 posuit
498 3007 533 3045 ea
544 2989 771 3058 contrafaciant
783 2989 909 3045 alteram
921 2992 1029 3048 alterii
1073 2995 1074 2998 ’

24 3093 67 3132 aes
82 3086 181 3130 autem
195 3091 250 3128 noa
268 3074 381 3128 divisit.
408 3069 450 3126 Et
468 3071 695 3140 descenderunt,
718 3071 795 3124 sient
813 3073 953 3143 seriptum
974 3083 1030 3144 est,

24 3175 67 3214 oce
81 3174 172 3232 super
190 3172 317 3230 corpora
331 3171 404 3229 quac
419 3154 515 3222 divisa
529 3162 626 3219 crant,
649 3163 678 3208 et
691 3154 823 3208 coneedit
836 3154 896 3208 illis
909 3153 1029 3211 Abram.

24 3243 91 3295 irca
104 3239 177 3293 eolis
191 3247 289 3292 autem
303 3252 436 3291 occasum
449 3253 549 3310 pavor
563 3236 655 3290 irruit
669 3253 758 3311 super
771 3233 895 3303 Abram,
923 3246 952 3290 ct
966 3255 1032 3294 ecce

24 3341 88 3377 mor
102 3320 274 3376 tenebrosus
288 3334 411 3391 magnus
426 3318 532 3372 incidit
545 3317 586 3371 ei:
614 3319 772 3373 addictum
792 3328 837 3372 est
857 3317 898 3372 ad
909 3316 1031 3388 Abram,

24 3401 123 3464 ciendo
137 3404 228 3468 acies,
256 3402 325 3475 quia
338 3401 534 3475 peregrinum
547 3400 607 3453 crit
627 3415 721 3454 semen
737 3407 817 3452 tuum
831 3400 861 3452 ia
875 3408 961 3454 terra
974 3419 1031 3456 nou

24 3487 135 3562 mpria,
151 3493 180 3539 ct
194 3475 224 3538 ia
238 3484 409 3538 servitutem
422 3481 559 3555 redigent
572 3498 630 3548 cos,
645 3491 674 3536 et
684 3478 819 3554 affligent
831 3497 879 3534 eos
890 3482 1031 3555 quadria-

24 3569 98 3624 mtie
114 3568 219 3636 anuis3
231 3576 345 3639 gentem
360 3565 519 3637 eutem‚cui
531 3564 701 3631 servierint,
716 3561 920 3637 iudicaloego.
960 3560 1033 3618 Post

24 3669 70 3705 rec
89 3667 161 3705 cero
175 3647 293 3703 exibunt
306 3645 362 3701 buc
376 3665 439 3700 cum
458 3643 657 3720 suppellectili
674 3643 775 3700 oculta.
805 3642 848 3698 Tu
866 3639 963 3717 actem
976 3647 1032 3702 ilis

24 3734 37 3788 i
43 3741 160 3808 patrea
176 3739 241 3784 tuos
254 3748 317 3783 cum
325 3747 404 3804 pace
417 3729 550 3782 nutritus
564 3727 594 3780 in
607 3736 726 3781 deuecta
740 3725 822 3780 bonu.
852 3725 971 3794 Quarta
983 3747 1033 3785 oc-

24 3833 28 3864 ·
44 3812 248 3888 generatione
264 3819 480 3868 concrematae
493 3806 557 3864 buo.
585 3803 718 3864 Nondum
739 3810 814 3863 enim
833 3809 955 3887 inpleta
978 3828 1033 3866 suu
