2362 4320
258 195 317 254 nr
344 147 568 257 crvrrndn
591 147 670 256 nus
690 131 770 257 uin.
793 198 834 256 x.
904 165 909 196 ³
998 207 1082 270 ,nor¹

53 347 226 423 respondeant
237 346 387 419 homines,
415 348 441 402 si
453 346 531 402 ullus
543 356 666 403 naturae
678 351 750 404 ineo
763 367 883 421 sensus,
904 369 961 425 quo
974 355 1064 410 retio-

53 434 114 488 ndes
126 433 219 486 oresti
232 439 319 501 eunt,
334 431 480 502 exaliqua
492 439 575 502 parte
587 432 662 496 vivit
675 433 707 504 in
721 433 777 488 eia:
797 433 1004 506 respondeant,
1018 437 1064 492 in-

51 531 134 587 quam,
161 515 246 569 eisne
267 511 490 568 sacrificandum
508 513 548 566 sit
561 512 616 567 diis
630 515 678 567 vel
692 516 805 590 angelis
820 517 869 588 qui
883 515 939 572 sibi
952 509 1065 574 sacriste

51 588 98 650 oari
109 597 228 667 iubent,
257 613 294 650 an
309 596 352 650 illi
367 596 433 664 uni,
453 595 501 648 eui
513 595 620 657 iubent
631 593 661 648 hi
675 597 765 669 quiet
778 597 834 651 sibi
848 606 877 653 et
889 598 954 652 istis
968 595 1067 670 prohi-

49 675 120 732 bentl
139 677 175 733 Si
200 697 257 733 neo
277 679 394 731 illimee
412 678 462 730 isti
480 677 539 730 ulls
553 679 693 732 miracula
707 677 855 748 facerent,
881 680 932 735 aod
955 689 1069 736 tantum

48 762 253 833 praeciperent,
268 761 317 814 alii
332 758 448 833 quidem
460 767 493 812 ut
507 758 563 812 sibi
576 759 805 831 sacrificaretur,
824 763 874 816 alii
887 780 958 818 vero
974 761 1005 818 id
1015 781 1067 818 ve-

38 837 144 908 tarent,
169 842 223 896 sed
236 843 291 896 uni
305 847 419 895 tantum
432 841 566 895 iuberent
578 839 657 910 Deo3
684 845 755 897 setis
771 843 888 900 deberet
899 846 992 916 pietas
1005 846 1069 917 ipsa

48 923 199 978 discernere
212 923 282 997 quid
292 922 395 977 horum
409 922 444 976 de
458 922 535 977 festu
546 924 707 995 superbiae,
719 925 788 997 quid
799 925 833 980 de
843 945 913 981 rora
924 928 1070 1002 religione
1155 925 1156 928 ’

49 1005 233 1061 descenderet.
271 1004 339 1060 Plus
354 1006 442 1059 etiam
456 1004 565 1059 dieem:
580 1007 606 1060 si
620 1014 733 1060 tentum
747 1005 778 1061 hi
790 1009 969 1064 mirabilibus
983 1010 1069 1068 foetis

48 1085 170 1143 humanas
185 1095 397 1162 promoverent
409 1095 539 1154 mentes,
565 1088 616 1159 qui
629 1088 772 1144 sacrificia
786 1090 842 1148 eibi
855 1100 1012 1163 expetunt,
1023 1092 1070 1158 illi

49 1179 125 1224 autem
137 1172 190 1245 qui
205 1169 263 1224 hoe
275 1167 453 1244 prohibent,
471 1177 501 1223 et
514 1170 567 1223 uni
579 1178 695 1225 tantum
708 1169 771 1226 Ded
786 1159 944 1232 sacrificari
956 1173 1069 1243 iubent,
1141 1183 1143 1187 '

48 1244 218 1326 nequequam
231 1254 289 1308 isto
301 1251 429 1306 visibilia
442 1252 582 1306 miracula
599 1251 694 1306 faeere
708 1253 918 1329 dignarentur,
940 1255 1071 1328 profecto

49 1351 94 1390 nen
107 1353 198 1390 sensu
214 1335 362 1407 eorporis,
377 1333 428 1388 sed
441 1335 556 1387 ratione
569 1336 676 1388 mentis
689 1335 894 1408 praeponenda
908 1355 1009 1392 eorum
1022 1357 1071 1392 es·
1115 1355 1121 1360 ·

50 1426 83 1470 aet
93 1417 267 1480 auotoritas:
292 1421 360 1470 eum
373 1433 443 1470 vero
454 1413 539 1470 Deus
557 1415 587 1468 id
607 1418 702 1491 egerit
718 1417 754 1471 ed
767 1418 996 1476 commendanda
1008 1421 1070 1476 elo·

51 1500 102 1571 poia
120 1500 260 1556 veritatis
285 1517 372 1567 suase,
397 1507 431 1552 ut
443 1515 495 1571 per
508 1498 580 1552 istos
594 1499 772 1554 immortales
785 1501 937 1570 nuntios,l
950 1520 1009 1557 non
1023 1504 1071 1558 aui

50 1579 155 1653 fretum,
185 1581 240 1636 sed
266 1583 448 1636 maiestatem
469 1581 549 1634 illius
572 1579 789 1652 praedicantes,
815 1582 926 1637 faceret
949 1585 1071 1654 maiore,

4 1733 8 1736 -
53 1665 178 1734 tertiora,
194 1665 322 1720 elatiore
341 1663 498 1732 miracula,
524 1681 562 1716 ne
581 1661 705 1718 infirmis
726 1655 783 1735 piis
806 1665 851 1717 illi
864 1665 913 1738 qui
926 1665 1072 1720 saerilieia

53 1745 92 1799 ribi
104 1756 260 1820 expetunt,
273 1745 377 1800 falsam
389 1745 563 1820 religionem
577 1744 931 1816 faciliusporauaderont,
947 1765 981 1801 eo
994 1747 1072 1818 quod

0 1830 5 1859 ‘-
53 1830 166 1884 rensibus
183 1847 287 1884 eorirm
301 1826 440 1902 quaedem
457 1821 599 1900 stupenda
616 1836 830 1900 monstrprent3
856 1845 941 1902 quem
954 1827 1072 1884 tandem

53 1903 82 1964 ita
93 1911 223 1985 deripere
236 1910 343 1980 libeat,
357 1919 463 1964 utnon
474 1927 545 1964 vere
558 1911 649 1986 eligat
661 1927 735 1985 quae
743 1918 890 1980 sectetur,
904 1910 955 1966 ubi
968 1918 997 1964 et
1010 1929 1071 1967 anr-

53 1994 125 2064 pliore
138 1995 257 2049 invenit
269 2010 343 2066 quae
356 1987 501 2060 miretur}
524 2047 530 2054 ,¹
570 2019 572 2024 v
903 2049 905 2054 ⁸

100 2076 149 2131 llle
169 2077 277 2150 quippe
296 2076 438 2136 miraculo
454 2073 575 2128 deorum
590 2073 763 2150 gentilium,
789 2093 863 2150 quoe
889 2074 1073 2132 commendat

54 2153 175 2230 historie,
200 2175 261 2213 non
276 2175 310 2212 ea
323 2156 388 2211 dieo
402 2173 476 2228 quae
490 2157 653 2212 intervallis
669 2166 830 2230 temporum
845 2160 965 2214 oeeultir
980 2160 1071 2232 ipsius
1089 2201 1092 2208 .

55 2241 134 2296 nundi
147 2241 264 2310 oensis,
290 2240 490 2295 verumtamen
511 2238 563 2292 sub
584 2239 683 2294 divine
702 2240 888 2313 providentia
902 2242 1073 2297 constitutis
1164 2279 1166 2282 -

57 2332 76 2377 et
89 2323 228 2380 ordinatis
247 2323 631 2396 monstroso‘oontingunt3
656 2323 756 2394 quales
771 2333 840 2382 sunt
858 2324 990 2378 inusitati
1003 2342 1071 2396 par·

55 2413 89 2460 lus
100 2403 287 2474 animalium,
314 2413 343 2459 ot
356 2405 438 2458 eoolo
457 2412 593 2476 terraque
612 2421 708 2474 perum
731 2405 850 2460 insolita
873 2405 982 2474 facies,
1009 2407 1072 2462 sive

55 2495 147 2544 tontum
161 2498 295 2557 terrens,
322 2487 383 2541 sive
397 2485 484 2540 etlam
498 2503 627 2553 nocens,
641 2502 714 2559 quae
726 2489 877 2556 procurari
891 2498 979 2562 atque
992 2489 1071 2542 miti-

56 2574 104 2645 pari
115 2571 313 2630 daemoniacis
324 2568 427 2623 ritibus
439 2567 628 2621 fallacissimo
638 2584 741 2620 eorum
751 2570 858 2623 astutia
867 2569 1070 2639 perhibentur:

56 2653 92 2707 ted
104 2673 136 2708 ea
149 2653 228 2723 dieo,
243 2670 317 2725 quae
329 2651 361 2706 vi
374 2667 408 2704 ee
421 2657 681 2722 potestate-eorum
693 2647 759 2702 fieri
772 2650 843 2704 satis
858 2651 1006 2706 evidenter
1020 2669 1071 2724 op·

56 2746 136 2807 peret,
149 2745 184 2790 ut
197 2744 243 2789 est
257 2733 336 2808 quod
349 2731 459 2807 effigies
474 2729 595 2790 deorum
607 2728 762 2792 Penatium
775 2748 846 2805 quos
861 2731 895 2786 de
909 2730 1000 2808 Troia
1012 2734 1070 2788 Ae·
1145 2793 1146 2796 ,

56 2833 109 2873 neas
129 2819 250 2894 fugiens
272 2815 411 2886 advexit,
423 2883 424 2886 Ἴ
438 2813 474 2868 de
492 2813 557 2868 loeo
577 2813 718 2872 inlocum
730 2814 872 2889 migrasse
886 2815 1071 2885 referuntur,

57 2901 118 2972 puod
129 2910 227 2956 eotem
240 2887 578 2972 Tarquinius'novaeula
595 2896 704 2963 secuit3
731 2895 807 2968 quod
818 2895 994 2969 Epidaurius
1008 2915 1070 2952 rer-

54 2995 111 3051 pens
123 2982 298 3055 Aesculapio
311 2979 464 3055 naviganti
477 2975 599 3032 Romam
612 2993 709 3030 eomes
722 2975 867 3048 adhaesit3
883 2977 960 3052 quod
973 2981 1070 3034 navim

54 3079 99 3135 qua
119 3057 307 3124 simuleerum
328 3062 430 3116 matria
443 3058 590 3135 Phrygiae
611 3056 782 3129 vehebatur,
808 3062 898 3116 tentis
920 3058 1072 3114 hominum

54 3143 185 3222 boumque
200 3145 353 3201 conatibus
367 3141 543 3199 immobilem
556 3139 724 3212 redditam,
739 3159 798 3196 uno
810 3143 982 3196 muliercula
996 3157 1072 3196 zona

54 3229 190 3308 alligatam
202 3227 239 3282 ad
250 3245 320 3282 suae
333 3224 491 3298 pudicitiae
505 3223 704 3284 testimomum
714 3225 805 3279 morit
819 3233 848 3278 et
862 3225 968 3286 traxitt
993 3223 1072 3296 quod

53 3313 124 3388 virgo
136 3311 283 3378 Vestalis,
297 3307 333 3362 de
348 3309 430 3364 ouius
444 3305 630 3378 corruptione
645 3304 973 3378 quaestionertebatur,
997 3321 1069 3376 equa

53 3390 157 3468 inpleta
170 3393 268 3448 eribro
283 3390 318 3446 de
332 3387 447 3459 Tiberi,
461 3405 557 3461 nequo
569 3383 747 3459 perfluente,
765 3386 884 3444 abstulit
899 3394 1070 3440 controver-

54 3475 121 3531 tiasn.
164 3473 248 3530 Haeo
261 3491 333 3549 ergo
348 3481 435 3545 etque
451 3471 508 3524 elia
520 3463 719 3524 huiuscemodi
733 3485 913 3541 nequaquem
926 3467 983 3520 illis
998 3482 1071 3540 quae
1089 3471 1097 3514 .“

54 3555 77 3609 iu
88 3558 193 3631 populo
203 3554 261 3610 Dei
273 3554 352 3610 foeta
363 3554 499 3628 legimus,
512 3549 621 3606 virtute
633 3568 667 3604 ae
680 3548 882 3624 magnitudine
896 3545 1070 3602 eonferenda

55 3649 124 3695 sunt:
138 3638 362 3713 quantominus
376 3653 410 3688 ea
423 3651 496 3706 quae
508 3633 625 3688 illorum
639 3648 754 3706 quoque
766 3629 951 3701 populorum,
963 3630 1012 3705 qui
1027 3637 1071 3684 ta·
1113 3675 1116 3682 ,

56 3717 89 3773 les
101 3721 171 3776 deos
186 3719 358 3785 coluerunt,
372 3716 485 3791 legibus
498 3712 625 3768 iudicata
639 3721 706 3766 sunt
718 3708 897 3784 prohibenda
910 3719 996 3784 atque
1008 3714 1071 3783 ple·
1087 3711 1093 3718 '
1143 3765 1149 3772 ,,

56 3803 166 3871 etenda,
185 3800 299 3876 magice
309 3797 424 3854 seilicet
436 3797 484 3852 vel
497 3787 814 3870 theurgieai⁸quorum
825 3792 964 3876 pleraque
977 3795 1071 3868 speeie
1118 3829 1120 3834 ,
1147 3791 1151 3803 ⁴
