2362 4312
135 214 173 269 aa
235 217 236 220 ¹
261 157 288 266 ⁷.
363 199 464 264 ιιιιι·
481 197 671 290 liranum
696 197 948 266 arcuatum

132 355 280 440 'tyrannus
293 351 500 416 'eam'factiene
516 368 695 432 capesseret,
723 351 777 414 nee
795 359 857 433 ipse
871 361 992 433 populus
1007 359 1065 423 iam
1079 379 1165 436 pepu-

133 449 179 504 lus
196 455 287 517 essct,
315 447 340 500 si
357 453 435 499 essct
448 444 592 513 iniustus,
616 445 756 516 quoniam
770 461 829 510 non
844 452 922 498 esset
948 444 1104 501 multitudo
1124 447 1165 502 iu-

133 533 175 587 ris
190 549 334 587 censensu
350 537 378 582 ct
396 526 541 602 utilitatis,
560 528 763 600 communione
790 528 917 598 sociata,
944 529 1021 582 sicut
1046 529 1166 604 populus

134 615 229 670 fuerat
239 613 387 682 delinitus,
601 605 604 611 ’
726 680 731 688 ¹

197 696 318 763 Quando
344 713 415 773 ergo
441 694 604 769 respublica
618 681 748 758 Ronlana
762 695 829 749 talis
844 689 921 765 erat,
950 695 1065 768 qualem
1091 697 1167 753 illam

82 779 86 788 ‘
134 781 272 836 describit
286 777 459 875 Sallustius,
486 795 546 833 non
560 779 618 832 iam
631 779 757 852 pessima
771 796 805 833 ae
819 777 1108 856 flagitiosissima,
1094 781 1167 836 sieut

133 867 196 940 ipse
219 865 277 932 ait,
305 861 363 916 scd
382 863 502 917 omnino
528 859 608 936 nulla
635 871 714 932 erat,
741 861 1000 918 secundumistam
1023 864 1170 919 rationem·

135 966 220 1022 quam
235 946 393 1020 disputatio
409 945 444 1000 dc
458 927 629 1019 republica
620 954 699 1000 mter
711 956 848 1022 magnos
854 948 917 1002 eius
931 954 993 1000 tum
1018 947 1166 1029 principes

114 1030 233 1127 ΥΙιιιιῑιιι
246 1029 393 1104 patefecit.
438 1027 524 1085 Sicut
537 1030 625 1087 ctiam
638 1047 701 1104 lpse
715 1027 847 1102 Tullius,
863 1048 923 1086 non
938 1021 1102 1104 Scipionis,
1116 1049 1166 1112 nec

136 1131 306 1187 cuiusquam
319 1114 456 1187 alterius,
488 1113 539 1168 sed
565 1131 618 1168 suo
645 1129 780 1169 sermone
805 1113 973 1188 loquens,'
965 1131 997 1169 ιιι
1023 1103 1167 1189 principio

135 1197 230 1272 quinti
256 1197 339 1267 libri,
367 1205 590 1259 eomrnemorato
604 1198 685 1274 prius
699 1196 791 1254 Ennii
805 1207 907 1276 poetae
922 1215 1025 1270 versu,
1054 1215 1139 1276 quo
1127 1199 1166 1255 di·

134 1289 233 1336 xerat:

219 1363 348 1422 Moribus
364 1365 492 1439 antiquis
504 1381 554 1419 ,res
570 1373 628 1420 stat
641 1363 774 1430 Romana
787 1367 926 1440 virisque.
1004 1383 1007 1388 ·

137 1491 156 1521 „
165 1449 258 1516 Quem
272 1449 388 1524 quidem
401 1450 450 1503 ille
463 1453 595 1520 uersum,
623 1451 735 1524 inquit,
762 1451 809 1506 vel
828 1450 971 1507 brevitate
984 1449 1168 1508 vel'veritotc

81 1555 86 1570 ·
136 1541 302 1607 „tanquam
316 1549 352 1588 ex
367 1534 485 1588 oraculo
500 1530 570 1586 mihi
590 1533 714 1606 quodam
732 1551 797 1589 esse
825 1531 927 1600 effatus
952 1533 1081 1591 uidetur.
1106 1553 1168 1591 nam

137 1629 260 1690 „neque
272 1617 347 1686 viri,
361 1617 421 1673 nisi
434 1618 475 1672 ita
489 1625 603 1672 morata
617 1618 721 1673 civitas
730 1618 856 1689 luisset,
878 1623 972 1692 neque
984 1636 1100 1689 mores,
1115 1619 1169 1674 nisi

137 1699 195 1774 „bi
208 1701 266 1756 viri
279 1691 493 1774 praefuissent,
521 1708 571 1755 aut
583 1699 721 1772 fundare,
740 1711 791 1780 aut
804 1710 863 1757 tam
877 1699 926 1756 diu
940 1711 1044 1757 tenere
1059 1704 1168 1776 potuis-

138 1793 231 1857 „sent
256 1793 369 1840 tantam
396 1793 425 1840 et
449 1793 508 1839 tam
531 1785 607 1838 iuste
621 1785 736 1859 lateque
750 1787 941 1859 imperantem
953 1787 1167 1860 rempublicam.

138 1910 157 1942 „
166 1869 265 1942 ltaque
279 1877 347 1922 ante
362 1877 493 1923 nostram
506 1868 686 1946 memoriam,
701 1877 730 1924 et
740 1887 802 1924 mos
817 1869 878 1943 ipsc
891 1870 1003 1943 patrius
1017 1879 1168 1943 praestan·

137 1994 158 2024 „
169 1961 213 2007 tes
227 1953 308 2009 uiros
322 1949 491 2020 adhibebat,
522 1958 552 2005 ct
564 1958 694 2006 veterem
707 1970 818 2007 ιιιοιιιιιι
831 1969 865 2007 ac
878 1953 1021 2009 maiorum
1036 1953 1179 2010 instituta

138 2034 332 2107 „retinebant
357 2035 535 2104 excellentes
560 2034 628 2088 viri
671 2033 781 2090 Nostra
794 2053 866 2092 uero
881 2046 963 2093 aetas
976 2055 1043 2092 cum
1056 2055 1168 2112 rempu-

138 2160 159 2190 „
168 2120 272 2174 blicam
298 2117 375 2171 sicut
398 2118 543 2192 picturam
557 2117 719 2192 accepisset
732 2122 899 2198 egregiam,
926 2119 977 2175 sed
992 2139 1028 2176 eu
1029 2137 1169 2177 anesten

138 2211 228 2273 „tem
242 2207 403 2272 vetustate,
416 2215 478 2256 non
491 2200 576 2256 modo
593 2220 657 2256 eam
670 2203 816 2259 coloribus
830 2203 933 2259 iisdem
946 2204 1051 2278 quibus
1066 2204 1169 2274 fuerat,

139 2281 311 2358 „renovare
325 2285 476 2364 neglexit,
496 2285 547 2340 sed
561 2303 598 2340 nc
612 2285 641 2341 id
652 2283 771 2360 'quidem
785 2288 915 2358 curarit,
929 2297 963 2343 ut
975 2288 1101 2348 formam
1113 2289 1169 2342 sal-

140 2377 225 2441 „tcm
253 2370 315 2424 eins
344 2378 374 2424 et
399 2377 530 2427 extrema
554 2378 693 2445 tanquam
718 2371 897 2427 lincamenta
912 2367 1054 2428 servaret.
1078 2371 1171 2438 iluid

133 2455 245 2530 „enim
270 2461 370 2509 manet
382 2471 425 2519 ex,
434 2453 562 2528 antiquis
576 2454 722 2526 moribus,
748 2455 852 2534 quibus
866 2455 1005 2512 illedixit
1018 2473 1081 2512 rem
1095 2464 1171 2512 stare

139 2536 343 2616 „Ronlanann
369 2556 441 2613 quos
467 2539 509 2592 ita
536 2538 683 2594 oblivione
709 2538 856 2595 obsoletos
881 2538 1029 2609 videmus,
1057 2549 1091 2596 ut
1115 2555 1171 2596 non

13 2635 16 2646 “
95 2629 99 2652 ”
140 2621 251 2692 „modo
267 2640 327 2677 nen
342 2624 492 2692 colantur,
519 2621 571 2676 sed
589 2623 677 2676 ctiam
701 2618 897 2700 ignorentur?
940 2622 1016 2680 Nam
1039 2623 1076 2679 de
1102 2626 1171 2680 viris

140 2706 235 2779 „quid
252 2701 375 2760 'dieomf
418 2703 516 2762 Mares
530 2707 609 2760 eninr
621 2705 678 2780 ipsi
689 2705 868 2786 ¹interierunt
881 2707 1011 2762 virorum
1037 2708 1171 2782 penuria,

140 2790 341 2866 „euiustanti
354 2789 423 2844 mali
436 2807 497 2844 non
509 2788 595 2845 modo
609 2787 756 2844 reddenda
781 2791 863 2852 ratio*
879 2789 979 2860 nobis,
1006 2791 1060 2846 sed
1083 2793 1172 2847 etiam

139 2880 304 2946 „tanquam
318 2874 376 2927 reis
391 2874 494 2946 capitis
509 2871 632 2946 quodam
643 2871 727 2942 modo
742 2873 865 2942 dicenda
878 2891 965 2929 eausa
977 2883 1037 2930 est·
1055 2874 1171 2946 Nostris

69 2989 78 3008 .
140 2955 247 3026 „eninr
260 2957 358 3027 uitiis,
383 2974 443 3012 non
458 2973 527 3011 casu
542 2958 656 3030 aliquo,
676 2957 882 3030 rempublicam
896 2959 985 3014 verbo
999 2960 1172 3028 retinemus,

133 3038 765 3116 „reipsauero‘iamprldemarrisimus.“·
827 3036 840 3062 ⁸
919 3049 920 3054 ’
983 3045 985 3058 “

115 3177 118 3192 ,
203 3121 285 3178 Haec
314 3121 417 3179 Cicero
444 3123 605 3194 fatebatur,
632 3125 720 3200 longe
740 3124 854 3198 quidem
873 3134 1079 3199 postmortem
1093 3127 1174 3184 Afri·

99 3212 100 3216 ’
142 3209 222 3277 cani,
250 3223 335 3280 quem
349 3207 380 3261 in
394 3208 454 3261 suis
469 3207 551 3262 libris
572 3205 643 3262 fecit
657 3207 692 3262 de
706 3205 864 3282 Republica
888 3209 1054 3284 disputare,
1081 3210 1173 3267 adhuc

73 3289 75 3298 ⁴
142 3302 239 3346 tamen
262 3298 331 3344 ante
357 3289 513 3346 adventum
527 3288 651 3347 Christi:
678 3289 952 3364 quaesidiffamata
966 3302 1001 3348 et
1022 3298 1173 3368 praeuale-

53 3365 55 3369 ’
142 3385 243 3431 scente
256 3370 401 3451 religione
416 3372 583 3430 Christiana
597 3375 779 3431 sentirentur
792 3385 880 3451 atque
895 3375 1082 3449 dicerentur,
1110 3379 1173 3454 quis

125 3451 255 3521 ‘non't
216 3477 240 3515 rs
244 3469 339 3539 torupr
353 3477 387 3512 ea
400 3455 574 3514 Christianis
590 3458 758 3532 imputanda
778 3477 843 3516 csse
867 3458 1021 3516 censeretf
1067 3463 1172 3528 Quam·

142 3543 242 3598 obrem
256 3561 308 3598 eur
319 3559 379 3597 non
394 3535 533 3597 curarunt
547 3539 587 3595 dii
599 3560 715 3613 eorum,
729 3562 767 3599 ne
780 3553 851 3599 tunc
863 3545 974 3619 periret
987 3550 1096 3620 atque
1090 3547 1172 3601 anrit-

114 3695 115 3702 ἵ
144 3634 257 3682 teretur
270 3626 319 3680 illa
333 3609 514 3700 respublica,
541 3642 627 3698 quam
642 3623 747 3683 Cicero
761 3629 850 3704 longe
870 3637 1027 3702 antequam
1040 3627 1172 3685 Clrrrstus

38 3767 55 3786 s
143 3709 174 3762 in
190 3725 277 3763 earne
290 3711 438 3780 venisset,
464 3717 523 3764 tam
537 3709 699 3786 lugubriter
714 3711 855 3810 deplorat
859 3708 1017 3766 amissaml
1041 3710 1173 3767 Viderint

144 3790 336 3846 laudatores
332 3794 418 3864 eius,
446 3795 534 3849 etiam
559 3795 617 3849 illis
644 3795 773 3869 antiquis
799 3796 872 3851 viris
888 3804 918 3850 ct
931 3795 1062 3850 moribus
1082 3795 1171 3870 qualis

127 3873 250 3944 fuerit,
277 3879 395 3930 utrum
388 3897 416 3932 ιιι
433 3879 691 3956 carrguentrera
705 3873 832 3950 rustrtra
860 3897 897 3934 an
922 3878 999 3934 forte
1027 3869 1082 3934 nec
1106 3891 1170 3934 tunc
