<?xml version="1.0" encoding="UTF-8"?>
<!DOCTYPE html PUBLIC "-//W3C//DTD XHTML 1.0 Transitional//EN"
    "http://www.w3.org/TR/xhtml1/DTD/xhtml1-transitional.dtd">
<html xmlns="http://www.w3.org/1999/xhtml" xml:lang="en" lang="en">
 <head>
  <title>
</title>
<meta http-equiv="Content-Type" content="text/html;charset=utf-8" />
  <meta name='ocr-system' content='tesseract 3.04.00' />
  <meta name='ocr-capabilities' content='ocr_page ocr_carea ocr_par ocr_line ocrx_word'/>
</head>
<body>
  <div class='ocr_page' id='page_1' title='image "./saureliiaugusti00augugoog_0038.png"; bbox 0 0 2362 4312; ppageno 0'>
   <div class='ocr_carea' id='block_1_1' title="bbox 219 157 1069 268">
    <p class='ocr_par' dir='ltr' id='par_1_1' title="bbox 175 157 1069 272">
     <span class='ocr_line' id='line_1_1' title="bbox 219 157 1069 268; baseline 0.018 -17.213"><span class='ocrx_word' id='word_1_1' title='bbox 219 195 277 253; x_wconf 86' lang='lat' dir='ltr'>nn</span> <span class='ocrx_word' id='word_1_2' title='bbox 311 179 537 254; x_wconf 76' lang='lat' dir='ltr'>c1vrrnrn</span> <span class='ocrx_word' id='word_1_3' title='bbox 566 157 645 258; x_wconf 78' lang='lat' dir='ltr'>nni</span> <span class='ocrx_word' id='word_1_4' title='bbox 673 187 755 255; x_wconf 81' lang='lat' dir='ltr'>mn.</span> <span class='ocrx_word' id='word_1_5' title='bbox 783 195 805 254; x_wconf 90' lang='lat'>1.</span> <span class='ocrx_word' id='word_1_6' title='bbox 976 173 1031 259; x_wconf 75' lang='lat' dir='ltr'>&#39;io</span> <span class='ocrx_word' id='word_1_7' title='bbox 1065 257 1069 268; x_wconf 91' lang='grc'><em>,</em></span> 
     </span>
    </p>
   </div>
   <div class='ocr_carea' id='block_1_2' title="bbox 11 349 1031 757">
    <p class='ocr_par' dir='ltr' id='par_1_2' title="bbox 11 349 1031 757">
     <span class='ocr_line' id='line_1_2' title="bbox 11 349 1030 426; baseline 0.001 -18"><span class='ocrx_word' id='word_1_8' title='bbox 11 357 14 413; x_wconf 70' lang='lat' dir='ltr'>l</span> <span class='ocrx_word' id='word_1_9' title='bbox 38 367 92 422; x_wconf 84' lang='grc' dir='ltr'>ιιιι;</span> <span class='ocrx_word' id='word_1_10' title='bbox 111 349 273 424; x_wconf 86' lang='lat' dir='ltr'>praesertim</span> <span class='ocrx_word' id='word_1_11' title='bbox 288 365 364 422; x_wconf 86' lang='lat' dir='ltr'>quos</span> <span class='ocrx_word' id='word_1_12' title='bbox 386 349 496 412; x_wconf 84' lang='lat' dir='ltr'>nullius</span> <span class='ocrx_word' id='word_1_13' title='bbox 510 351 646 404; x_wconf 83' lang='lat' dir='ltr'>militarie</span> <span class='ocrx_word' id='word_1_14' title='bbox 665 351 823 426; x_wconf 85' lang='lat' dir='ltr'>potestatis</span> <span class='ocrx_word' id='word_1_15' title='bbox 836 351 962 408; x_wconf 80' lang='lat' dir='ltr'>vel-talia</span> <span class='ocrx_word' id='word_1_16' title='bbox 974 355 1030 409; x_wconf 89' lang='lat' dir='ltr'>mi·</span> 
     </span>
     <span class='ocr_line' id='line_1_3' title="bbox 31 431 1030 509; baseline 0 -20"><span class='ocrx_word' id='word_1_17' title='bbox 31 436 89 489; x_wconf 88' lang='lat' dir='ltr'>litiae</span> <span class='ocrx_word' id='word_1_18' title='bbox 111 435 169 488; x_wconf 89' lang='lat' dir='ltr'>iura</span> <span class='ocrx_word' id='word_1_19' title='bbox 194 433 431 509; x_wconf 77' lang='lat' dir='ltr'>constringunt,</span> <span class='ocrx_word' id='word_1_20' title='bbox 467 433 564 506; x_wconf 88' lang='lat' dir='ltr'>ipsum</span> <span class='ocrx_word' id='word_1_21' title='bbox 587 431 700 488; x_wconf 84' lang='lat' dir='ltr'><strong>hostem</strong></span> <span class='ocrx_word' id='word_1_22' title='bbox 724 434 814 489; x_wconf 85' lang='lat' dir='ltr'>ferire</span> <span class='ocrx_word' id='word_1_23' title='bbox 842 433 1030 508; x_wconf 65' lang='lat' dir='ltr'>superatum?</span> 
     </span>
     <span class='ocr_line' id='line_1_4' title="bbox 30 511 1031 593; baseline 0.002 -20"><span class='ocrx_word' id='word_1_24' title='bbox 30 518 106 584; x_wconf 72' lang='lat' dir='ltr'>‘Quis</span> <span class='ocrx_word' id='word_1_25' title='bbox 121 534 186 593; x_wconf 88' lang='lat' dir='ltr'>ergo</span> <span class='ocrx_word' id='word_1_26' title='bbox 200 526 259 571; x_wconf 89' lang='lat' dir='ltr'>tam</span> <span class='ocrx_word' id='word_1_27' title='bbox 274 516 370 570; x_wconf 80' lang='lat' dir='ltr'>nialus</span> <span class='ocrx_word' id='word_1_28' title='bbox 381 533 469 580; x_wconf 43' lang='lat' dir='ltr'>„error</span> <span class='ocrx_word' id='word_1_29' title='bbox 482 511 612 588; x_wconf 88' lang='lat' dir='ltr'>obrepit,</span> <span class='ocrx_word' id='word_1_30' title='bbox 640 525 673 573; x_wconf 87' lang='lat' dir='ltr'>ut</span> <span class='ocrx_word' id='word_1_31' title='bbox 684 515 771 572; x_wconf 91' lang='lat' dir='ltr'>homo</span> <span class='ocrx_word' id='word_1_32' title='bbox 786 535 819 571; x_wconf 83' lang='lat' dir='ltr'>se</span> <span class='ocrx_word' id='word_1_33' title='bbox 832 516 958 588; x_wconf 88' lang='lat' dir='ltr'>oeeidat,</span> <span class='ocrx_word' id='word_1_34' title='bbox 983 522 1031 575; x_wconf 81' lang='lat' dir='ltr'>rel</span> 
     </span>
     <span class='ocr_line' id='line_1_5' title="bbox 25 595 1031 676; baseline 0.001 -20"><span class='ocrx_word' id='word_1_35' title='bbox 25 603 77 676; x_wconf 82' lang='lat' dir='ltr'>pria</span> <span class='ocrx_word' id='word_1_36' title='bbox 87 602 114 656; x_wconf 91' lang='lat' dir='ltr'>in</span> <span class='ocrx_word' id='word_1_37' title='bbox 127 619 187 654; x_wconf 89' lang='lat' dir='ltr'>eum</span> <span class='ocrx_word' id='word_1_38' title='bbox 206 599 355 674; x_wconf 82' lang='lat' dir='ltr'>peccavit,</span> <span class='ocrx_word' id='word_1_39' title='bbox 382 600 429 654; x_wconf 88' lang='lat' dir='ltr'>vel</span> <span class='ocrx_word' id='word_1_40' title='bbox 442 616 480 653; x_wconf 92' lang='lat' dir='ltr'>ne</span> <span class='ocrx_word' id='word_1_41' title='bbox 492 595 524 654; x_wconf 90' lang='lat' dir='ltr'>in</span> <span class='ocrx_word' id='word_1_42' title='bbox 539 618 606 654; x_wconf 82' lang='lat' dir='ltr'>eum</span> <span class='ocrx_word' id='word_1_43' title='bbox 617 610 721 673; x_wconf 87' lang='lat' dir='ltr'>peeeet</span> <span class='ocrx_word' id='word_1_44' title='bbox 733 599 883 670; x_wconf 82' lang='lat' dir='ltr'>in‘imieus,</span> <span class='ocrx_word' id='word_1_45' title='bbox 904 619 971 656; x_wconf 92' lang='lat' dir='ltr'>eum</span> <span class='ocrx_word' id='word_1_46' title='bbox 985 605 1031 658; x_wconf 87' lang='lat' dir='ltr'>vel</span> 
     </span>
     <span class='ocr_line' id='line_1_6' title="bbox 21 675 1030 757; baseline 0 -19"><span class='ocrx_word' id='word_1_47' title='bbox 21 694 177 757; x_wconf 84' lang='lat' dir='ltr'>peecatorem</span> <span class='ocrx_word' id='word_1_48' title='bbox 200 683 247 739; x_wconf 82' lang='lat' dir='ltr'>vel</span> <span class='ocrx_word' id='word_1_49' title='bbox 273 691 467 756; x_wconf 81' lang='lat' dir='ltr'>peccaturum</span> <span class='ocrx_word' id='word_1_50' title='bbox 491 683 587 755; x_wconf 82' lang='lat' dir='ltr'>ipsum</span> <span class='ocrx_word' id='word_1_51' title='bbox 607 683 740 740; x_wconf 84' lang='lat' dir='ltr'>occidere</span> <span class='ocrx_word' id='word_1_52' title='bbox 764 702 826 740; x_wconf 90' lang='lat' dir='ltr'>non</span> <span class='ocrx_word' id='word_1_53' title='bbox 844 675 952 740; x_wconf 85' lang='lat' dir='ltr'>audeat</span> <span class='ocrx_word' id='word_1_54' title='bbox 972 685 1030 739; x_wconf 91' lang='lat' dir='ltr'>ini-</span> 
     </span>
    </p>
   </div>
   <div class='ocr_carea' id='block_1_3' title="bbox 19 759 1030 940">
    <p class='ocr_par' dir='ltr' id='par_1_3' title="bbox 19 759 1030 940">
     <span class='ocr_line' id='line_1_7' title="bbox 19 759 1030 846; baseline 0 -24"><span class='ocrx_word' id='word_1_55' title='bbox 19 763 121 823; x_wconf 67' lang='lat' dir='ltr'>micum?</span> <span class='ocrx_word' id='word_1_56' title='bbox 213 759 216 768; x_wconf 61' lang='grc'>’</span> <span class='ocrx_word' id='word_1_57' title='bbox 492 803 497 808; x_wconf 96' lang='grc'>-</span> <span class='ocrx_word' id='word_1_58' title='bbox 662 762 745 846; x_wconf 54' lang='lat' dir='ltr'>(tul</span> <span class='ocrx_word' id='word_1_59' title='bbox 760 763 895 838; x_wconf 65' lang='lat' dir='ltr'><em>CAPVT</em></span> <span class='ocrx_word' id='word_1_60' title='bbox 907 760 1030 846; x_wconf 86' lang='lat' dir='ltr'><em>XXV.)</em></span> 
     </span>
     <span class='ocr_line' id='line_1_8' title="bbox 367 880 655 940; baseline -0.003 -1"><span class='ocrx_word' id='word_1_61' title='bbox 367 882 433 940; x_wconf 81' lang='lat' dir='ltr'>CA</span> <span class='ocrx_word' id='word_1_62' title='bbox 456 882 489 939; x_wconf 89' lang='lat' dir='ltr'>P.</span> <span class='ocrx_word' id='word_1_63' title='bbox 532 880 655 940; x_wconf 84' lang='lat' dir='ltr'>XXV.</span> 
     </span>
    </p>
   </div>
   <div class='ocr_carea' id='block_1_4' title="bbox 141 961 950 1046">
    <p class='ocr_par' dir='ltr' id='par_1_4' title="bbox 141 961 950 1046">
     <span class='ocr_line' id='line_1_9' title="bbox 141 961 950 1046; baseline -0.004 -29"><span class='ocrx_word' id='word_1_64' title='bbox 141 964 359 1034; x_wconf 80' lang='lat' dir='ltr'>Quodpeecatrcm</span> <span class='ocrx_word' id='word_1_65' title='bbox 369 980 480 1044; x_wconf 78' lang='lat' dir='ltr'>nonper</span> <span class='ocrx_word' id='word_1_66' title='bbox 492 974 633 1046; x_wconf 78' lang='lat' dir='ltr'>peecatum</span> <span class='ocrx_word' id='word_1_67' title='bbox 644 961 736 1015; x_wconf 82' lang='lat' dir='ltr'>debeat</span> <span class='ocrx_word' id='word_1_68' title='bbox 747 961 887 1034; x_wconf 75' lang='lat' dir='ltr'>declinari.</span> <span class='ocrx_word' id='word_1_69' title='bbox 948 977 950 990; x_wconf 89' lang='lat'><em>·</em></span> 
     </span>
    </p>
   </div>
   <div class='ocr_carea' id='block_1_5' title="bbox 14 1049 1079 1712">
    <p class='ocr_par' dir='ltr' id='par_1_5' title="bbox 14 1049 1079 1712">
     <span class='ocr_line' id='line_1_10' title="bbox 71 1049 1029 1123; baseline 0.002 -11"><span class='ocrx_word' id='word_1_70' title='bbox 71 1056 104 1112; x_wconf 83' lang='lat' dir='ltr'>lt</span> <span class='ocrx_word' id='word_1_71' title='bbox 115 1055 183 1122; x_wconf 82' lang='lat' dir='ltr'>enim</span> <span class='ocrx_word' id='word_1_72' title='bbox 196 1053 367 1112; x_wconf 85' lang='lat' dir='ltr'>timendum</span> <span class='ocrx_word' id='word_1_73' title='bbox 378 1062 422 1108; x_wconf 87' lang='lat' dir='ltr'>est</span> <span class='ocrx_word' id='word_1_74' title='bbox 435 1062 464 1108; x_wconf 86' lang='lat' dir='ltr'>et</span> <span class='ocrx_word' id='word_1_75' title='bbox 477 1049 649 1123; x_wconf 64' lang='lat' dir='ltr'>canendum</span> <span class='ocrx_word' id='word_1_76' title='bbox 667 1071 704 1109; x_wconf 91' lang='lat' dir='ltr'>ne</span> <span class='ocrx_word' id='word_1_77' title='bbox 718 1052 834 1118; x_wconf 80' lang='lat' dir='ltr'>libidini</span> <span class='ocrx_word' id='word_1_78' title='bbox 847 1053 948 1112; x_wconf 79' lang='lat' dir='ltr'>lioatili</span> <span class='ocrx_word' id='word_1_79' title='bbox 959 1059 1029 1116; x_wconf 89' lang='lat' dir='ltr'>sub-</span> 
     </span>
     <span class='ocr_line' id='line_1_11' title="bbox 19 1137 1028 1212; baseline 0.002 -17"><span class='ocrx_word' id='word_1_80' title='bbox 19 1139 96 1196; x_wconf 82' lang='lat' dir='ltr'>ditum</span> <span class='ocrx_word' id='word_1_81' title='bbox 113 1157 214 1212; x_wconf 85' lang='lat' dir='ltr'>eorpus</span> <span class='ocrx_word' id='word_1_82' title='bbox 232 1137 661 1212; x_wconf 78' lang='lat' dir='ltr'>illecebrosissimavoluptate</span> <span class='ocrx_word' id='word_1_83' title='bbox 680 1138 810 1194; x_wconf 88' lang='lat' dir='ltr'>animum</span> <span class='ocrx_word' id='word_1_84' title='bbox 829 1139 939 1198; x_wconf 86' lang='lat' dir='ltr'>alliciat</span> <span class='ocrx_word' id='word_1_85' title='bbox 957 1160 1028 1197; x_wconf 89' lang='lat' dir='ltr'>eon-</span> 
     </span>
     <span class='ocr_line' id='line_1_12' title="bbox 16 1219 1028 1300; baseline 0.003 -23"><span class='ocrx_word' id='word_1_86' title='bbox 16 1225 110 1278; x_wconf 78' lang='lat' dir='ltr'>sentire</span> <span class='ocrx_word' id='word_1_87' title='bbox 125 1231 251 1300; x_wconf 79' lang='lat' dir='ltr'>peceato.</span> <span class='ocrx_word' id='word_1_88' title='bbox 301 1219 447 1292; x_wconf 77' lang='lat' dir='ltr'>Proinde,</span> <span class='ocrx_word' id='word_1_89' title='bbox 475 1222 633 1295; x_wconf 78' lang='lat' dir='ltr'>inquiunt,</span> <span class='ocrx_word' id='word_1_90' title='bbox 660 1237 720 1276; x_wconf 92' lang='lat' dir='ltr'>non</span> <span class='ocrx_word' id='word_1_91' title='bbox 739 1223 797 1276; x_wconf 89' lang='lat' dir='ltr'>iam</span> <span class='ocrx_word' id='word_1_92' title='bbox 814 1225 937 1294; x_wconf 87' lang='lat' dir='ltr'>propter</span> <span class='ocrx_word' id='word_1_93' title='bbox 955 1227 1028 1280; x_wconf 86' lang='lat' dir='ltr'>alie-</span> 
     </span>
     <span class='ocr_line' id='line_1_13' title="bbox 15 1295 1029 1385; baseline 0.003 -24"><span class='ocrx_word' id='word_1_94' title='bbox 15 1325 87 1377; x_wconf 87' lang='lat' dir='ltr'>num,</span> <span class='ocrx_word' id='word_1_95' title='bbox 115 1305 162 1361; x_wconf 85' lang='lat' dir='ltr'>sed</span> <span class='ocrx_word' id='word_1_96' title='bbox 185 1313 309 1381; x_wconf 88' lang='lat' dir='ltr'>propter</span> <span class='ocrx_word' id='word_1_97' title='bbox 336 1321 423 1359; x_wconf 89' lang='lat' dir='ltr'>suum</span> <span class='ocrx_word' id='word_1_98' title='bbox 447 1295 617 1376; x_wconf 84' lang='lat' dir='ltr'>peecatum,</span> <span class='ocrx_word' id='word_1_99' title='bbox 644 1313 801 1381; x_wconf 80' lang='lat' dir='ltr'><strong>antequam</strong></span> <span class='ocrx_word' id='word_1_100' title='bbox 823 1302 879 1360; x_wconf 87' lang='lat' dir='ltr'>boe</span> <span class='ocrx_word' id='word_1_101' title='bbox 905 1309 1029 1385; x_wconf 87' lang='lat' dir='ltr'>quiaque</span> 
     </span>
     <span class='ocr_line' id='line_1_14' title="bbox 14 1386 1031 1464; baseline 0.003 -20"><span class='ocrx_word' id='word_1_102' title='bbox 14 1391 173 1462; x_wconf 75' lang='lat' dir='ltr'>committat,</span> <span class='ocrx_word' id='word_1_103' title='bbox 195 1387 335 1445; x_wconf 65' lang='lat' dir='ltr'>redebet</span> <span class='ocrx_word' id='word_1_104' title='bbox 348 1386 491 1464; x_wconf 81' lang='lat' dir='ltr'>oeeidere.</span> <span class='ocrx_word' id='word_1_105' title='bbox 534 1387 622 1443; x_wconf 93' lang='lat' dir='ltr'>Nullo</span> <span class='ocrx_word' id='word_1_106' title='bbox 636 1388 721 1444; x_wconf 92' lang='lat' dir='ltr'>modo</span> <span class='ocrx_word' id='word_1_107' title='bbox 737 1388 853 1463; x_wconf 89' lang='lat' dir='ltr'>quidem</span> <span class='ocrx_word' id='word_1_108' title='bbox 870 1386 927 1445; x_wconf 85' lang='lat' dir='ltr'>hoo</span> <span class='ocrx_word' id='word_1_109' title='bbox 941 1391 1031 1447; x_wconf 84' lang='lat' dir='ltr'>faciet</span> 
     </span>
     <span class='ocr_line' id='line_1_15' title="bbox 15 1465 1028 1543; baseline 0.004 -17"><span class='ocrx_word' id='word_1_110' title='bbox 15 1475 122 1543; x_wconf 80' lang='lat' dir='ltr'>ammos,</span> <span class='ocrx_word' id='word_1_111' title='bbox 141 1483 172 1530; x_wconf 90' lang='lat' dir='ltr'>ut</span> <span class='ocrx_word' id='word_1_112' title='bbox 189 1465 365 1529; x_wconf 80' lang='lat' dir='ltr'>consentiat</span> <span class='ocrx_word' id='word_1_113' title='bbox 375 1469 490 1526; x_wconf 87' lang='lat' dir='ltr'>libidini</span> <span class='ocrx_word' id='word_1_114' title='bbox 505 1473 603 1527; x_wconf 85' lang='lat' dir='ltr'>earnis</span> <span class='ocrx_word' id='word_1_115' title='bbox 617 1490 688 1542; x_wconf 83' lang='lat' dir='ltr'>suae</span> <span class='ocrx_word' id='word_1_116' title='bbox 709 1473 807 1527; x_wconf 83' lang='lat' dir='ltr'>aliena</span> <span class='ocrx_word' id='word_1_117' title='bbox 821 1471 942 1528; x_wconf 80' lang='lat' dir='ltr'>libidine</span> <span class='ocrx_word' id='word_1_118' title='bbox 958 1475 1028 1530; x_wconf 90' lang='lat' dir='ltr'>eon-</span> 
     </span>
     <span class='ocr_line' id='line_1_16' title="bbox 19 1555 1079 1630; baseline 0.002 -20"><span class='ocrx_word' id='word_1_119' title='bbox 19 1557 119 1626; x_wconf 80' lang='lat' dir='ltr'>eitatae‚</span> <span class='ocrx_word' id='word_1_120' title='bbox 135 1559 179 1630; x_wconf 83' lang='lat' dir='ltr'>qni</span> <span class='ocrx_word' id='word_1_121' title='bbox 192 1556 260 1613; x_wconf 91' lang='lat' dir='ltr'>Deo</span> <span class='ocrx_word' id='word_1_122' title='bbox 275 1555 379 1628; x_wconf 85' lang='lat' dir='ltr'>potius¹</span> <span class='ocrx_word' id='word_1_123' title='bbox 387 1555 509 1629; x_wconf 87' lang='lat' dir='ltr'>eiusque</span> <span class='ocrx_word' id='word_1_124' title='bbox 524 1556 697 1628; x_wconf 79' lang='lat' dir='ltr'>sapientiae,</span> <span class='ocrx_word' id='word_1_125' title='bbox 711 1573 797 1628; x_wconf 86' lang='lat' dir='ltr'>quam</span> <span class='ocrx_word' id='word_1_126' title='bbox 811 1559 943 1627; x_wconf 85' lang='lat' dir='ltr'>eorporis</span> <span class='ocrx_word' id='word_1_127' title='bbox 957 1575 1028 1612; x_wconf 89' lang='lat' dir='ltr'>eon-</span> <span class='ocrx_word' id='word_1_128' title='bbox 1073 1573 1079 1580; x_wconf 86' lang='grc'>’</span> 
     </span>
     <span class='ocr_line' id='line_1_17' title="bbox 21 1636 1029 1712; baseline 0.003 -20"><span class='ocrx_word' id='word_1_129' title='bbox 21 1640 192 1712; x_wconf 87' lang='lat' dir='ltr'>enpireentiae</span> <span class='ocrx_word' id='word_1_130' title='bbox 214 1640 368 1703; x_wconf 83' lang='lat' dir='ltr'>subiectus</span> <span class='ocrx_word' id='word_1_131' title='bbox 385 1648 438 1693; x_wconf 85' lang='lat' dir='ltr'>est.</span> <span class='ocrx_word' id='word_1_132' title='bbox 490 1636 698 1693; x_wconf 77' lang='lat' dir='ltr'>Verumtamen</span> <span class='ocrx_word' id='word_1_133' title='bbox 718 1639 745 1710; x_wconf 84' lang='lat' dir='ltr'>si</span> <span class='ocrx_word' id='word_1_134' title='bbox 763 1637 934 1693; x_wconf 84' lang='lat' dir='ltr'>detestabile</span> <span class='ocrx_word' id='word_1_135' title='bbox 954 1640 1029 1695; x_wconf 84' lang='lat' dir='ltr'>faei-</span> 
     </span>
    </p>
   </div>
   <div class='ocr_carea' id='block_1_6' title="bbox 17 1703 1157 1793">
    <p class='ocr_par' dir='ltr' id='par_1_6' title="bbox 17 1703 1157 1793">
     <span class='ocr_line' id='line_1_18' title="bbox 17 1703 1157 1793; baseline 0 -16"><span class='ocrx_word' id='word_1_136' title='bbox 17 1739 64 1777; x_wconf 80' lang='lat' dir='ltr'>nna</span> <span class='ocrx_word' id='word_1_137' title='bbox 76 1732 102 1777; x_wconf 89' lang='lat' dir='ltr'>et</span> <span class='ocrx_word' id='word_1_138' title='bbox 111 1723 271 1781; x_wconf 86' lang='lat' dir='ltr'>damnabile</span> <span class='ocrx_word' id='word_1_139' title='bbox 286 1723 382 1777; x_wconf 84' lang='lat' dir='ltr'>aeolus</span> <span class='ocrx_word' id='word_1_140' title='bbox 397 1730 457 1792; x_wconf 88' lang='lat' dir='ltr'>est,</span> <span class='ocrx_word' id='word_1_141' title='bbox 485 1722 573 1776; x_wconf 82' lang='lat' dir='ltr'>etiam</span> <span class='ocrx_word' id='word_1_142' title='bbox 589 1739 621 1775; x_wconf 90' lang='lat' dir='ltr'>se</span> <span class='ocrx_word' id='word_1_143' title='bbox 642 1721 738 1793; x_wconf 89' lang='lat' dir='ltr'>ipsum</span> <span class='ocrx_word' id='word_1_144' title='bbox 750 1719 899 1774; x_wconf 91' lang='lat' dir='ltr'>hominem</span> <span class='ocrx_word' id='word_1_145' title='bbox 914 1715 1050 1777; x_wconf 60' lang='lat' dir='ltr'>oeeide-&#39;</span> <span class='ocrx_word' id='word_1_146' title='bbox 1122 1749 1125 1758; x_wconf 79' lang='lat'><em>=</em></span> <span class='ocrx_word' id='word_1_147' title='bbox 1153 1703 1157 1712; x_wconf 42' lang='lat'><strong><em>¹</em></strong></span> 
     </span>
    </p>
   </div>
   <div class='ocr_carea' id='block_1_7' title="bbox 11 1794 1109 2967">
    <p class='ocr_par' dir='ltr' id='par_1_7' title="bbox 11 1794 1066 2297">
     <span class='ocr_line' id='line_1_19' title="bbox 14 1794 1031 1878; baseline 0.001 -19"><span class='ocrx_word' id='word_1_148' title='bbox 14 1823 53 1874; x_wconf 88' lang='lat' dir='ltr'>re,</span> <span class='ocrx_word' id='word_1_149' title='bbox 78 1808 150 1862; x_wconf 81' lang='lat' dir='ltr'>aient</span> <span class='ocrx_word' id='word_1_150' title='bbox 166 1809 281 1864; x_wconf 80' lang='lat' dir='ltr'>veritas</span> <span class='ocrx_word' id='word_1_151' title='bbox 300 1803 457 1870; x_wconf 79' lang='lat' dir='ltr'>manifesta</span> <span class='ocrx_word' id='word_1_152' title='bbox 479 1807 657 1878; x_wconf 79' lang='lat' dir='ltr'>proclamat3</span> <span class='ocrx_word' id='word_1_153' title='bbox 683 1805 748 1878; x_wconf 81' lang='lat' dir='ltr'>quis</span> <span class='ocrx_word' id='word_1_154' title='bbox 767 1805 810 1858; x_wconf 85' lang='lat' dir='ltr'>ite</span> <span class='ocrx_word' id='word_1_155' title='bbox 829 1794 970 1876; x_wconf 72' lang='lat' dir='ltr'>desipiat,</span> <span class='ocrx_word' id='word_1_156' title='bbox 998 1816 1031 1860; x_wconf 93' lang='lat' dir='ltr'>ut</span> 
     </span>
     <span class='ocr_line' id='line_1_20' title="bbox 12 1887 1030 1963; baseline 0 -19"><span class='ocrx_word' id='word_1_157' title='bbox 12 1887 93 1961; x_wconf 83' lang='lat' dir='ltr'>dieat,</span> <span class='ocrx_word' id='word_1_158' title='bbox 115 1888 174 1948; x_wconf 87' lang='lat' dir='ltr'>lam</span> <span class='ocrx_word' id='word_1_159' title='bbox 193 1909 277 1947; x_wconf 90' lang='lat' dir='ltr'>nune</span> <span class='ocrx_word' id='word_1_160' title='bbox 295 1905 465 1962; x_wconf 77' lang='lat' dir='ltr'><strong>peccemus,</strong></span> <span class='ocrx_word' id='word_1_161' title='bbox 498 1907 535 1944; x_wconf 87' lang='lat' dir='ltr'>ne</span> <span class='ocrx_word' id='word_1_162' title='bbox 552 1897 654 1963; x_wconf 83' lang='lat' dir='ltr'>postea</span> <span class='ocrx_word' id='word_1_163' title='bbox 672 1887 750 1942; x_wconf 81' lang='lat' dir='ltr'>forte</span> <span class='ocrx_word' id='word_1_164' title='bbox 774 1900 947 1960; x_wconf 80' lang='lat' dir='ltr'>peeeemus3</span> <span class='ocrx_word' id='word_1_165' title='bbox 974 1889 1030 1944; x_wconf 86' lang='lat' dir='ltr'>iam</span> 
     </span>
     <span class='ocr_line' id='line_1_21' title="bbox 11 1969 1066 2048; baseline 0 -20"><span class='ocrx_word' id='word_1_166' title='bbox 11 1989 80 2034; x_wconf 78' lang='lat' dir='ltr'>aaut</span> <span class='ocrx_word' id='word_1_167' title='bbox 95 1985 296 2048; x_wconf 76' lang='lat' dir='ltr'>perpetremus</span> <span class='ocrx_word' id='word_1_168' title='bbox 312 1970 503 2028; x_wconf 86' lang='lat' dir='ltr'>homicidium</span> <span class='ocrx_word' id='word_1_169' title='bbox 511 2001 524 2043; x_wconf 86' lang='lat'>,·</span> <span class='ocrx_word' id='word_1_170' title='bbox 550 1991 588 2028; x_wconf 90' lang='lat' dir='ltr'>ne</span> <span class='ocrx_word' id='word_1_171' title='bbox 607 1973 685 2028; x_wconf 86' lang='lat' dir='ltr'>forte</span> <span class='ocrx_word' id='word_1_172' title='bbox 699 1981 803 2046; x_wconf 79' lang='lat' dir='ltr'>postea</span> <span class='ocrx_word' id='word_1_173' title='bbox 816 1969 981 2026; x_wconf 81' lang='lat' dir='ltr'>inridemus</span> <span class='ocrx_word' id='word_1_174' title='bbox 999 1975 1030 2028; x_wconf 89' lang='lat' dir='ltr'>in</span> <span class='ocrx_word' id='word_1_175' title='bbox 1061 2037 1066 2046; x_wconf 34' lang='lat'><strong><em>¹</em></strong></span> 
     </span>
     <span class='ocr_line' id='line_1_22' title="bbox 11 2051 1029 2132; baseline -0.002 -20"><span class='ocrx_word' id='word_1_176' title='bbox 11 2051 190 2114; x_wconf 61' lang='lat' dir='ltr'>adulterium?</span> <span class='ocrx_word' id='word_1_177' title='bbox 215 2057 326 2114; x_wconf 85' lang='lat' dir='ltr'>Nonne</span> <span class='ocrx_word' id='word_1_178' title='bbox 340 2057 496 2112; x_wconf 86' lang='lat' dir='ltr'>sitantum</span> <span class='ocrx_word' id='word_1_179' title='bbox 510 2054 679 2112; x_wconf 81' lang='lat' dir='ltr'>dominatu-r</span> <span class='ocrx_word' id='word_1_180' title='bbox 692 2055 846 2132; x_wconf 86' lang='lat' dir='ltr'>iniqnitas,</span> <span class='ocrx_word' id='word_1_181' title='bbox 861 2063 969 2110; x_wconf 91' lang='lat' dir='ltr'>utnon</span> <span class='ocrx_word' id='word_1_182' title='bbox 984 2051 1029 2110; x_wconf 86' lang='lat' dir='ltr'>in-</span> 
     </span>
     <span class='ocr_line' id='line_1_23' title="bbox 11 2139 1031 2216; baseline -0.001 -21"><span class='ocrx_word' id='word_1_183' title='bbox 11 2141 145 2214; x_wconf 69' lang='lat' dir='ltr'>natantia,</span> <span class='ocrx_word' id='word_1_184' title='bbox 172 2141 225 2197; x_wconf 84' lang='lat' dir='ltr'>sed</span> <span class='ocrx_word' id='word_1_185' title='bbox 248 2141 349 2214; x_wconf 84' lang='lat' dir='ltr'>potius</span> <span class='ocrx_word' id='word_1_186' title='bbox 372 2139 494 2212; x_wconf 84' lang='lat' dir='ltr'>peecata</span> <span class='ocrx_word' id='word_1_187' title='bbox 508 2141 670 2216; x_wconf 79' lang='lat' dir='ltr'>eligantur,</span> <span class='ocrx_word' id='word_1_188' title='bbox 696 2141 789 2194; x_wconf 81' lang='lat' dir='ltr'>satius</span> <span class='ocrx_word' id='word_1_189' title='bbox 816 2146 862 2192; x_wconf 87' lang='lat' dir='ltr'>est</span> <span class='ocrx_word' id='word_1_190' title='bbox 884 2139 1031 2194; x_wconf 85' lang='lat' dir='ltr'>incertum</span> 
     </span>
     <span class='ocr_line' id='line_1_24' title="bbox 12 2218 1062 2297; baseline 0.002 -21"><span class='ocrx_word' id='word_1_191' title='bbox 12 2221 42 2276; x_wconf 89' lang='lat' dir='ltr'>de</span> <span class='ocrx_word' id='word_1_192' title='bbox 54 2221 147 2280; x_wconf 81' lang='lat' dir='ltr'>futuro</span> <span class='ocrx_word' id='word_1_193' title='bbox 161 2224 354 2293; x_wconf 80' lang='lat' dir='ltr'>adulterium,</span> <span class='ocrx_word' id='word_1_194' title='bbox 378 2240 464 2297; x_wconf 86' lang='lat' dir='ltr'>quam</span> <span class='ocrx_word' id='word_1_195' title='bbox 479 2232 592 2278; x_wconf 88' lang='lat' dir='ltr'>eertum</span> <span class='ocrx_word' id='word_1_196' title='bbox 606 2221 641 2277; x_wconf 90' lang='lat' dir='ltr'>de</span> <span class='ocrx_word' id='word_1_197' title='bbox 655 2223 806 2296; x_wconf 85' lang='lat' dir='ltr'>praesenti</span> <span class='ocrx_word' id='word_1_198' title='bbox 819 2218 1030 2278; x_wconf 60' lang='lat' dir='ltr'>homicidium?</span> <span class='ocrx_word' id='word_1_199' title='bbox 1054 2229 1062 2250; x_wconf 65' lang='lat'><strong>⁸</strong></span> 
     </span>
    </p>

    <p class='ocr_par' dir='ltr' id='par_1_8' title="bbox 12 2303 1109 2967">
     <span class='ocr_line' id='line_1_25' title="bbox 12 2303 1109 2386; baseline 0.003 -27"><span class='ocrx_word' id='word_1_200' title='bbox 12 2303 105 2360; x_wconf 84' lang='lat' dir='ltr'>Nonne</span> <span class='ocrx_word' id='word_1_201' title='bbox 118 2311 208 2365; x_wconf 81' lang='lat' dir='ltr'>ratius</span> <span class='ocrx_word' id='word_1_202' title='bbox 224 2316 271 2362; x_wconf 83' lang='lat' dir='ltr'>est</span> <span class='ocrx_word' id='word_1_203' title='bbox 284 2305 432 2386; x_wconf 74' lang='lat' dir='ltr'>flagitium</span> <span class='ocrx_word' id='word_1_204' title='bbox 455 2308 655 2376; x_wconf 75' lang='lat' dir='ltr'>committere,</span> <span class='ocrx_word' id='word_1_205' title='bbox 680 2303 759 2383; x_wconf 79' lang='lat' dir='ltr'>qdod</span> <span class='ocrx_word' id='word_1_206' title='bbox 780 2305 961 2380; x_wconf 84' lang='lat' dir='ltr'>poenitendo</span> <span class='ocrx_word' id='word_1_207' title='bbox 982 2325 1030 2362; x_wconf 86' lang='lat' dir='ltr'>sa·-</span> <span class='ocrx_word' id='word_1_208' title='bbox 1106 2351 1109 2368; x_wconf 58' lang='grc'>,,</span> 
     </span>
     <span class='ocr_line' id='line_1_26' title="bbox 16 2389 1030 2465; baseline 0.004 -23"><span class='ocrx_word' id='word_1_209' title='bbox 16 2397 108 2458; x_wconf 72' lang='lat' dir='ltr'>nem,</span> <span class='ocrx_word' id='word_1_210' title='bbox 130 2410 211 2465; x_wconf 83' lang='lat' dir='ltr'>quam</span> <span class='ocrx_word' id='word_1_211' title='bbox 231 2393 293 2446; x_wconf 88' lang='lat' dir='ltr'>tale</span> <span class='ocrx_word' id='word_1_212' title='bbox 312 2390 428 2446; x_wconf 80' lang='lat' dir='ltr'>facinus</span> <span class='ocrx_word' id='word_1_213' title='bbox 448 2389 498 2445; x_wconf 89' lang='lat' dir='ltr'>ubi</span> <span class='ocrx_word' id='word_1_214' title='bbox 515 2391 599 2446; x_wconf 85' lang='lat' dir='ltr'>loeus</span> <span class='ocrx_word' id='word_1_215' title='bbox 613 2390 739 2447; x_wconf 85' lang='lat' dir='ltr'>salubris</span> <span class='ocrx_word' id='word_1_216' title='bbox 752 2390 954 2462; x_wconf 84' lang='lat' dir='ltr'>poenitentiae</span> <span class='ocrx_word' id='word_1_217' title='bbox 969 2409 1030 2446; x_wconf 89' lang='lat' dir='ltr'>non</span> 
     </span>
     <span class='ocr_line' id='line_1_27' title="bbox 18 2471 1030 2548; baseline 0.002 -22"><span class='ocrx_word' id='word_1_218' title='bbox 18 2471 194 2544; x_wconf 74' lang='lat' dir='ltr'>relinquant</span> <span class='ocrx_word' id='word_1_219' title='bbox 221 2473 306 2530; x_wconf 85' lang='lat' dir='ltr'>llaee</span> <span class='ocrx_word' id='word_1_220' title='bbox 320 2471 384 2528; x_wconf 83' lang='lat' dir='ltr'>dixi</span> <span class='ocrx_word' id='word_1_221' title='bbox 398 2482 518 2548; x_wconf 89' lang='lat' dir='ltr'>propter</span> <span class='ocrx_word' id='word_1_222' title='bbox 532 2491 582 2528; x_wconf 88' lang='lat' dir='ltr'>eos</span> <span class='ocrx_word' id='word_1_223' title='bbox 596 2476 645 2530; x_wconf 84' lang='lat' dir='ltr'>vel</span> <span class='ocrx_word' id='word_1_224' title='bbox 658 2492 723 2545; x_wconf 86' lang='lat' dir='ltr'>eas,</span> <span class='ocrx_word' id='word_1_225' title='bbox 754 2491 828 2548; x_wconf 86' lang='lat' dir='ltr'>quae</span> <span class='ocrx_word' id='word_1_226' title='bbox 848 2490 916 2527; x_wconf 92' lang='lat' dir='ltr'>non·</span> <span class='ocrx_word' id='word_1_227' title='bbox 929 2474 1030 2543; x_wconf 88' lang='lat' dir='ltr'>alieni,</span> 
     </span>
     <span class='ocr_line' id='line_1_28' title="bbox 16 2553 1031 2632; baseline 0.004 -24"><span class='ocrx_word' id='word_1_228' title='bbox 16 2553 59 2608; x_wconf 82' lang='lat' dir='ltr'>aed</span> <span class='ocrx_word' id='word_1_229' title='bbox 67 2561 171 2630; x_wconf 85' lang='lat' dir='ltr'>proprii</span> <span class='ocrx_word' id='word_1_230' title='bbox 189 2559 307 2632; x_wconf 80' lang='lat' dir='ltr'>peceati</span> <span class='ocrx_word' id='word_1_231' title='bbox 326 2555 477 2613; x_wconf 84' lang='lat' dir='ltr'>devitandi</span> <span class='ocrx_word' id='word_1_232' title='bbox 500 2569 606 2628; x_wconf 85' lang='lat' dir='ltr'>eausa,</span> <span class='ocrx_word' id='word_1_233' title='bbox 633 2577 670 2613; x_wconf 94' lang='lat' dir='ltr'>ne</span> <span class='ocrx_word' id='word_1_234' title='bbox 684 2558 737 2613; x_wconf 81' lang='lat' dir='ltr'>sub</span> <span class='ocrx_word' id='word_1_235' title='bbox 761 2557 884 2612; x_wconf 91' lang='lat' dir='ltr'>alterius</span> <span class='ocrx_word' id='word_1_236' title='bbox 909 2555 1031 2612; x_wconf 90' lang='lat' dir='ltr'>libidine</span> 
     </span>
     <span class='ocr_line' id='line_1_29' title="bbox 12 2639 1029 2712; baseline 0.003 -20"><span class='ocrx_word' id='word_1_237' title='bbox 12 2639 88 2693; x_wconf 88' lang='lat' dir='ltr'>etiam</span> <span class='ocrx_word' id='word_1_238' title='bbox 107 2645 252 2698; x_wconf 77' lang='lat' dir='ltr'>excitatae</span> <span class='ocrx_word' id='word_1_239' title='bbox 282 2657 354 2696; x_wconf 85' lang='lat' dir='ltr'>suae</span> <span class='ocrx_word' id='word_1_240' title='bbox 373 2640 455 2695; x_wconf 82' lang='lat' dir='ltr'>forte</span> <span class='ocrx_word' id='word_1_241' title='bbox 475 2639 679 2711; x_wconf 75' lang='lat' dir='ltr'>consentiant,</span> <span class='ocrx_word' id='word_1_242' title='bbox 707 2641 768 2698; x_wconf 80' lang='lat' dir='ltr'>rim</span> <span class='ocrx_word' id='word_1_243' title='bbox 792 2640 864 2708; x_wconf 83' lang='lat' dir='ltr'>sibi,</span> <span class='ocrx_word' id='word_1_244' title='bbox 892 2655 949 2712; x_wconf 90' lang='lat' dir='ltr'>qua</span> <span class='ocrx_word' id='word_1_245' title='bbox 966 2659 1029 2696; x_wconf 87' lang='lat' dir='ltr'>mo·</span> 
     </span>
     <span class='ocr_line' id='line_1_30' title="bbox 13 2721 1030 2797; baseline 0.004 -21"><span class='ocrx_word' id='word_1_246' title='bbox 13 2723 125 2796; x_wconf 68' lang='lat' dir='ltr'>aanor,</span> <span class='ocrx_word' id='word_1_247' title='bbox 139 2723 328 2781; x_wconf 87' lang='lat' dir='ltr'>inferendam</span> <span class='ocrx_word' id='word_1_248' title='bbox 341 2732 455 2797; x_wconf 85' lang='lat' dir='ltr'>patant.</span> <span class='ocrx_word' id='word_1_249' title='bbox 491 2722 646 2780; x_wconf 86' lang='lat' dir='ltr'>Caeterum</span> <span class='ocrx_word' id='word_1_250' title='bbox 660 2725 764 2780; x_wconf 85' lang='lat' dir='ltr'>absita</span> <span class='ocrx_word' id='word_1_251' title='bbox 777 2731 875 2780; x_wconf 85' lang='lat' dir='ltr'>mente</span> <span class='ocrx_word' id='word_1_252' title='bbox 888 2721 1030 2780; x_wconf 84' lang='lat' dir='ltr'>Christia-</span> 
     </span>
     <span class='ocr_line' id='line_1_31' title="bbox 12 2801 1029 2884; baseline 0.003 -24"><span class='ocrx_word' id='word_1_253' title='bbox 12 2823 43 2861; x_wconf 88' lang='lat' dir='ltr'>m</span> <span class='ocrx_word' id='word_1_254' title='bbox 55 2822 125 2880; x_wconf 84' lang='lat' dir='ltr'>quae</span> <span class='ocrx_word' id='word_1_255' title='bbox 136 2801 207 2864; x_wconf 59' lang='lat' dir='ltr'>Deo⁸</span> <span class='ocrx_word' id='word_1_256' title='bbox 217 2826 272 2864; x_wconf 85' lang='lat' dir='ltr'>suo</span> <span class='ocrx_word' id='word_1_257' title='bbox 287 2806 367 2879; x_wconf 84' lang='lat' dir='ltr'>fidit,</span> <span class='ocrx_word' id='word_1_258' title='bbox 389 2809 422 2863; x_wconf 94' lang='lat' dir='ltr'>in</span> <span class='ocrx_word' id='word_1_259' title='bbox 435 2825 529 2884; x_wconf 88' lang='lat' dir='ltr'>eoque</span> <span class='ocrx_word' id='word_1_260' title='bbox 543 2826 593 2880; x_wconf 77' lang='lat' dir='ltr'>ape</span> <span class='ocrx_word' id='word_1_261' title='bbox 607 2809 704 2881; x_wconf 89' lang='lat' dir='ltr'>posita</span> <span class='ocrx_word' id='word_1_262' title='bbox 717 2809 782 2864; x_wconf 80' lang='lat' dir='ltr'>eins</span> <span class='ocrx_word' id='word_1_263' title='bbox 796 2805 946 2862; x_wconf 87' lang='lat' dir='ltr'>adiutorio</span> <span class='ocrx_word' id='word_1_264' title='bbox 959 2809 1029 2863; x_wconf 90' lang='lat' dir='ltr'>niti-</span> 
     </span>
     <span class='ocr_line' id='line_1_32' title="bbox 13 2891 1028 2967; baseline 0.002 -23"><span class='ocrx_word' id='word_1_265' title='bbox 13 2899 67 2956; x_wconf 74' lang='lat' dir='ltr'>tnr3</span> <span class='ocrx_word' id='word_1_266' title='bbox 88 2892 179 2962; x_wconf 80' lang='lat' dir='ltr'>absit,</span> <span class='ocrx_word' id='word_1_267' title='bbox 206 2893 343 2967; x_wconf 87' lang='lat' dir='ltr'>inquam,</span> <span class='ocrx_word' id='word_1_268' title='bbox 370 2901 405 2946; x_wconf 90' lang='lat' dir='ltr'>ut</span> <span class='ocrx_word' id='word_1_269' title='bbox 416 2909 498 2950; x_wconf 87' lang='lat' dir='ltr'>mens</span> <span class='ocrx_word' id='word_1_270' title='bbox 513 2892 579 2946; x_wconf 84' lang='lat' dir='ltr'>talis</span> <span class='ocrx_word' id='word_1_271' title='bbox 604 2893 762 2948; x_wconf 80' lang='lat' dir='ltr'>cuiuslibet</span> <span class='ocrx_word' id='word_1_272' title='bbox 780 2891 878 2946; x_wconf 84' lang='lat' dir='ltr'>earnis</span> <span class='ocrx_word' id='word_1_273' title='bbox 893 2892 1028 2966; x_wconf 73' lang='lat' dir='ltr'>rolnpta-</span> 
     </span>
    </p>
   </div>
   <div class='ocr_carea' id='block_1_8' title="bbox 14 2972 1160 3048">
    <p class='ocr_par' dir='ltr' id='par_1_9' title="bbox 14 2972 1160 3048">
     <span class='ocr_line' id='line_1_33' title="bbox 14 2972 1160 3048; baseline 0.003 -23"><span class='ocrx_word' id='word_1_274' title='bbox 14 2972 78 3029; x_wconf 83' lang='lat' dir='ltr'>tibur</span> <span class='ocrx_word' id='word_1_275' title='bbox 90 2974 126 3030; x_wconf 85' lang='lat' dir='ltr'>ad</span> <span class='ocrx_word' id='word_1_276' title='bbox 139 2992 320 3031; x_wconf 88' lang='lat' dir='ltr'>eonsensum</span> <span class='ocrx_word' id='word_1_277' title='bbox 333 2974 525 3048; x_wconf 78' lang='lat' dir='ltr'>turpitudinis</span> <span class='ocrx_word' id='word_1_278' title='bbox 549 2974 641 3029; x_wconf 88' lang='lat' dir='ltr'>cedat.</span> <span class='ocrx_word' id='word_1_279' title='bbox 686 2973 771 3041; x_wconf 76' lang='lat' dir='ltr'>Quod</span> <span class='ocrx_word' id='word_1_280' title='bbox 796 2976 822 3029; x_wconf 86' lang='lat' dir='ltr'>si</span> <span class='ocrx_word' id='word_1_281' title='bbox 846 2975 896 3028; x_wconf 89' lang='lat' dir='ltr'>illa</span> <span class='ocrx_word' id='word_1_282' title='bbox 918 2993 1029 3029; x_wconf 87' lang='lat' dir='ltr'>conen·</span> <span class='ocrx_word' id='word_1_283' title='bbox 1119 3005 1120 3010; x_wconf 23' lang='grc' dir='ltr'>ι</span> <span class='ocrx_word' id='word_1_284' title='bbox 1159 2985 1160 2990; x_wconf 77' lang='grc'>’</span> 
     </span>
    </p>
   </div>
   <div class='ocr_carea' id='block_1_9' title="bbox 14 3053 1113 3384">
    <p class='ocr_par' dir='ltr' id='par_1_10' title="bbox 14 3053 1110 3220">
     <span class='ocr_line' id='line_1_34' title="bbox 14 3053 1110 3133; baseline -0.001 -23"><span class='ocrx_word' id='word_1_285' title='bbox 14 3058 179 3126; x_wconf 73' lang='lat' dir='ltr'>potentialis</span> <span class='ocrx_word' id='word_1_286' title='bbox 198 3057 415 3128; x_wconf 82' lang='lat' dir='ltr'>inobedientia,</span> <span class='ocrx_word' id='word_1_287' title='bbox 444 3075 518 3133; x_wconf 86' lang='lat' dir='ltr'>qnae</span> <span class='ocrx_word' id='word_1_288' title='bbox 536 3057 631 3114; x_wconf 87' lang='lat' dir='ltr'>adbuc</span> <span class='ocrx_word' id='word_1_289' title='bbox 649 3059 680 3114; x_wconf 89' lang='lat' dir='ltr'>in</span> <span class='ocrx_word' id='word_1_290' title='bbox 694 3053 831 3114; x_wconf 86' lang='lat' dir='ltr'>membris</span> <span class='ocrx_word' id='word_1_291' title='bbox 845 3055 1029 3112; x_wconf 79' lang='lat' dir='ltr'>moribundis</span> <span class='ocrx_word' id='word_1_292' title='bbox 1105 3099 1110 3109; x_wconf 90' lang='grc'><strong><em>,</em></strong></span> 
     </span>
     <span class='ocr_line' id='line_1_35' title="bbox 15 3135 1067 3220; baseline 0 -26"><span class='ocrx_word' id='word_1_293' title='bbox 15 3135 125 3213; x_wconf 81' lang='lat' dir='ltr'>habitat,</span> <span class='ocrx_word' id='word_1_294' title='bbox 150 3150 270 3215; x_wconf 86' lang='lat' dir='ltr'>praeter</span> <span class='ocrx_word' id='word_1_295' title='bbox 284 3151 403 3197; x_wconf 88' lang='lat' dir='ltr'>nostrae</span> <span class='ocrx_word' id='word_1_296' title='bbox 422 3142 583 3198; x_wconf 90' lang='lat' dir='ltr'>voluntatis</span> <span class='ocrx_word' id='word_1_297' title='bbox 596 3144 692 3220; x_wconf 80' lang='lat' dir='ltr'>legem</span> <span class='ocrx_word' id='word_1_298' title='bbox 710 3143 795 3218; x_wconf 88' lang='lat' dir='ltr'>quasi</span> <span class='ocrx_word' id='word_1_299' title='bbox 812 3142 879 3218; x_wconf 85' lang='lat' dir='ltr'>lege</span> <span class='ocrx_word' id='word_1_300' title='bbox 899 3159 953 3195; x_wconf 87' lang='lat' dir='ltr'>sua</span> <span class='ocrx_word' id='word_1_301' title='bbox 966 3158 1028 3194; x_wconf 87' lang='lat' dir='ltr'>mo·</span> <span class='ocrx_word' id='word_1_302' title='bbox 1066 3179 1067 3184; x_wconf 66' lang='lat'>,</span> 
     </span>
    </p>

    <p class='ocr_par' dir='ltr' id='par_1_11' title="bbox 17 3215 1113 3384">
     <span class='ocr_line' id='line_1_36' title="bbox 17 3215 1113 3301; baseline -0.001 -22"><span class='ocrx_word' id='word_1_303' title='bbox 17 3233 100 3282; x_wconf 76' lang='lat' dir='ltr'>vaur:</span> <span class='ocrx_word' id='word_1_304' title='bbox 123 3234 237 3300; x_wconf 86' lang='lat' dir='ltr'>quanto</span> <span class='ocrx_word' id='word_1_305' title='bbox 251 3227 344 3301; x_wconf 81' lang='lat' dir='ltr'>magis</span> <span class='ocrx_word' id='word_1_306' title='bbox 357 3215 468 3299; x_wconf 88' lang='lat' dir='ltr'>absque</span> <span class='ocrx_word' id='word_1_307' title='bbox 482 3217 567 3298; x_wconf 89' lang='lat' dir='ltr'>eulpa</span> <span class='ocrx_word' id='word_1_308' title='bbox 583 3235 627 3281; x_wconf 88' lang='lat' dir='ltr'>est</span> <span class='ocrx_word' id='word_1_309' title='bbox 639 3227 671 3280; x_wconf 90' lang='lat' dir='ltr'>in</span> <span class='ocrx_word' id='word_1_310' title='bbox 684 3243 807 3298; x_wconf 88' lang='lat' dir='ltr'>corpore</span> <span class='ocrx_word' id='word_1_311' title='bbox 822 3243 883 3280; x_wconf 92' lang='lat' dir='ltr'>non</span> <span class='ocrx_word' id='word_1_312' title='bbox 903 3241 1054 3294; x_wconf 53' lang='lat' dir='ltr'>oensem„</span> <span class='ocrx_word' id='word_1_313' title='bbox 1108 3231 1113 3242; x_wconf 82' lang='grc'><em>’</em></span> 
     </span>
     <span class='ocr_line' id='line_1_37' title="bbox 18 3303 882 3384; baseline 0.002 -24"><span class='ocrx_word' id='word_1_314' title='bbox 18 3306 114 3383; x_wconf 75' lang='lat' dir='ltr'>damn,</span> <span class='ocrx_word' id='word_1_315' title='bbox 137 3309 165 3366; x_wconf 75' lang='lat' dir='ltr'>ai</span> <span class='ocrx_word' id='word_1_316' title='bbox 178 3309 290 3384; x_wconf 80' lang='lat' dir='ltr'>absque</span> <span class='ocrx_word' id='word_1_317' title='bbox 308 3310 392 3382; x_wconf 88' lang='lat' dir='ltr'>eulpa</span> <span class='ocrx_word' id='word_1_318' title='bbox 412 3317 457 3363; x_wconf 87' lang='lat' dir='ltr'>est</span> <span class='ocrx_word' id='word_1_319' title='bbox 470 3311 501 3364; x_wconf 89' lang='lat' dir='ltr'>in</span> <span class='ocrx_word' id='word_1_320' title='bbox 517 3327 640 3384; x_wconf 82' lang='lat' dir='ltr'>corpore</span> <span class='ocrx_word' id='word_1_321' title='bbox 655 3303 846 3366; x_wconf 69' lang='lat' dir='ltr'>dormientis?</span> <span class='ocrx_word' id='word_1_322' title='bbox 879 3307 882 3318; x_wconf 69' lang='lat'><em>⁴</em></span> 
     </span>
    </p>
   </div>
   <div class='ocr_carea' id='block_1_10' title="bbox 17 3523 1071 3939">
    <p class='ocr_par' dir='ltr' id='par_1_12' title="bbox 17 3523 1071 3939">
     <span class='ocr_line' id='line_1_38' title="bbox 17 3523 1029 3612; baseline 0.007 -28"><span class='ocrx_word' id='word_1_323' title='bbox 17 3531 92 3588; x_wconf 78' lang='lat' dir='ltr'>Delia</span> <span class='ocrx_word' id='word_1_324' title='bbox 101 3555 168 3607; x_wconf 81' lang='lat' dir='ltr'>puae</span> <span class='ocrx_word' id='word_1_325' title='bbox 178 3538 248 3607; x_wconf 79' lang='lat' dir='ltr'>fieri</span> <span class='ocrx_word' id='word_1_326' title='bbox 261 3523 416 3603; x_wconf 72' lang='lat' dir='ltr'>nonliceat,</span> <span class='ocrx_word' id='word_1_327' title='bbox 435 3556 494 3592; x_wconf 82' lang='lat' dir='ltr'>eam</span> <span class='ocrx_word' id='word_1_328' title='bbox 505 3558 522 3592; x_wconf 85' lang='lat' dir='ltr'>a</span> <span class='ocrx_word' id='word_1_329' title='bbox 536 3541 637 3594; x_wconf 76' lang='lat' dir='ltr'>sanetis</span> <span class='ocrx_word' id='word_1_330' title='bbox 645 3542 736 3612; x_wconf 41' lang='lat' dir='ltr'>facta,</span> <span class='ocrx_word' id='word_1_331' title='bbox 745 3545 904 3599; x_wconf 72' lang='lat' dir='ltr'>noscuntur,</span> <span class='ocrx_word' id='word_1_332' title='bbox 923 3553 976 3606; x_wconf 83' lang='lat' dir='ltr'>pua</span> <span class='ocrx_word' id='word_1_333' title='bbox 986 3556 1029 3592; x_wconf 84' lang='lat' dir='ltr'>ra-</span> 
     </span>
     <span class='ocr_line' id='line_1_39' title="bbox 327 3608 698 3681; baseline 0.011 -23"><span class='ocrx_word' id='word_1_334' title='bbox 327 3608 396 3662; x_wconf 85' lang='lat' dir='ltr'>tione</span> <span class='ocrx_word' id='word_1_335' title='bbox 401 3610 484 3681; x_wconf 84' lang='lat' dir='ltr'>factu</span> <span class='ocrx_word' id='word_1_336' title='bbox 494 3611 623 3672; x_wconf 79' lang='lat' dir='ltr'>eredendo</span> <span class='ocrx_word' id='word_1_337' title='bbox 633 3613 698 3664; x_wconf 83' lang='lat' dir='ltr'>aiat.</span> 
     </span>
     <span class='ocr_line' id='line_1_40' title="bbox 66 3693 1030 3773; baseline 0.006 -24"><span class='ocrx_word' id='word_1_338' title='bbox 66 3693 119 3766; x_wconf 69' lang='lat' dir='ltr'>Sed</span> <span class='ocrx_word' id='word_1_339' title='bbox 130 3695 302 3772; x_wconf 57' lang='lat' dir='ltr'>quamam,¹</span> <span class='ocrx_word' id='word_1_340' title='bbox 313 3699 466 3772; x_wconf 86' lang='lat' dir='ltr'>inquiunt,</span> <span class='ocrx_word' id='word_1_341' title='bbox 494 3710 614 3758; x_wconf 84' lang='lat' dir='ltr'>sanetae</span> <span class='ocrx_word' id='word_1_342' title='bbox 628 3699 761 3771; x_wconf 20' lang='lat' dir='ltr'>‘feminae</span> <span class='ocrx_word' id='word_1_343' title='bbox 779 3699 913 3768; x_wconf 83' lang='lat' dir='ltr'>tempore</span> <span class='ocrx_word' id='word_1_344' title='bbox 928 3715 1030 3773; x_wconf 72' lang='lat' dir='ltr'>perse3</span> 
     </span>
     <span class='ocr_line' id='line_1_41' title="bbox 24 3777 1071 3858; baseline 0.01 -32"><span class='ocrx_word' id='word_1_345' title='bbox 24 3777 140 3849; x_wconf 77' lang='lat' dir='ltr'>tationis,</span> <span class='ocrx_word' id='word_1_346' title='bbox 167 3788 203 3833; x_wconf 89' lang='lat' dir='ltr'>nt</span> <span class='ocrx_word' id='word_1_347' title='bbox 217 3779 406 3838; x_wconf 83' lang='lat' dir='ltr'>inseetatores</span> <span class='ocrx_word' id='word_1_348' title='bbox 421 3784 665 3858; x_wconf 84' lang='lat' dir='ltr'>snae-pudicitiae</span> <span class='ocrx_word' id='word_1_349' title='bbox 678 3779 854 3847; x_wconf 85' lang='lat' dir='ltr'>devitarent,</span> <span class='ocrx_word' id='word_1_350' title='bbox 882 3781 914 3836; x_wconf 91' lang='lat' dir='ltr'>in</span> <span class='ocrx_word' id='word_1_351' title='bbox 927 3792 1029 3856; x_wconf 88' lang='lat' dir='ltr'>raptu·</span> <span class='ocrx_word' id='word_1_352' title='bbox 1066 3843 1071 3852; x_wconf 43' lang='grc'>,</span> 
     </span>
     <span class='ocr_line' id='line_1_42' title="bbox 28 3863 1044 3939; baseline 0.004 -27"><span class='ocrx_word' id='word_1_353' title='bbox 28 3867 168 3936; x_wconf 72' lang='lat' dir='ltr'>nnatque</span> <span class='ocrx_word' id='word_1_354' title='bbox 193 3872 363 3920; x_wconf 80' lang='lat' dir='ltr'>necaturum</span> <span class='ocrx_word' id='word_1_355' title='bbox 383 3885 414 3936; x_wconf 76' lang='lat' dir='ltr'>se</span> <span class='ocrx_word' id='word_1_356' title='bbox 440 3865 564 3938; x_wconf 85' lang='lat' dir='ltr'>fluvium</span> <span class='ocrx_word' id='word_1_357' title='bbox 581 3865 795 3939; x_wconf 78' lang='lat' dir='ltr'>proiecerunt;</span> <span class='ocrx_word' id='word_1_358' title='bbox 823 3879 918 3938; x_wconf 88' lang='lat' dir='ltr'>eoque</span> <span class='ocrx_word' id='word_1_359' title='bbox 941 3863 1044 3920; x_wconf 66' lang='lat' dir='ltr'>modo⁴</span> 
     </span>
    </p>
   </div>
   <div class='ocr_carea' id='block_1_11' title="bbox 0 0 1188 4312">
    <p class='ocr_par' dir='ltr' id='par_1_13' title="bbox 0 0 1188 4312">
     <span class='ocr_line' id='line_1_43' title="bbox 0 0 1188 4312; baseline 0 0"><span class='ocrx_word' id='word_1_360' title='bbox 0 0 1188 4312; x_wconf 95' lang='lat' dir='ltr'> </span> 
     </span>
    </p>
   </div>
  </div>
 </body>
</html>
