<?xml version="1.0" encoding="UTF-8"?>
<!DOCTYPE html PUBLIC "-//W3C//DTD XHTML 1.0 Transitional//EN"
    "http://www.w3.org/TR/xhtml1/DTD/xhtml1-transitional.dtd">
<html xmlns="http://www.w3.org/1999/xhtml" xml:lang="en" lang="en">
 <head>
  <title>
</title>
<meta http-equiv="Content-Type" content="text/html;charset=utf-8" />
  <meta name='ocr-system' content='tesseract 3.04.00' />
  <meta name='ocr-capabilities' content='ocr_page ocr_carea ocr_par ocr_line ocrx_word'/>
</head>
<body>
  <div class='ocr_page' id='page_1' title='image "./saureliiaugusti00augugoog_0602.png"; bbox 0 0 2310 4306; ppageno 0'>
   <div class='ocr_carea' id='block_1_1' title="bbox 169 187 987 259">
    <p class='ocr_par' dir='ltr' id='par_1_1' title="bbox 169 187 987 259">
     <span class='ocr_line' id='line_1_1' title="bbox 169 187 987 259; baseline -0.007 -1"><span class='ocrx_word' id='word_1_1' title='bbox 169 205 226 259; x_wconf 83' lang='lat'>192</span> <span class='ocrx_word' id='word_1_2' title='bbox 388 187 488 256; x_wconf 83' lang='lat' dir='ltr'>Dlvt</span> <span class='ocrx_word' id='word_1_3' title='bbox 513 196 704 256; x_wconf 81' lang='lat' dir='ltr'><strong>AVRELH</strong></span> <span class='ocrx_word' id='word_1_4' title='bbox 729 194 987 255; x_wconf 75' lang='lat' dir='ltr'>AvasTlul</span> 
     </span>
    </p>
   </div>
   <div class='ocr_carea' id='block_1_2' title="bbox 168 348 1123 596">
    <p class='ocr_par' dir='ltr' id='par_1_2' title="bbox 168 348 1123 596">
     <span class='ocr_line' id='line_1_2' title="bbox 171 348 1123 426; baseline -0.005 -19"><span class='ocrx_word' id='word_1_5' title='bbox 171 363 201 408; x_wconf 88' lang='lat' dir='ltr'>et</span> <span class='ocrx_word' id='word_1_6' title='bbox 211 351 339 426; x_wconf 79' lang='lat' dir='ltr'>Assyriis</span> <span class='ocrx_word' id='word_1_7' title='bbox 351 348 667 422; x_wconf 82' lang='lat' dir='ltr'>imperabat,-relaxata</span> <span class='ocrx_word' id='word_1_8' title='bbox 680 351 834 424; x_wconf 85' lang='lat' dir='ltr'>aliquanta</span> <span class='ocrx_word' id='word_1_9' title='bbox 845 349 1008 422; x_wconf 76' lang='lat' dir='ltr'>captivitate</span> <span class='ocrx_word' id='word_1_10' title='bbox 1018 348 1123 408; x_wconf 76' lang='lat' dir='ltr'>iudaeam</span> 
     </span>
     <span class='ocr_line' id='line_1_3' title="bbox 168 430 1123 510; baseline -0.008 -19"><span class='ocrx_word' id='word_1_11' title='bbox 168 437 382 510; x_wconf 77' lang='lat' dir='ltr'>quinquaginta</span> <span class='ocrx_word' id='word_1_12' title='bbox 395 432 487 488; x_wconf 91' lang='lat' dir='ltr'>millia</span> <span class='ocrx_word' id='word_1_13' title='bbox 499 430 649 488; x_wconf 80' lang='lat' dir='ltr'>hominum</span> <span class='ocrx_word' id='word_1_14' title='bbox 665 441 705 488; x_wconf 86' lang='lat' dir='ltr'>&#39;ex</span> <span class='ocrx_word' id='word_1_15' title='bbox 718 435 761 487; x_wconf 88' lang='lat' dir='ltr'>eis</span> <span class='ocrx_word' id='word_1_16' title='bbox 775 431 812 488; x_wconf 93' lang='lat' dir='ltr'>ad</span> <span class='ocrx_word' id='word_1_17' title='bbox 835 431 1047 490; x_wconf 88' lang='lat' dir='ltr'>instaurandum</span> <span class='ocrx_word' id='word_1_18' title='bbox 1057 431 1123 502; x_wconf 84' lang='lat' dir='ltr'>tempi</span> 
     </span>
     <span class='ocr_line' id='line_1_4' title="bbox 168 513 1116 596; baseline -0.008 -23"><span class='ocrx_word' id='word_1_19' title='bbox 168 516 290 596; x_wconf 77' lang='lat' dir='ltr'>regredi</span> <span class='ocrx_word' id='word_1_20' title='bbox 302 517 381 582; x_wconf 85' lang='lat' dir='ltr'>feeit.</span> <span class='ocrx_word' id='word_1_21' title='bbox 410 515 433 570; x_wconf 87' lang='grc' dir='ltr'>Α</span> <span class='ocrx_word' id='word_1_22' title='bbox 456 516 561 589; x_wconf 89' lang='lat' dir='ltr'>quibus</span> <span class='ocrx_word' id='word_1_23' title='bbox 575 524 689 570; x_wconf 85' lang='lat' dir='ltr'>tantum</span> <span class='ocrx_word' id='word_1_24' title='bbox 702 516 796 588; x_wconf 86' lang='lat' dir='ltr'>prima</span> <span class='ocrx_word' id='word_1_25' title='bbox 810 523 916 586; x_wconf 86' lang='lat' dir='ltr'>coepta</span> <span class='ocrx_word' id='word_1_26' title='bbox 929 513 1088 581; x_wconf 79' lang='lat' dir='ltr'>fundamina,</span> <span class='ocrx_word' id='word_1_27' title='bbox 1098 519 1116 566; x_wconf 88' lang='lat' dir='ltr'>ct</span> 
     </span>
    </p>
   </div>
   <div class='ocr_carea' id='block_1_3' title="bbox 82 593 1123 666">
    <p class='ocr_par' dir='ltr' id='par_1_3' title="bbox 82 593 1123 666">
     <span class='ocr_line' id='line_1_5' title="bbox 82 593 1123 666; baseline -0.008 -11"><span class='ocrx_word' id='word_1_28' title='bbox 82 599 84 602; x_wconf 73' lang='grc'><strong>’</strong></span> <span class='ocrx_word' id='word_1_29' title='bbox 107 659 109 664; x_wconf 67' lang='lat'>,</span> <span class='ocrx_word' id='word_1_30' title='bbox 169 609 233 654; x_wconf 85' lang='lat' dir='ltr'>tare</span> <span class='ocrx_word' id='word_1_31' title='bbox 247 607 450 654; x_wconf 87' lang='lat' dir='ltr'>constructum</span> <span class='ocrx_word' id='word_1_32' title='bbox 468 607 522 652; x_wconf 86' lang='lat' dir='ltr'>est.</span> <span class='ocrx_word' id='word_1_33' title='bbox 556 596 777 656; x_wconf 81' lang='lat' dir='ltr'>Incursautibus</span> <span class='ocrx_word' id='word_1_34' title='bbox 802 604 903 650; x_wconf 88' lang='lat' dir='ltr'>autem</span> <span class='ocrx_word' id='word_1_35' title='bbox 925 593 1123 666; x_wconf 80' lang='lat' dir='ltr'>hostibus,neq1</span> 
     </span>
    </p>
   </div>
   <div class='ocr_carea' id='block_1_4' title="bbox 168 678 1123 837">
    <p class='ocr_par' dir='ltr' id='par_1_4' title="bbox 168 678 1123 837">
     <span class='ocr_line' id='line_1_6' title="bbox 168 678 1123 757; baseline -0.007 -22"><span class='ocrx_word' id='word_1_36' title='bbox 168 695 255 755; x_wconf 86' lang='lat' dir='ltr'>quam</span> <span class='ocrx_word' id='word_1_37' title='bbox 268 680 407 757; x_wconf 83' lang='lat' dir='ltr'>progredi</span> <span class='ocrx_word' id='word_1_38' title='bbox 420 679 599 736; x_wconf 86' lang='lat' dir='ltr'>aedificando</span> <span class='ocrx_word' id='word_1_39' title='bbox 612 680 785 747; x_wconf 85' lang='lat' dir='ltr'>valuerunt,</span> <span class='ocrx_word' id='word_1_40' title='bbox 803 678 993 752; x_wconf 86' lang='lat' dir='ltr'>dilatumque</span> <span class='ocrx_word' id='word_1_41' title='bbox 1007 695 1071 750; x_wconf 87' lang='lat' dir='ltr'>opus</span> <span class='ocrx_word' id='word_1_42' title='bbox 1085 685 1123 728; x_wconf 59' lang='lat' dir='ltr'>cst*</span> 
     </span>
     <span class='ocr_line' id='line_1_7' title="bbox 168 759 1123 837; baseline -0.008 -18"><span class='ocrx_word' id='word_1_43' title='bbox 168 781 225 837; x_wconf 86' lang='lat' dir='ltr'>que</span> <span class='ocrx_word' id='word_1_44' title='bbox 239 764 275 818; x_wconf 86' lang='lat' dir='ltr'>ad</span> <span class='ocrx_word' id='word_1_45' title='bbox 290 763 422 818; x_wconf 88' lang='lat' dir='ltr'>Darium.</span> <span class='ocrx_word' id='word_1_46' title='bbox 459 761 515 816; x_wconf 89' lang='lat' dir='ltr'>Per</span> <span class='ocrx_word' id='word_1_47' title='bbox 534 762 620 817; x_wconf 86' lang='lat' dir='ltr'>idem·</span> <span class='ocrx_word' id='word_1_48' title='bbox 629 771 744 833; x_wconf 87' lang='lat' dir='ltr'>tempus</span> <span class='ocrx_word' id='word_1_49' title='bbox 760 762 848 816; x_wconf 84' lang='lat' dir='ltr'>ctiam</span> <span class='ocrx_word' id='word_1_50' title='bbox 859 759 915 814; x_wconf 63' lang='lat' dir='ltr'>‘illa</span> <span class='ocrx_word' id='word_1_51' title='bbox 928 770 996 816; x_wconf 87' lang='lat' dir='ltr'>sunt</span> <span class='ocrx_word' id='word_1_52' title='bbox 1008 768 1091 835; x_wconf 85' lang='lat' dir='ltr'>gesta,</span> <span class='ocrx_word' id='word_1_53' title='bbox 1110 775 1123 830; x_wconf 84' lang='lat' dir='ltr'>q</span> 
     </span>
    </p>
   </div>
   <div class='ocr_carea' id='block_1_5' title="bbox 82 838 1123 917">
    <p class='ocr_par' dir='ltr' id='par_1_5' title="bbox 82 838 1123 917">
     <span class='ocr_line' id='line_1_8' title="bbox 82 838 1123 917; baseline -0.006 -16"><span class='ocrx_word' id='word_1_54' title='bbox 82 911 83 914; x_wconf 8' lang='grc' dir='ltr'><strong>Ἴ</strong></span> <span class='ocrx_word' id='word_1_55' title='bbox 170 847 336 917; x_wconf 86' lang='lat' dir='ltr'>conscripta</span> <span class='ocrx_word' id='word_1_56' title='bbox 351 852 420 899; x_wconf 89' lang='lat' dir='ltr'>sunt</span> <span class='ocrx_word' id='word_1_57' title='bbox 433 844 465 898; x_wconf 90' lang='lat' dir='ltr'>in</span> <span class='ocrx_word' id='word_1_58' title='bbox 479 842 554 898; x_wconf 91' lang='lat' dir='ltr'>libro</span> <span class='ocrx_word' id='word_1_59' title='bbox 568 841 686 898; x_wconf 75' lang='lat' dir='ltr'>ludiehz.</span> <span class='ocrx_word' id='word_1_60' title='bbox 707 860 795 916; x_wconf 87' lang='lat' dir='ltr'>quem</span> <span class='ocrx_word' id='word_1_61' title='bbox 814 860 887 898; x_wconf 91' lang='lat' dir='ltr'>sane</span> <span class='ocrx_word' id='word_1_62' title='bbox 905 844 939 896; x_wconf 90' lang='lat' dir='ltr'>in</span> <span class='ocrx_word' id='word_1_63' title='bbox 952 860 1059 898; x_wconf 88' lang='lat' dir='ltr'>canone</span> <span class='ocrx_word' id='word_1_64' title='bbox 1070 838 1123 912; x_wconf 72' lang='lat' dir='ltr'>seq</span> 
     </span>
    </p>
   </div>
   <div class='ocr_carea' id='block_1_6' title="bbox 131 919 1123 1724">
    <p class='ocr_par' dir='ltr' id='par_1_6' title="bbox 131 919 1123 1724">
     <span class='ocr_line' id='line_1_9' title="bbox 169 919 1123 1000; baseline -0.006 -19"><span class='ocrx_word' id='word_1_65' title='bbox 169 945 269 982; x_wconf 85' lang='lat' dir='ltr'>rurum</span> <span class='ocrx_word' id='word_1_66' title='bbox 280 925 381 980; x_wconf 88' lang='lat' dir='ltr'>ludaei</span> <span class='ocrx_word' id='word_1_67' title='bbox 396 943 456 980; x_wconf 88' lang='lat' dir='ltr'>non</span> <span class='ocrx_word' id='word_1_68' title='bbox 469 928 616 998; x_wconf 72' lang='lat' dir='ltr'>recepisse</span> <span class='ocrx_word' id='word_1_69' title='bbox 628 924 773 980; x_wconf 91' lang='lat' dir='ltr'>dicuntur.</span> <span class='ocrx_word' id='word_1_70' title='bbox 787 922 849 980; x_wconf 83' lang='lat' dir='ltr'>Sub</span> <span class='ocrx_word' id='word_1_71' title='bbox 864 923 958 979; x_wconf 88' lang='lat' dir='ltr'>Dario</span> <span class='ocrx_word' id='word_1_72' title='bbox 973 943 1041 1000; x_wconf 80' lang='lat' dir='ltr'>crgo</span> <span class='ocrx_word' id='word_1_73' title='bbox 1052 919 1123 998; x_wconf 76' lang='lat' dir='ltr'>regei</span> 
     </span>
     <span class='ocr_line' id='line_1_10' title="bbox 170 1005 1123 1083; baseline -0.004 -21"><span class='ocrx_word' id='word_1_74' title='bbox 170 1026 269 1062; x_wconf 86' lang='lat' dir='ltr'>surum</span> <span class='ocrx_word' id='word_1_75' title='bbox 282 1008 408 1078; x_wconf 85' lang='lat' dir='ltr'>impletis</span> <span class='ocrx_word' id='word_1_76' title='bbox 423 1009 610 1083; x_wconf 79' lang='lat' dir='ltr'>septuaginta</span> <span class='ocrx_word' id='word_1_77' title='bbox 620 1009 717 1076; x_wconf 86' lang='lat' dir='ltr'>annis,</span> <span class='ocrx_word' id='word_1_78' title='bbox 732 1024 803 1079; x_wconf 93' lang='lat' dir='ltr'>quos</span> <span class='ocrx_word' id='word_1_79' title='bbox 818 1005 958 1062; x_wconf 80' lang='lat' dir='ltr'>Ieremias</span> <span class='ocrx_word' id='word_1_80' title='bbox 969 1005 1099 1080; x_wconf 86' lang='lat' dir='ltr'>Propheta</span> <span class='ocrx_word' id='word_1_81' title='bbox 1107 1021 1123 1077; x_wconf 79' lang='lat' dir='ltr'>pt</span> 
     </span>
     <span class='ocr_line' id='line_1_11' title="bbox 170 1088 1123 1172; baseline -0.004 -28"><span class='ocrx_word' id='word_1_82' title='bbox 170 1090 296 1159; x_wconf 83' lang='lat' dir='ltr'>dixerat,</span> <span class='ocrx_word' id='word_1_83' title='bbox 310 1089 425 1144; x_wconf 86' lang='lat' dir='ltr'>reddita</span> <span class='ocrx_word' id='word_1_84' title='bbox 438 1100 484 1145; x_wconf 89' lang='lat' dir='ltr'>est</span> <span class='ocrx_word' id='word_1_85' title='bbox 496 1089 611 1144; x_wconf 88' lang='lat' dir='ltr'>Iudaeis</span> <span class='ocrx_word' id='word_1_86' title='bbox 626 1091 721 1172; x_wconf 72' lang='lat' dir='ltr'>soluta</span> <span class='ocrx_word' id='word_1_87' title='bbox 734 1088 907 1160; x_wconf 85' lang='lat' dir='ltr'>captivitate</span> <span class='ocrx_word' id='word_1_88' title='bbox 921 1088 1051 1156; x_wconf 84' lang='lat' dir='ltr'>libertas,</span> <span class='ocrx_word' id='word_1_89' title='bbox 1063 1104 1123 1162; x_wconf 81' lang='lat' dir='ltr'>regu</span> 
     </span>
     <span class='ocr_line' id='line_1_12' title="bbox 170 1170 1123 1248; baseline -0.006 -20"><span class='ocrx_word' id='word_1_90' title='bbox 170 1171 370 1228; x_wconf 88' lang='lat' dir='ltr'>Romanorum</span> <span class='ocrx_word' id='word_1_91' title='bbox 383 1173 507 1243; x_wconf 84' lang='lat' dir='ltr'>septime</span> <span class='ocrx_word' id='word_1_92' title='bbox 521 1181 599 1248; x_wconf 80' lang='lat' dir='ltr'>rege¹</span> <span class='ocrx_word' id='word_1_93' title='bbox 608 1170 782 1246; x_wconf 84' lang='lat' dir='ltr'>Tarquinio.</span> <span class='ocrx_word' id='word_1_94' title='bbox 805 1171 871 1236; x_wconf 78' lang='lat' dir='ltr'>Quo</span> <span class='ocrx_word' id='word_1_95' title='bbox 887 1173 1012 1244; x_wconf 80' lang='lat' dir='ltr'>expulso</span> <span class='ocrx_word' id='word_1_96' title='bbox 1025 1172 1100 1226; x_wconf 85' lang='lat' dir='ltr'>etiam</span> <span class='ocrx_word' id='word_1_97' title='bbox 1108 1171 1123 1240; x_wconf 85' lang='lat' dir='ltr'>ip</span> 
     </span>
     <span class='ocr_line' id='line_1_13' title="bbox 169 1249 1122 1331; baseline -0.006 -21"><span class='ocrx_word' id='word_1_98' title='bbox 169 1273 273 1331; x_wconf 77' lang='lat' dir='ltr'>regum</span> <span class='ocrx_word' id='word_1_99' title='bbox 286 1272 403 1309; x_wconf 74' lang='lat' dir='ltr'>surorum</span> <span class='ocrx_word' id='word_1_100' title='bbox 419 1252 618 1310; x_wconf 84' lang='lat' dir='ltr'>dominatione</span> <span class='ocrx_word' id='word_1_101' title='bbox 631 1254 718 1309; x_wconf 89' lang='lat' dir='ltr'>liberi</span> <span class='ocrx_word' id='word_1_102' title='bbox 732 1271 796 1308; x_wconf 84' lang='lat' dir='ltr'>esse</span> <span class='ocrx_word' id='word_1_103' title='bbox 810 1262 983 1326; x_wconf 87' lang='lat' dir='ltr'>coeperunt.</span> <span class='ocrx_word' id='word_1_104' title='bbox 997 1252 1087 1327; x_wconf 82' lang='lat' dir='ltr'>Vsque</span> <span class='ocrx_word' id='word_1_105' title='bbox 1096 1249 1122 1305; x_wconf 87' lang='lat' dir='ltr'>ad</span> 
     </span>
     <span class='ocr_line' id='line_1_14' title="bbox 131 1334 1116 1412; baseline -0.005 -21"><span class='ocrx_word' id='word_1_106' title='bbox 131 1349 135 1368; x_wconf 61' lang='lat'><em>³</em></span> <span class='ocrx_word' id='word_1_107' title='bbox 170 1346 283 1410; x_wconf 88' lang='lat' dir='ltr'>tempus</span> <span class='ocrx_word' id='word_1_108' title='bbox 298 1335 458 1410; x_wconf 81' lang='lat' dir='ltr'>Prophetas</span> <span class='ocrx_word' id='word_1_109' title='bbox 478 1335 579 1392; x_wconf 89' lang='lat' dir='ltr'>habuit</span> <span class='ocrx_word' id='word_1_110' title='bbox 596 1339 722 1410; x_wconf 89' lang='lat' dir='ltr'>populus</span> <span class='ocrx_word' id='word_1_111' title='bbox 736 1334 842 1391; x_wconf 70' lang='lat' dir='ltr'>lsrael:</span> <span class='ocrx_word' id='word_1_112' title='bbox 870 1337 923 1410; x_wconf 92' lang='lat' dir='ltr'>qui</span> <span class='ocrx_word' id='word_1_113' title='bbox 943 1342 1034 1412; x_wconf 84' lang='lat' dir='ltr'>quum</span> <span class='ocrx_word' id='word_1_114' title='bbox 1050 1334 1116 1390; x_wconf 88' lang='lat' dir='ltr'>multi</span> 
     </span>
     <span class='ocr_line' id='line_1_15' title="bbox 168 1415 1123 1493; baseline -0.005 -19"><span class='ocrx_word' id='word_1_115' title='bbox 168 1420 246 1488; x_wconf 88' lang='lat' dir='ltr'>rint,</span> <span class='ocrx_word' id='word_1_116' title='bbox 270 1437 436 1492; x_wconf 48' lang='lat' dir='ltr'>paucorum¹</span> <span class='ocrx_word' id='word_1_117' title='bbox 448 1429 478 1475; x_wconf 93' lang='lat' dir='ltr'>et</span> <span class='ocrx_word' id='word_1_118' title='bbox 503 1417 579 1493; x_wconf 77' lang='lat' dir='ltr'>sipud</span> <span class='ocrx_word' id='word_1_119' title='bbox 597 1415 718 1474; x_wconf 89' lang='lat' dir='ltr'>ludaeos</span> <span class='ocrx_word' id='word_1_120' title='bbox 736 1428 766 1474; x_wconf 88' lang='lat' dir='ltr'>ct</span> <span class='ocrx_word' id='word_1_121' title='bbox 783 1418 859 1492; x_wconf 93' lang='lat' dir='ltr'>apud</span> <span class='ocrx_word' id='word_1_122' title='bbox 873 1419 930 1474; x_wconf 87' lang='lat' dir='ltr'>nos</span> <span class='ocrx_word' id='word_1_123' title='bbox 945 1420 1082 1474; x_wconf 84' lang='lat' dir='ltr'>canonica</span> <span class='ocrx_word' id='word_1_124' title='bbox 1096 1431 1123 1471; x_wconf 82' lang='lat' dir='ltr'>su</span> 
     </span>
     <span class='ocr_line' id='line_1_16' title="bbox 169 1497 1123 1577; baseline -0.003 -21"><span class='ocrx_word' id='word_1_125' title='bbox 169 1503 345 1558; x_wconf 80' lang='lat' dir='ltr'>retinentur.</span> <span class='ocrx_word' id='word_1_126' title='bbox 369 1501 415 1558; x_wconf 91' lang='lat' dir='ltr'>De</span> <span class='ocrx_word' id='word_1_127' title='bbox 429 1502 534 1577; x_wconf 86' lang='lat' dir='ltr'>quibus</span> <span class='ocrx_word' id='word_1_128' title='bbox 547 1521 594 1557; x_wconf 89' lang='lat' dir='ltr'>me</span> <span class='ocrx_word' id='word_1_129' title='bbox 607 1504 704 1576; x_wconf 89' lang='lat' dir='ltr'>aliqua</span> <span class='ocrx_word' id='word_1_130' title='bbox 715 1497 880 1574; x_wconf 77' lang='lat' dir='ltr'>positurum</span> <span class='ocrx_word' id='word_1_131' title='bbox 900 1505 966 1557; x_wconf 83' lang='lat' dir='ltr'>ess&#39;e</span> <span class='ocrx_word' id='word_1_132' title='bbox 978 1501 1123 1575; x_wconf 88' lang='lat' dir='ltr'>promisiiu</span> 
     </span>
     <span class='ocr_line' id='line_1_17' title="bbox 170 1582 1123 1658; baseline -0.003 -19"><span class='ocrx_word' id='word_1_133' title='bbox 170 1585 263 1654; x_wconf 85' lang='lat' dir='ltr'>libro,</span> <span class='ocrx_word' id='word_1_134' title='bbox 278 1602 367 1658; x_wconf 88' lang='lat' dir='ltr'>quum</span> <span class='ocrx_word' id='word_1_135' title='bbox 395 1584 560 1645; x_wconf 84' lang='lat' dir='ltr'>clauderem</span> <span class='ocrx_word' id='word_1_136' title='bbox 584 1586 780 1657; x_wconf 87' lang='lat' dir='ltr'>superiorem,</span> <span class='ocrx_word' id='word_1_137' title='bbox 805 1582 966 1656; x_wconf 89' lang='lat' dir='ltr'>quodiam</span> <span class='ocrx_word' id='word_1_138' title='bbox 985 1583 1123 1641; x_wconf 85' lang='lat' dir='ltr'>vidonem</span> 
     </span>
     <span class='ocr_line' id='line_1_18' title="bbox 153 1659 934 1724; baseline -0.003 -1"><span class='ocrx_word' id='word_1_139' title='bbox 153 1668 313 1724; x_wconf 88' lang='lat' dir='ltr'>ciendum.</span> <span class='ocrx_word' id='word_1_140' title='bbox 802 1680 831 1694; x_wconf 72' lang='lat'>‘·</span> <span class='ocrx_word' id='word_1_141' title='bbox 922 1659 934 1674; x_wconf 21' lang='grc' dir='ltr'>χ’</span> 
     </span>
    </p>
   </div>
   <div class='ocr_carea' id='block_1_7' title="bbox 510 1729 931 1806">
    <p class='ocr_par' dir='ltr' id='par_1_7' title="bbox 510 1729 931 1806">
     <span class='ocr_line' id='line_1_19' title="bbox 510 1729 931 1806; baseline -0.01 0"><span class='ocrx_word' id='word_1_142' title='bbox 510 1743 634 1806; x_wconf 76' lang='lat' dir='ltr'>cna</span> <span class='ocrx_word' id='word_1_143' title='bbox 677 1729 931 1804; x_wconf 78' lang='lat' dir='ltr'>xxvn.‘</span> 
     </span>
    </p>
   </div>
   <div class='ocr_carea' id='block_1_8' title="bbox 170 1841 1123 2055">
    <p class='ocr_par' dir='ltr' id='par_1_8' title="bbox 170 1841 1123 2055">
     <span class='ocr_line' id='line_1_20' title="bbox 170 1841 1123 1914; baseline -0.005 -16"><span class='ocrx_word' id='word_1_144' title='bbox 170 1843 213 1898; x_wconf 85' lang='lat' dir='ltr'>De</span> <span class='ocrx_word' id='word_1_145' title='bbox 224 1845 388 1914; x_wconf 80' lang='lat' dir='ltr'>temporibus</span> <span class='ocrx_word' id='word_1_146' title='bbox 398 1844 607 1912; x_wconf 78' lang='lat' dir='ltr'>Prophetarum,</span> <span class='ocrx_word' id='word_1_147' title='bbox 618 1861 729 1913; x_wconf 78' lang='lat' dir='ltr'>quorum</span> <span class='ocrx_word' id='word_1_148' title='bbox 741 1846 852 1895; x_wconf 80' lang='lat' dir='ltr'>oracula</span> <span class='ocrx_word' id='word_1_149' title='bbox 863 1841 1002 1896; x_wconf 81' lang='lat' dir='ltr'>habentur</span> <span class='ocrx_word' id='word_1_150' title='bbox 1011 1845 1040 1898; x_wconf 84' lang='lat' dir='ltr'>in</span> <span class='ocrx_word' id='word_1_151' title='bbox 1050 1843 1123 1902; x_wconf 75' lang='lat' dir='ltr'>torte</span> 
     </span>
     <span class='ocr_line' id='line_1_21' title="bbox 209 1912 1123 1984; baseline -0.004 -16"><span class='ocrx_word' id='word_1_152' title='bbox 209 1925 211 1930; x_wconf 89' lang='lat'>&#39;</span> <span class='ocrx_word' id='word_1_153' title='bbox 231 1933 281 1984; x_wconf 84' lang='lat' dir='ltr'>que</span> <span class='ocrx_word' id='word_1_154' title='bbox 292 1925 356 1968; x_wconf 84' lang='lat' dir='ltr'>tune</span> <span class='ocrx_word' id='word_1_155' title='bbox 367 1915 546 1968; x_wconf 78' lang='lat' dir='ltr'>devocatione</span> <span class='ocrx_word' id='word_1_156' title='bbox 559 1915 687 1966; x_wconf 80' lang='lat' dir='ltr'>Gentium</span> <span class='ocrx_word' id='word_1_157' title='bbox 698 1916 783 1965; x_wconf 71' lang='lat' dir='ltr'>iruulta</span> <span class='ocrx_word' id='word_1_158' title='bbox 794 1913 966 1976; x_wconf 81' lang='lat' dir='ltr'>cecinerunt,</span> <span class='ocrx_word' id='word_1_159' title='bbox 989 1916 1089 1982; x_wconf 82' lang='lat' dir='ltr'>qnando</span> <span class='ocrx_word' id='word_1_160' title='bbox 1095 1912 1123 1972; x_wconf 78' lang='lat' dir='ltr'>lit</span> 
     </span>
     <span class='ocr_line' id='line_1_22' title="bbox 353 1981 1033 2055; baseline -0.001 -19"><span class='ocrx_word' id='word_1_161' title='bbox 353 2001 461 2036; x_wconf 84' lang='lat' dir='ltr'>manum</span> <span class='ocrx_word' id='word_1_162' title='bbox 471 1983 693 2052; x_wconf 82' lang='lat' dir='ltr'>regnumeoepit‚</span> <span class='ocrx_word' id='word_1_163' title='bbox 712 1981 904 2051; x_wconf 70' lang='lat' dir='ltr'>Assyriumquc</span> <span class='ocrx_word' id='word_1_164' title='bbox 920 1983 1033 2055; x_wconf 78' lang='lat' dir='ltr'>defecit.</span> 
     </span>
    </p>
   </div>
   <div class='ocr_carea' id='block_1_9' title="bbox 106 2087 1123 3156">
    <p class='ocr_par' dir='ltr' id='par_1_9' title="bbox 156 2087 1123 2326">
     <span class='ocr_line' id='line_1_23' title="bbox 156 2087 1123 2166; baseline -0.003 -21"><span class='ocrx_word' id='word_1_165' title='bbox 156 2151 157 2156; x_wconf 7' lang='grc' dir='ltr'>ἵ</span> <span class='ocrx_word' id='word_1_166' title='bbox 236 2089 381 2163; x_wconf 80' lang='lat' dir='ltr'>Tempora</span> <span class='ocrx_word' id='word_1_167' title='bbox 395 2090 487 2166; x_wconf 82' lang='lat' dir='ltr'>igitur</span> <span class='ocrx_word' id='word_1_168' title='bbox 501 2107 612 2160; x_wconf 79' lang='lat' dir='ltr'>cortem,</span> <span class='ocrx_word' id='word_1_169' title='bbox 626 2098 660 2144; x_wconf 95' lang='lat' dir='ltr'>ut</span> <span class='ocrx_word' id='word_1_170' title='bbox 672 2091 816 2163; x_wconf 87' lang='lat' dir='ltr'>possimus</span> <span class='ocrx_word' id='word_1_171' title='bbox 831 2087 1005 2161; x_wconf 87' lang='lat' dir='ltr'>advertere,</span> <span class='ocrx_word' id='word_1_172' title='bbox 1020 2091 1052 2146; x_wconf 93' lang='lat' dir='ltr'>in</span> <span class='ocrx_word' id='word_1_173' title='bbox 1064 2097 1123 2146; x_wconf 83' lang='lat' dir='ltr'>ante</span> 
     </span>
     <span class='ocr_line' id='line_1_24' title="bbox 171 2169 1122 2249; baseline -0.004 -20"><span class='ocrx_word' id='word_1_174' title='bbox 171 2175 316 2249; x_wconf 83' lang='lat' dir='ltr'>paululum</span> <span class='ocrx_word' id='word_1_175' title='bbox 340 2189 534 2228; x_wconf 84' lang='lat' dir='ltr'>recurramus.</span> <span class='ocrx_word' id='word_1_176' title='bbox 563 2171 597 2226; x_wconf 94' lang='lat' dir='ltr'>ln</span> <span class='ocrx_word' id='word_1_177' title='bbox 613 2174 706 2245; x_wconf 88' lang='lat' dir='ltr'>capite</span> <span class='ocrx_word' id='word_1_178' title='bbox 720 2172 787 2226; x_wconf 89' lang='lat' dir='ltr'>libri</span> <span class='ocrx_word' id='word_1_179' title='bbox 802 2171 880 2228; x_wconf 84' lang='lat' dir='ltr'>Osee</span> <span class='ocrx_word' id='word_1_180' title='bbox 893 2169 1071 2244; x_wconf 85' lang='lat' dir='ltr'>Prophetae,</span> <span class='ocrx_word' id='word_1_181' title='bbox 1085 2171 1122 2245; x_wconf 88' lang='lat' dir='ltr'>qui</span> 
     </span>
     <span class='ocr_line' id='line_1_25' title="bbox 170 2249 1123 2326; baseline -0.001 -15"><span class='ocrx_word' id='word_1_182' title='bbox 170 2273 236 2311; x_wconf 89' lang='lat' dir='ltr'>mus</span> <span class='ocrx_word' id='word_1_183' title='bbox 256 2257 288 2308; x_wconf 92' lang='lat' dir='ltr'>in</span> <span class='ocrx_word' id='word_1_184' title='bbox 307 2254 459 2309; x_wconf 86' lang='lat' dir='ltr'>duodecim</span> <span class='ocrx_word' id='word_1_185' title='bbox 478 2249 613 2326; x_wconf 88' lang='lat' dir='ltr'>ponitur,</span> <span class='ocrx_word' id='word_1_186' title='bbox 637 2257 679 2310; x_wconf 88' lang='lat' dir='ltr'>ita</span> <span class='ocrx_word' id='word_1_187' title='bbox 698 2255 838 2326; x_wconf 88' lang='lat' dir='ltr'>scriptum</span> <span class='ocrx_word' id='word_1_188' title='bbox 857 2262 918 2310; x_wconf 89' lang='lat' dir='ltr'>est:</span> <span class='ocrx_word' id='word_1_189' title='bbox 951 2253 1073 2311; x_wconf 82' lang='lat' dir='ltr'>Verbum</span> <span class='ocrx_word' id='word_1_190' title='bbox 1088 2252 1123 2310; x_wconf 80' lang='lat' dir='ltr'>Do</span> 
     </span>
    </p>

    <p class='ocr_par' dir='ltr' id='par_1_10' title="bbox 121 2333 1123 2414">
     <span class='ocr_line' id='line_1_26' title="bbox 121 2333 1123 2414; baseline -0.004 -22"><span class='ocrx_word' id='word_1_191' title='bbox 121 2381 125 2392; x_wconf 84' lang='grc'>,</span> <span class='ocrx_word' id='word_1_192' title='bbox 171 2335 377 2414; x_wconf 82' lang='lat' dir='ltr'>quodfcetem</span> <span class='ocrx_word' id='word_1_193' title='bbox 389 2347 435 2392; x_wconf 79' lang='lat' dir='ltr'>est</span> <span class='ocrx_word' id='word_1_194' title='bbox 446 2339 487 2393; x_wconf 83' lang='lat' dir='ltr'>cd</span> <span class='ocrx_word' id='word_1_195' title='bbox 499 2333 574 2393; x_wconf 82' lang='lat' dir='ltr'>Osee</span> <span class='ocrx_word' id='word_1_196' title='bbox 588 2339 618 2392; x_wconf 82' lang='lat' dir='ltr'>in</span> <span class='ocrx_word' id='word_1_197' title='bbox 632 2337 731 2393; x_wconf 82' lang='lat' dir='ltr'>diebus</span> <span class='ocrx_word' id='word_1_198' title='bbox 745 2333 848 2405; x_wconf 77' lang='lat' dir='ltr'>Oziee,</span> <span class='ocrx_word' id='word_1_199' title='bbox 863 2347 893 2392; x_wconf 89' lang='lat' dir='ltr'>et</span> <span class='ocrx_word' id='word_1_200' title='bbox 905 2333 1048 2407; x_wconf 83' lang='lat' dir='ltr'>Ieetben,</span> <span class='ocrx_word' id='word_1_201' title='bbox 1061 2333 1123 2394; x_wconf 78' lang='lat' dir='ltr'>etde</span> 
     </span>
    </p>

    <p class='ocr_par' dir='ltr' id='par_1_11' title="bbox 171 2415 1123 2496">
     <span class='ocr_line' id='line_1_27' title="bbox 171 2415 1123 2496; baseline -0.005 -20"><span class='ocrx_word' id='word_1_202' title='bbox 171 2430 202 2476; x_wconf 89' lang='lat' dir='ltr'>et</span> <span class='ocrx_word' id='word_1_203' title='bbox 217 2416 365 2474; x_wconf 81' lang='lat' dir='ltr'>E&#39;zeebiee</span> <span class='ocrx_word' id='word_1_204' title='bbox 384 2439 487 2494; x_wconf 81' lang='lat' dir='ltr'>regem</span> <span class='ocrx_word' id='word_1_205' title='bbox 506 2416 592 2475; x_wconf 83' lang='lat' dir='ltr'>[ede.</span> <span class='ocrx_word' id='word_1_206' title='bbox 639 2420 727 2474; x_wconf 84' lang='lat' dir='ltr'>Amos</span> <span class='ocrx_word' id='word_1_207' title='bbox 756 2436 871 2492; x_wconf 91' lang='lat' dir='ltr'>quoquc</span> <span class='ocrx_word' id='word_1_208' title='bbox 898 2419 1003 2474; x_wconf 87' lang='lat' dir='ltr'>diebus</span> <span class='ocrx_word' id='word_1_209' title='bbox 1025 2415 1123 2496; x_wconf 75' lang='lat' dir='ltr'>regisd</span> 
     </span>
    </p>

    <p class='ocr_par' dir='ltr' id='par_1_12' title="bbox 169 2498 1123 2579">
     <span class='ocr_line' id='line_1_28' title="bbox 169 2498 1123 2579; baseline -0.002 -23"><span class='ocrx_word' id='word_1_210' title='bbox 169 2498 359 2575; x_wconf 69' lang='lat' dir='ltr'>prophetasse</span> <span class='ocrx_word' id='word_1_211' title='bbox 373 2521 404 2556; x_wconf 83' lang='lat' dir='ltr'>se</span> <span class='ocrx_word' id='word_1_212' title='bbox 419 2503 533 2557; x_wconf 85' lang='lat' dir='ltr'>scribit:</span> <span class='ocrx_word' id='word_1_213' title='bbox 547 2501 627 2556; x_wconf 87' lang='lat' dir='ltr'>addit</span> <span class='ocrx_word' id='word_1_214' title='bbox 639 2503 726 2565; x_wconf 81' lang='lat' dir='ltr'>etiam</span> <span class='ocrx_word' id='word_1_215' title='bbox 739 2499 918 2558; x_wconf 88' lang='lat' dir='ltr'>Hieroboam</span> <span class='ocrx_word' id='word_1_216' title='bbox 928 2520 1032 2579; x_wconf 85' lang='lat' dir='ltr'>regem</span> <span class='ocrx_word' id='word_1_217' title='bbox 1045 2501 1123 2566; x_wconf 71' lang='lat' dir='ltr'>lesaii</span> 
     </span>
    </p>

    <p class='ocr_par' dir='ltr' id='par_1_13' title="bbox 169 2579 1123 2657">
     <span class='ocr_line' id='line_1_29' title="bbox 169 2579 1123 2657; baseline -0.003 -19"><span class='ocrx_word' id='word_1_218' title='bbox 169 2601 223 2657; x_wconf 91' lang='lat' dir='ltr'>per</span> <span class='ocrx_word' id='word_1_219' title='bbox 237 2583 353 2638; x_wconf 89' lang='lat' dir='ltr'>cosdem</span> <span class='ocrx_word' id='word_1_220' title='bbox 367 2584 428 2639; x_wconf 89' lang='lat' dir='ltr'>dies</span> <span class='ocrx_word' id='word_1_221' title='bbox 441 2584 507 2639; x_wconf 89' lang='lat' dir='ltr'>fuit.</span> <span class='ocrx_word' id='word_1_222' title='bbox 554 2582 617 2640; x_wconf 94' lang='lat' dir='ltr'>Nec</span> <span class='ocrx_word' id='word_1_223' title='bbox 636 2603 696 2639; x_wconf 91' lang='lat' dir='ltr'>non</span> <span class='ocrx_word' id='word_1_224' title='bbox 710 2579 812 2639; x_wconf 81' lang='lat' dir='ltr'>Esaias</span> <span class='ocrx_word' id='word_1_225' title='bbox 826 2583 904 2638; x_wconf 84' lang='lat' dir='ltr'>filius</span> <span class='ocrx_word' id='word_1_226' title='bbox 918 2585 1024 2656; x_wconf 89' lang='lat' dir='ltr'>Amos,</span> <span class='ocrx_word' id='word_1_227' title='bbox 1047 2587 1100 2640; x_wconf 79' lang='lat' dir='ltr'>sive</span> <span class='ocrx_word' id='word_1_228' title='bbox 1111 2598 1123 2634; x_wconf 84' lang='lat' dir='ltr'>n</span> 
     </span>
    </p>

    <p class='ocr_par' dir='ltr' id='par_1_14' title="bbox 106 2664 1123 2827">
     <span class='ocr_line' id='line_1_30' title="bbox 106 2664 1120 2744; baseline -0.004 -23"><span class='ocrx_word' id='word_1_229' title='bbox 106 2729 109 2734; x_wconf 63' lang='lat'>„</span> <span class='ocrx_word' id='word_1_230' title='bbox 170 2667 243 2722; x_wconf 93' lang='lat' dir='ltr'>dieti</span> <span class='ocrx_word' id='word_1_231' title='bbox 257 2665 427 2740; x_wconf 89' lang='lat' dir='ltr'>prophetae,</span> <span class='ocrx_word' id='word_1_232' title='bbox 452 2668 528 2735; x_wconf 85' lang='lat' dir='ltr'>sire,</span> <span class='ocrx_word' id='word_1_233' title='bbox 543 2665 620 2740; x_wconf 92' lang='lat' dir='ltr'>quod</span> <span class='ocrx_word' id='word_1_234' title='bbox 633 2668 726 2744; x_wconf 84' lang='lat' dir='ltr'>magis</span> <span class='ocrx_word' id='word_1_235' title='bbox 740 2665 926 2740; x_wconf 86' lang='lat' dir='ltr'>perhibetur,</span> <span class='ocrx_word' id='word_1_236' title='bbox 951 2669 1070 2724; x_wconf 89' lang='lat' dir='ltr'>ulterius</span> <span class='ocrx_word' id='word_1_237' title='bbox 1082 2664 1120 2739; x_wconf 89' lang='lat' dir='ltr'>qni</span> 
     </span>
     <span class='ocr_line' id='line_1_31' title="bbox 170 2747 1123 2827; baseline -0.007 -22"><span class='ocrx_word' id='word_1_238' title='bbox 170 2747 311 2824; x_wconf 88' lang='lat' dir='ltr'>propheta</span> <span class='ocrx_word' id='word_1_239' title='bbox 325 2748 425 2804; x_wconf 89' lang='lat' dir='ltr'>eodem</span> <span class='ocrx_word' id='word_1_240' title='bbox 438 2751 557 2804; x_wconf 78' lang='lat' dir='ltr'>uonriue</span> <span class='ocrx_word' id='word_1_241' title='bbox 570 2751 742 2819; x_wconf 87' lang='lat' dir='ltr'>vecabatur,</span> <span class='ocrx_word' id='word_1_242' title='bbox 767 2748 883 2805; x_wconf 87' lang='lat' dir='ltr'>eosdem</span> <span class='ocrx_word' id='word_1_243' title='bbox 896 2768 985 2827; x_wconf 83' lang='lat' dir='ltr'>reges</span> <span class='ocrx_word' id='word_1_244' title='bbox 1001 2759 1123 2824; x_wconf 74' lang='lat' dir='ltr'>quatuort</span> 
     </span>
    </p>

    <p class='ocr_par' dir='ltr' id='par_1_15' title="bbox 168 2829 1123 2906">
     <span class='ocr_line' id='line_1_32' title="bbox 168 2829 1123 2906; baseline -0.003 -19"><span class='ocrx_word' id='word_1_245' title='bbox 168 2829 270 2906; x_wconf 85' lang='lat' dir='ltr'>posuit</span> <span class='ocrx_word' id='word_1_246' title='bbox 281 2831 369 2902; x_wconf 84' lang='lat' dir='ltr'>Osee,</span> <span class='ocrx_word' id='word_1_247' title='bbox 384 2833 415 2887; x_wconf 91' lang='lat' dir='ltr'>in</span> <span class='ocrx_word' id='word_1_248' title='bbox 427 2833 521 2905; x_wconf 91' lang='lat' dir='ltr'>capite</span> <span class='ocrx_word' id='word_1_249' title='bbox 533 2832 601 2886; x_wconf 89' lang='lat' dir='ltr'>libri</span> <span class='ocrx_word' id='word_1_250' title='bbox 616 2833 661 2888; x_wconf 88' lang='lat' dir='ltr'>sui</span> <span class='ocrx_word' id='word_1_251' title='bbox 673 2834 767 2906; x_wconf 88' lang='lat' dir='ltr'>ponit,</span> <span class='ocrx_word' id='word_1_252' title='bbox 784 2850 908 2905; x_wconf 89' lang='lat' dir='ltr'>querum</span> <span class='ocrx_word' id='word_1_253' title='bbox 922 2833 1025 2888; x_wconf 88' lang='lat' dir='ltr'>diebus</span> <span class='ocrx_word' id='word_1_254' title='bbox 1039 2851 1067 2887; x_wconf 88' lang='lat' dir='ltr'>se</span> <span class='ocrx_word' id='word_1_255' title='bbox 1078 2845 1123 2902; x_wconf 77' lang='lat' dir='ltr'>pro]</span> 
     </span>
    </p>

    <p class='ocr_par' dir='ltr' id='par_1_16' title="bbox 168 2913 1123 3156">
     <span class='ocr_line' id='line_1_33' title="bbox 168 2913 1123 2989; baseline -0.006 -19"><span class='ocrx_word' id='word_1_256' title='bbox 168 2926 247 2970; x_wconf 86' lang='lat' dir='ltr'>tasse</span> <span class='ocrx_word' id='word_1_257' title='bbox 260 2916 470 2988; x_wconf 51' lang='lat' dir='ltr'>praeloquitur.¹</span> <span class='ocrx_word' id='word_1_258' title='bbox 486 2913 631 2970; x_wconf 84' lang='lat' dir='ltr'>Michaeas</span> <span class='ocrx_word' id='word_1_259' title='bbox 647 2917 733 2970; x_wconf 89' lang='lat' dir='ltr'>ctiam</span> <span class='ocrx_word' id='word_1_260' title='bbox 747 2914 847 2970; x_wconf 86' lang='lat' dir='ltr'>eadem</span> <span class='ocrx_word' id='word_1_261' title='bbox 860 2932 932 2970; x_wconf 84' lang='lat' dir='ltr'>suae</span> <span class='ocrx_word' id='word_1_262' title='bbox 945 2915 1123 2989; x_wconf 85' lang='lat' dir='ltr'>prophetiaee</span> 
     </span>
     <span class='ocr_line' id='line_1_34' title="bbox 169 2996 1123 3075; baseline -0.005 -22"><span class='ocrx_word' id='word_1_263' title='bbox 169 3007 313 3053; x_wconf 88' lang='lat' dir='ltr'>memorat</span> <span class='ocrx_word' id='word_1_264' title='bbox 324 3005 456 3070; x_wconf 84' lang='lat' dir='ltr'>tempora</span> <span class='ocrx_word' id='word_1_265' title='bbox 468 3006 534 3071; x_wconf 90' lang='lat' dir='ltr'>post</span> <span class='ocrx_word' id='word_1_266' title='bbox 547 2996 608 3051; x_wconf 88' lang='lat' dir='ltr'>dics</span> <span class='ocrx_word' id='word_1_267' title='bbox 621 2996 722 3052; x_wconf 77' lang='lat' dir='ltr'>Ouiae.</span> <span class='ocrx_word' id='word_1_268' title='bbox 754 2997 829 3054; x_wconf 88' lang='lat' dir='ltr'>Nam</span> <span class='ocrx_word' id='word_1_269' title='bbox 842 3007 903 3052; x_wconf 88' lang='lat' dir='ltr'>tres</span> <span class='ocrx_word' id='word_1_270' title='bbox 919 3001 970 3072; x_wconf 90' lang='lat' dir='ltr'>qui</span> <span class='ocrx_word' id='word_1_271' title='bbox 984 3004 1123 3075; x_wconf 84' lang='lat' dir='ltr'>sequuntur</span> 
     </span>
     <span class='ocr_line' id='line_1_35' title="bbox 168 3077 1123 3156; baseline -0.005 -22"><span class='ocrx_word' id='word_1_272' title='bbox 168 3089 222 3156; x_wconf 82' lang='lat' dir='ltr'>ges</span> <span class='ocrx_word' id='word_1_273' title='bbox 237 3080 383 3149; x_wconf 87' lang='lat' dir='ltr'>nominat,</span> <span class='ocrx_word' id='word_1_274' title='bbox 409 3097 481 3154; x_wconf 89' lang='lat' dir='ltr'>quos</span> <span class='ocrx_word' id='word_1_275' title='bbox 497 3090 526 3135; x_wconf 89' lang='lat' dir='ltr'>et</span> <span class='ocrx_word' id='word_1_276' title='bbox 538 3079 615 3135; x_wconf 86' lang='lat' dir='ltr'>Osee</span> <span class='ocrx_word' id='word_1_277' title='bbox 628 3083 805 3152; x_wconf 87' lang='lat' dir='ltr'>nominavit,</span> <span class='ocrx_word' id='word_1_278' title='bbox 833 3078 969 3152; x_wconf 73' lang='lat' dir='ltr'>bathan,</span> <span class='ocrx_word' id='word_1_279' title='bbox 993 3091 1022 3136; x_wconf 91' lang='lat' dir='ltr'>et</span> <span class='ocrx_word' id='word_1_280' title='bbox 1038 3077 1123 3142; x_wconf 75' lang='lat' dir='ltr'>dehac,</span> 
     </span>
    </p>
   </div>
   <div class='ocr_carea' id='block_1_10' title="bbox 54 3160 1123 3239">
    <p class='ocr_par' dir='ltr' id='par_1_17' title="bbox 54 3160 1123 3239">
     <span class='ocr_line' id='line_1_36' title="bbox 54 3160 1123 3239; baseline -0.007 -18"><span class='ocrx_word' id='word_1_281' title='bbox 54 3170 56 3174; x_wconf 76' lang='grc'>’</span> <span class='ocrx_word' id='word_1_282' title='bbox 138 3217 139 3220; x_wconf 76' lang='grc'>,</span> <span class='ocrx_word' id='word_1_283' title='bbox 167 3160 332 3220; x_wconf 87' lang='lat' dir='ltr'>Ezechiam.</span> <span class='ocrx_word' id='word_1_284' title='bbox 356 3161 396 3217; x_wconf 90' lang='lat' dir='ltr'>Hi</span> <span class='ocrx_word' id='word_1_285' title='bbox 418 3172 487 3218; x_wconf 87' lang='lat' dir='ltr'>sunt</span> <span class='ocrx_word' id='word_1_286' title='bbox 505 3181 579 3236; x_wconf 85' lang='lat' dir='ltr'>quos</span> <span class='ocrx_word' id='word_1_287' title='bbox 599 3163 698 3219; x_wconf 91' lang='lat' dir='ltr'>eodem</span> <span class='ocrx_word' id='word_1_288' title='bbox 713 3173 842 3239; x_wconf 90' lang='lat' dir='ltr'>tempore</span> <span class='ocrx_word' id='word_1_289' title='bbox 861 3165 949 3219; x_wconf 87' lang='lat' dir='ltr'>simul</span> <span class='ocrx_word' id='word_1_290' title='bbox 967 3162 1123 3238; x_wconf 75' lang='lat' dir='ltr'>prophetasse</span> 
     </span>
    </p>
   </div>
   <div class='ocr_carea' id='block_1_11' title="bbox 95 3245 1123 3907">
    <p class='ocr_par' dir='ltr' id='par_1_18' title="bbox 95 3245 1123 3907">
     <span class='ocr_line' id='line_1_37' title="bbox 95 3245 1123 3323; baseline -0.003 -23"><span class='ocrx_word' id='word_1_291' title='bbox 95 3287 105 3292; x_wconf 87' lang='lat'><em>-</em></span> <span class='ocrx_word' id='word_1_292' title='bbox 120 3281 124 3292; x_wconf 70' lang='lat'><em>=</em></span> <span class='ocrx_word' id='word_1_293' title='bbox 167 3263 268 3300; x_wconf 87' lang='lat' dir='ltr'>eorum</span> <span class='ocrx_word' id='word_1_294' title='bbox 281 3246 373 3300; x_wconf 87' lang='lat' dir='ltr'>literis</span> <span class='ocrx_word' id='word_1_295' title='bbox 388 3248 546 3301; x_wconf 87' lang='lat' dir='ltr'>invenitur.</span> <span class='ocrx_word' id='word_1_296' title='bbox 560 3245 614 3300; x_wconf 86' lang='lat' dir='ltr'>His</span> <span class='ocrx_word' id='word_1_297' title='bbox 621 3245 884 3323; x_wconf 85' lang='lat' dir='ltr'>adiungiturlonas</span> <span class='ocrx_word' id='word_1_298' title='bbox 892 3245 994 3303; x_wconf 87' lang='lat' dir='ltr'>eodem</span> <span class='ocrx_word' id='word_1_299' title='bbox 1000 3247 1067 3302; x_wconf 80' lang='lat' dir='ltr'>Oria</span> <span class='ocrx_word' id='word_1_300' title='bbox 1073 3256 1123 3316; x_wconf 74' lang='lat' dir='ltr'>rege</span> 
     </span>
     <span class='ocr_line' id='line_1_38' title="bbox 165 3323 1123 3406; baseline -0.006 -22"><span class='ocrx_word' id='word_1_301' title='bbox 165 3339 287 3405; x_wconf 76' lang='lat' dir='ltr'>gnante,</span> <span class='ocrx_word' id='word_1_302' title='bbox 310 3337 339 3383; x_wconf 90' lang='lat' dir='ltr'>et</span> <span class='ocrx_word' id='word_1_303' title='bbox 353 3325 415 3384; x_wconf 78' lang='lat' dir='ltr'>leel</span> <span class='ocrx_word' id='word_1_304' title='bbox 429 3347 493 3384; x_wconf 92' lang='lat' dir='ltr'>cum</span> <span class='ocrx_word' id='word_1_305' title='bbox 507 3331 564 3385; x_wconf 89' lang='lat' dir='ltr'>iam</span> <span class='ocrx_word' id='word_1_306' title='bbox 577 3340 716 3406; x_wconf 82' lang='lat' dir='ltr'>regnaret</span> <span class='ocrx_word' id='word_1_307' title='bbox 730 3329 861 3401; x_wconf 79' lang='lat' dir='ltr'>inathen,</span> <span class='ocrx_word' id='word_1_308' title='bbox 886 3331 936 3404; x_wconf 93' lang='lat' dir='ltr'>qui</span> <span class='ocrx_word' id='word_1_309' title='bbox 949 3329 1081 3386; x_wconf 88' lang='lat' dir='ltr'>successit</span> <span class='ocrx_word' id='word_1_310' title='bbox 1091 3323 1123 3378; x_wconf 74' lang='lat' dir='ltr'>Oa</span> 
     </span>
     <span class='ocr_line' id='line_1_39' title="bbox 165 3409 1123 3486; baseline -0.004 -20"><span class='ocrx_word' id='word_1_311' title='bbox 165 3409 225 3466; x_wconf 85' lang='lat' dir='ltr'>Sed</span> <span class='ocrx_word' id='word_1_312' title='bbox 238 3415 360 3467; x_wconf 87' lang='lat' dir='ltr'>istorum</span> <span class='ocrx_word' id='word_1_313' title='bbox 373 3410 582 3485; x_wconf 89' lang='lat' dir='ltr'>Prophetarum</span> <span class='ocrx_word' id='word_1_314' title='bbox 595 3412 717 3468; x_wconf 90' lang='lat' dir='ltr'>ducrum</span> <span class='ocrx_word' id='word_1_315' title='bbox 729 3422 859 3486; x_wconf 89' lang='lat' dir='ltr'>tempera</span> <span class='ocrx_word' id='word_1_316' title='bbox 874 3414 906 3468; x_wconf 91' lang='lat' dir='ltr'>iu</span> <span class='ocrx_word' id='word_1_317' title='bbox 921 3412 1075 3480; x_wconf 77' lang='lat' dir='ltr'>chronicis,</span> <span class='ocrx_word' id='word_1_318' title='bbox 1085 3420 1123 3462; x_wconf 80' lang='lat' dir='ltr'>noo</span> 
     </span>
     <span class='ocr_line' id='line_1_40' title="bbox 166 3495 1123 3570; baseline -0.003 -22"><span class='ocrx_word' id='word_1_319' title='bbox 166 3512 266 3550; x_wconf 89' lang='lat' dir='ltr'>eorum</span> <span class='ocrx_word' id='word_1_320' title='bbox 281 3495 361 3549; x_wconf 89' lang='lat' dir='ltr'>libris</span> <span class='ocrx_word' id='word_1_321' title='bbox 374 3497 521 3568; x_wconf 87' lang='lat' dir='ltr'>potuimus</span> <span class='ocrx_word' id='word_1_322' title='bbox 537 3497 687 3567; x_wconf 88' lang='lat' dir='ltr'>invenire,</span> <span class='ocrx_word' id='word_1_323' title='bbox 703 3498 840 3570; x_wconf 89' lang='lat' dir='ltr'>quoniam</span> <span class='ocrx_word' id='word_1_324' title='bbox 855 3495 892 3550; x_wconf 91' lang='lat' dir='ltr'>dc</span> <span class='ocrx_word' id='word_1_325' title='bbox 906 3499 969 3552; x_wconf 85' lang='lat' dir='ltr'>suis</span> <span class='ocrx_word' id='word_1_326' title='bbox 983 3496 1072 3551; x_wconf 89' lang='lat' dir='ltr'>diebus</span> <span class='ocrx_word' id='word_1_327' title='bbox 1083 3499 1123 3545; x_wconf 72' lang='lat' dir='ltr'>tad</span> 
     </span>
     <span class='ocr_line' id='line_1_41' title="bbox 166 3573 1123 3656; baseline 0 -26"><span class='ocrx_word' id='word_1_328' title='bbox 166 3573 454 3632; x_wconf 84' lang='lat' dir='ltr'>Tenduntur-autem</span> <span class='ocrx_word' id='word_1_329' title='bbox 467 3577 497 3632; x_wconf 91' lang='lat' dir='ltr'>hi</span> <span class='ocrx_word' id='word_1_330' title='bbox 511 3577 573 3632; x_wconf 88' lang='lat' dir='ltr'>dies</span> <span class='ocrx_word' id='word_1_331' title='bbox 587 3597 604 3633; x_wconf 88' lang='lat' dir='ltr'>a</span> <span class='ocrx_word' id='word_1_332' title='bbox 616 3598 688 3656; x_wconf 81' lang='lat' dir='ltr'>rege</span> <span class='ocrx_word' id='word_1_333' title='bbox 701 3576 876 3634; x_wconf 87' lang='lat' dir='ltr'>Latinorum</span> <span class='ocrx_word' id='word_1_334' title='bbox 890 3579 999 3648; x_wconf 88' lang='lat' dir='ltr'>Proca,</span> <span class='ocrx_word' id='word_1_335' title='bbox 1013 3578 1068 3633; x_wconf 85' lang='lat' dir='ltr'>sire</span> <span class='ocrx_word' id='word_1_336' title='bbox 1077 3582 1123 3642; x_wconf 61' lang='lat' dir='ltr'>sup!</span> 
     </span>
     <span class='ocr_line' id='line_1_42' title="bbox 166 3660 1123 3738; baseline 0.004 -26"><span class='ocrx_word' id='word_1_337' title='bbox 166 3675 217 3712; x_wconf 85' lang='lat' dir='ltr'>ore</span> <span class='ocrx_word' id='word_1_338' title='bbox 231 3660 394 3729; x_wconf 84' lang='lat' dir='ltr'>Aventino,</span> <span class='ocrx_word' id='word_1_339' title='bbox 418 3675 509 3735; x_wconf 87' lang='lat' dir='ltr'>usque</span> <span class='ocrx_word' id='word_1_340' title='bbox 524 3661 560 3716; x_wconf 89' lang='lat' dir='ltr'>ad</span> <span class='ocrx_word' id='word_1_341' title='bbox 572 3681 673 3738; x_wconf 85' lang='lat' dir='ltr'>regem</span> <span class='ocrx_word' id='word_1_342' title='bbox 686 3661 915 3738; x_wconf 83' lang='lat' dir='ltr'>Romulumiam</span> <span class='ocrx_word' id='word_1_343' title='bbox 927 3661 1123 3718; x_wconf 61' lang='lat' dir='ltr'>Romanorum*</span> 
     </span>
     <span class='ocr_line' id='line_1_43' title="bbox 144 3730 1123 3820; baseline 0.005 -27"><span class='ocrx_word' id='word_1_344' title='bbox 144 3763 145 3766; x_wconf 39' lang='lat'>¹</span> <span class='ocrx_word' id='word_1_345' title='bbox 167 3740 256 3796; x_wconf 85' lang='lat' dir='ltr'>etiam</span> <span class='ocrx_word' id='word_1_346' title='bbox 269 3759 360 3815; x_wconf 83' lang='lat' dir='ltr'>usque</span> <span class='ocrx_word' id='word_1_347' title='bbox 374 3743 415 3797; x_wconf 89' lang='lat' dir='ltr'>ad·</span> <span class='ocrx_word' id='word_1_348' title='bbox 432 3745 518 3820; x_wconf 79' lang='lat' dir='ltr'>regni</span> <span class='ocrx_word' id='word_1_349' title='bbox 535 3744 694 3816; x_wconf 82' lang='lat' dir='ltr'>primordia</span> <span class='ocrx_word' id='word_1_350' title='bbox 713 3745 893 3816; x_wconf 85' lang='lat' dir='ltr'>successoris</span> <span class='ocrx_word' id='word_1_351' title='bbox 912 3747 976 3800; x_wconf 89' lang='lat' dir='ltr'>eius</span> <span class='ocrx_word' id='word_1_352' title='bbox 989 3730 1123 3818; x_wconf 70' lang='lat' dir='ltr'>Numqeivl</span> 
     </span>
     <span class='ocr_line' id='line_1_44' title="bbox 165 3803 1123 3907; baseline 0.007 -34"><span class='ocrx_word' id='word_1_353' title='bbox 165 3823 237 3891; x_wconf 86' lang='lat' dir='ltr'>pilii.</span> <span class='ocrx_word' id='word_1_354' title='bbox 271 3822 413 3882; x_wconf 82' lang='lat' dir='ltr'>Ezechias</span> <span class='ocrx_word' id='word_1_355' title='bbox 428 3829 532 3902; x_wconf 88' lang='lat' dir='ltr'>quippe</span> <span class='ocrx_word' id='word_1_356' title='bbox 549 3843 604 3883; x_wconf 83' lang='lat' dir='ltr'>rex</span> <span class='ocrx_word' id='word_1_357' title='bbox 624 3827 694 3884; x_wconf 88' lang='lat' dir='ltr'>luda</span> <span class='ocrx_word' id='word_1_358' title='bbox 706 3845 740 3882; x_wconf 89' lang='lat' dir='ltr'>ec</span> <span class='ocrx_word' id='word_1_359' title='bbox 754 3845 846 3902; x_wconf 86' lang='lat' dir='ltr'>usquc</span> <span class='ocrx_word' id='word_1_360' title='bbox 859 3828 1012 3907; x_wconf 76' lang='lat' dir='ltr'>regnavit3</span> <span class='ocrx_word' id='word_1_361' title='bbox 1033 3803 1123 3896; x_wconf 64' lang='lat' dir='ltr'>ceptib</span> 
     </span>
    </p>
   </div>
   <div class='ocr_carea' id='block_1_12' title="bbox 0 0 1160 4306">
    <p class='ocr_par' dir='ltr' id='par_1_19' title="bbox 0 0 1160 4306">
     <span class='ocr_line' id='line_1_45' title="bbox 0 0 1160 4306; baseline 0 0"><span class='ocrx_word' id='word_1_362' title='bbox 0 0 1160 4306; x_wconf 95' lang='lat' dir='ltr'> </span> 
     </span>
    </p>
   </div>
  </div>
 </body>
</html>
