2400 4312
252 171 909 283 un'o1vrrnrsomniurn.'
1016 205 1076 260 ,ιιι
1162 187 1164 190 ’

69 350 129 405 nulla
150 349 252 422 templo
271 347 422 418 fecerunt3
448 367 502 404 neo
517 349 604 419 deos,
619 349 769 406 ‘nondico
783 338 926 407 interlitis
941 354 1076 425 selectos,

64 432 103 486 red
114 451 164 487 neo
176 434 251 487 inter
264 432 330 488 illos
346 430 463 506 quidem
475 433 559 507 quasi
571 432 701 507 plebeios
715 431 897 508 habuerunt?

421 578 544 638 CAP.
585 579 692 637 XVI.

81 675 119 729 De
130 675 252 752 Apolline
259 686 286 730 et
295 675 392 730 Diana
400 677 568 798 eaeterisqup
577 677 682 728 selectis
693 677 759 742 diis,
769 693 834 747 quos
840 689 938 748 portet
947 680 1040 732 mendi

451 761 505 798 esso
517 763 549 798 vo
561 755 665 798 uerunt

104 853 263 926 Apollinem
279 853 412 926 quamvis
427 850 621 908 divinatorem
635 861 665 908 et
681 854 824 926 medicum
841 858 948 927 velint,
975 865 1073 914 tamen

49 937 225 1010 utinaliqua
242 934 441 1008 pertemundi
454 936 633 1001 statuerent:
658 937 752 1009 ipsum
778 940 866 994 etiam
892 941 983 995 solem
1008 955 1073 994 esse

47 1017 189 1088 dixerunt3
215 1017 401 1096 Dianamque
427 1035 596 1094 germanam
618 1019 680 1073 eius
707 1021 840 1075 similiter
853 1022 952 1080 lunam
965 1031 995 1077 et
1008 1025 1072 1078 vie-

47 1119 103 1156 rum
115 1101 309 1176 praesidem*
331 1099 416 1155 Vnde
431 1108 460 1155 et
472 1101 621 1176 virginem
637 1102 757 1172 volunt,
785 1103 860 1177 quod
874 1106 923 1160 vla
936 1102 1011 1159 nihil
1020 1123 1071 1178 po·
1151 1089 1158 1142 =⁸

44 1186 109 1240 riute
132 1192 164 1238 et
173 1183 240 1238 rdeo
264 1183 365 1238 ambos
380 1185 514 1260 sagittas
539 1181 669 1253 haltere,
691 1185 842 1258 quodipsa
856 1185 1072 1243 duosiderode

45 1269 116 1322 eoelo
129 1266 228 1321 radios
241 1275 336 1320 terras
350 1267 443 1344 usque
455 1263 639 1339 pertendant.
683 1265 844 1322 Vulcanum
854 1270 980 1325 volunt
972 1269 1072 1346 ignem
1087 1289 1088 1292 ¹

45 1349 151 1419 mundi,
179 1345 348 1421 Neptunum
361 1363 450 1421 aquas
463 1347 577 1418 mundi,
606 1347 713 1404 Ditem
727 1359 863 1422 patrem,
884 1350 940 1407 hoo
954 1361 999 1407 ert
1013 1353 1070 1408 Or

45 1449 116 1502 enm,
142 1439 293 1486 terrenam
307 1429 479 1486 etinfimam
491 1439 604 1502 partem
617 1431 728 1486 muudi
771 1431 907 1488 Liberum
931 1444 961 1490 et
983 1435 1070 1491 Cere·
1097 1435 1100 1440 '

44 1531 97 1570 rem
109 1521 297 1587 praeponunt
320 1512 496 1583 seminibus,
517 1513 664 1567 velillum
681 1517 867 1585 masculinis,
893 1517 972 1571 illam
986 1518 1070 1573 femi-

44 1599 130 1667 ninis;
152 1597 202 1651 vel
215 1597 297 1649 illum
309 1596 433 1668 liquori,
447 1596 526 1650 illam
540 1613 609 1651 vero
623 1594 752 1649 ariditati
769 1599 921 1652 seminum.
963 1599 1004 1672 Et
1016 1588 1071 1654 lioe

43 1682 133 1753 utique
146 1687 242 1734 totum
255 1673 384 1733 relertu'r
398 1677 435 1732 od
445 1675 601 1748 muudum,
631 1676 735 1744 idest,
762 1677 926 1756 adderem,
940 1684 992 1754 qui
1004 1699 1071 1754 pro·

43 1771 134 1836 pterea
149 1761 248 1816 dietus
262 1770 308 1816 est
320 1759 499 1836 Progenitor
510 1761 713 1836 genitrixque,
740 1761 817 1834 quod
839 1765 936 1817 omnia
961 1765 1073 1818 semina

44 1861 76 1898 ex
87 1861 117 1899 se
131 1845 297 1913 emitteret,
324 1852 354 1898 et
363 1844 399 1898 in
413 1861 444 1898 se
456 1841 609 1916 re'eiperet.
654 1843 893 1918 Quandoquidem
907 1847 994 1900 etism
1008 1845 1071 1901 Ma·

43 1935 109 1982 trem
121 1943 260 2002 magnam
275 1925 396 1981 eandem
411 1923 546 1981 Cererem
558 1925 677 1994 volunt,
691 1943 777 1999 quam
791 1925 864 1982 nihil
878 1926 957 1983 aliud
971 1927 1072 1983 dieunt
1144 1937 1146 1946 ‘
1163 1973 1164 1982 ,

45 2027 101 2064 erse
113 2027 201 2084 quem
213 2017 356 2078 terram,
364 2017 483 2082 eamque
496 2007 651 2082 perhibent
664 2016 693 2062 et
705 2006 856 2066 Iunonem.
899 2009 939 2066 Et
961 2011 1027 2065 ideo
1044 2013 1071 2064 ei
1146 2057 1153 2076 ,

45 2091 177 2148 secundas
205 2109 309 2146 causas
335 2091 470 2146 tribuunt
492 2109 603 2146 rerum:
631 2105 696 2152 oum
710 2099 807 2148 tamen
821 2091 884 2149 Iovi
898 2093 1070 2161 attritorum,

44 2171 209 2251 Progenitor
229 2174 418 2250 genitrixque
445 2173 544 2228 deimz
571 2173 639 2247 quia
652 2175 812 2242 seeundum
827 2189 875 2231 eos
890 2185 970 2236 totus
984 2193 1069 2230 mun-

46 2255 95 2311 dus
104 2259 164 2331 ipse
179 2265 224 2311 est
236 2257 324 2312 Iovis.
367 2253 531 2312 Minervam
557 2258 660 2325 etiam,
688 2259 755 2328 quio
769 2275 832 2312 eam
845 2257 979 2313 humanis
996 2261 1069 2313 orti·
1108 2305 1111 2318 .

46 2337 94 2392 bur
114 2331 360 2413 praemenuerant,
386 2355 443 2394 neo
461 2340 639 2394 invenerunt
651 2338 699 2393 rel
713 2341 825 2394 stollam
838 2340 888 2396 ubi
902 2359 965 2400 eam
977 2359 1068 2414 pone·

36 2430 121 2492 ·,rent
142 2421 266 2480 eandam
278 2423 326 2477 vel
338 2427 483 2477 summum
497 2419 617 2476 aethera
630 2421 678 2475 vel
692 2422 779 2488 etiam
791 2425 892 2485 lunam
906 2441 969 2480 osse
984 2423 1081 2478 dixe--

48 2512 116 2559 runt.
154 2489 299 2560 Vestem
296 2519 413 2578 quoque
436 2505 530 2576 ipsam
543 2511 708 2600 propteroa·
713 2502 833 2564 deorum
845 2507 1001 2564 maximam
1014 2524 1068 2579 pu·
1089 2547 1091 2552 ι

46 2595 185 2658 taverunt,
214 2586 316 2662 quod
298 2605 370 2660 ipso
384 2588 424 2641 eit
435 2595 530 2657 terra3
554 2587 685 2660 quamvis
700 2587 799 2662 ignem
811 2587 927 2645 mundi
924 2590 1068 2644 leviorem

43 2672 87 2741 qui
96 2672 224 2744 pertinet
237 2667 292 2725 ad
287 2687 358 2724 usus
371 2668 521 2725 hominum
533 2669 651 2737 faciles,
676 2687 735 2723 von
749 2670 953 2726 violentiorem
974 2673 1067 2744 qualis

42 2749 153 2809 Vulcani
178 2762 241 2822 est,
269 2753 297 2807 ei
325 2750 522 2825 deputandum
548 2769 613 2805 esse
639 2749 835 2807 erediderunt
878 2752 921 2808 Ae
942 2771 994 2826 per·
1013 2753 1067 2808 Iroo
1140 2769 1142 2774 ’

43 2853 132 2892 omnes
145 2837 220 2891 istos
234 2836 360 2910 selectos
375 2833 443 2890 deos
456 2832 533 2889 hune
547 2851 612 2888 esse
623 2832 762 2888 mundum
772 2836 912 2932 volunt,
904 2854 935 2891 ιιι
947 2836 1068 2916 quibus

15 2923 17 2926 '
41 2917 207 2992 dampartes
223 2920 302 2974 eius:
330 2914 718 2986 universumsicutlovem3
744 2927 842 2988 partes
858 2919 937 2988 eius,
960 2926 994 2973 ut
1007 2917 1067 2973 Ge-
1096 2911 1098 2914 ’

40 3002 128 3072 nium,
154 3010 188 3056 ut
209 3000 336 3058 Matrem
361 3017 512 3084 magnam,
540 3008 572 3054 ut
578 2997 688 3053 Solem
699 3007 729 3054 et
741 2997 869 3071 Lunam,
895 3001 942 3073 pol
969 3001 1067 3073 potius

39 3083 195 3157 Apollinem
209 3093 239 3138 et
252 3079 388 3140 Dianam.
431 3081 472 3137 Et
483 3079 638 3155 aliquando
654 3099 747 3142 unum
769 3076 855 3138 deum
880 3099 929 3138 res
955 3084 1066 3156 plures,

38 3166 188 3240 aliquando
201 3184 295 3222 unam
306 3184 368 3220 rem
381 3165 451 3224 deos
475 3165 573 3237 plures
588 3163 712 3218 faciunt.
755 3162 830 3220 Nam
842 3183 918 3220 unus
933 3163 1004 3218 deus
1018 3181 1066 3216 res
1156 3175 1161 3192 ‘-

36 3250 126 3320 plures
141 3254 230 3318 surit,
258 3249 410 3320 sicutipse
424 3247 548 3318 Iupiter:
577 3255 607 3300 et
619 3245 746 3301 mundus
761 3247 839 3302 enim
851 3256 933 3301 totus
944 3245 1066 3316 Iupiter,

37 3341 63 3384 et
73 3334 167 3387 solum
190 3332 305 3386 eoelum
318 3327 445 3414 Iupiter,
471 3338 501 3383 et
514 3331 576 3386 solo
590 3329 673 3384 stella
687 3315 800 3400 Iupiter
811 3327 935 3384 habetur
949 3336 979 3381 et
993 3326 1065 3380 diei-

36 3421 87 3468 tur.
112 3414 249 3486 Itemque
263 3400 336 3466 Iuno
350 3410 544 3467 secundarum
557 3429 710 3466 caurorum
724 3409 856 3479 domina,
876 3417 905 3463 et
918 3407 991 3464 Iuno
1005 3407 1065 3479 uer,
1098 3428 1103 3436 ι

35 3505 61 3550 et
72 3495 146 3552 Iuno
159 3506 256 3565 terra,
279 3503 310 3548 et
322 3513 348 3550 ιι
340 3493 506 3550 Venerem
517 3496 666 3563 vinceret,
691 3492 764 3549 Iuno
779 3491 879 3548 Stella.
923 3489 1066 3545 Similiter

33 3575 165 3634 IIInerra
187 3595 319 3632 summus
341 3575 458 3647 aether,
485 3585 514 3631 et
528 3576 661 3648 Minerva
674 3576 775 3630 itidem
788 3575 873 3642 luna,
902 3590 987 3645 quom
1002 3589 1067 3650 essp
1091 3571 1095 3578 '

33 3661 63 3716 iu
75 3659 207 3717 aetheris
221 3658 322 3714 infimo
334 3660 619 3714 limite'existimant.
650 3656 745 3712 Vnam
757 3672 905 3710 retorem
918 3653 988 3724 deos
1002 3656 1066 3728 plu·

34 3759 80 3796 res
93 3744 221 3800 iaciunt.
264 3739 304 3796 Et
315 3740 404 3814 Ianus
420 3752 465 3796 ost
476 3741 621 3812 mundus,
642 3748 672 3794 et
685 3737 809 3810 Iupiter:
836 3737 880 3792 sie
894 3745 924 3792 et
935 3734 1068 3800 Iunoest
1111 3763 1119 3776 ·

33 3833 125 3897 tem,
154 3835 185 3880 et
199 3823 295 3882 Mater
308 3842 430 3902 magna,
457 3822 597 3904 etCeres.
