2340 4320
204 220 256 278 us
283 220 508 281 mussas-s
529 215 611 280 'ors
636 224 716 282 sm.
744 224 777 282 v.
829 303 840 322 ἱ
947 197 1005 288 ma

350 371 472 431 car.
514 371 620 431 x1v.
874 331 879 352 ⁴

42 450 267 508 demumdernum
277 453 551 576 Ιαιιᾱὶιζιιιιιαῧιι,
543 455 669 523 quoniam
672 457 815 522 iratorum
822 457 914 527 glon'a
924 459 1005 512 camis

412 543 443 578 aa
483 543 512 577 eo
528 526 573 576 sit.

81 611 134 670 Huic
152 616 232 692 igitar
257 614 410 690 cupiditati
433 617 537 671 melius
560 616 706 672 resistitur
729 619 803 674 sine’
816 615 1006 690 dubitatione,

43 699 193 770 smnecdtur.
217 699 315 756 Tanto
329 701 409 755 enim
420 701 542 774 quisque
555 693 604 754 et'
612 698 677 755 Deo
691 702 825 772 similior,
841 711 949 775 quanto
963 712 1007 758 est

42 777 106 835 ahc
114 781 274 838 inmunditia
286 781 431 838 mundior.
458 783 583 849 (lurein
596 779 650 838 hac
668 785 729 840 vita
753 786 809 840 etsi
827 803 888 840 non
905 784 1005 840 fundi-

41 865 197 922 haendieatur
217 884 256 921 ex
273 866 377 937 corde,
403 866 471 941 quia
489 866 577 921 etiarn
595 865 669 922 hene
687 867 872 941 proficientes
893 869 1006 924 animos

43 949 283 1019 camerescensem
308 951 411 1004 saltem
430 949 571 1023 cupiditas
585 951 696 1034 gloriae
708 961 873 1025 superetur
872 951 1004 1008 dileetio-

46 1041 69 1080 aa
76 1029 171 1089 leathra
184 1041 216 1088 ut
228 1050 255 1087 ss
245 989 395 1104 dlicubi'
386 1041 495 1104 meent,
521 1049 595 1106 quae
608 1032 683 1106 apud
697 1052 824 1110 quosque
837 1035 1004 1109 improban-
1088 1095 1099 1114 Ι

44 1113 77 1181 tar,
90 1131 106 1167 a
101 1113 182 1186 lona,
204 1117 231 1171 si
242 1123 325 1170 recta
338 1123 420 1185 sunt,
447 1116 535 1171 ctiam
546 1133 626 1171 amor
639 1114 781 1172 humanae
793 1117 887 1177 laudis
901 1118 1004 1174 eruhe-

40 1204 81 1266 mr,
97 1207 119 1251 et
127 1198 201 1254 eadat
213 1199 307 1255 anteri
319 1199 461 1254 veritatis.
488 1196 562 1253 Tam
575 1200 653 1254 euim
666 1209 711 1255 est
722 1198 775 1255 hoc
787 1203 892 1257 vitium
905 1202 1004 1256 inimi-

33 1285 71 1333 can
77 1280 124 1353 piae
134 1280 208 1354 fidei,
228 1283 255 1338 si
267 1283 361 1337 maior
373 1283 406 1338 in
419 1281 505 1337 corde
518 1283 557 1336 sit
570 1282 711 1357 cupiditas
724 1285 836 1360 gloriae
849 1302 935 1359 quam
947 1281 1006 1344 Dei
1031 1308 1036 1319 ·

30 1356 82 1424 haas
90 1365 127 1420 rel
137 1384 225 1464 amor3
236 1374 271 1421 ut
279 1364 423 1422 Dominus
436 1365 557 1421 diceret.
575 1363 721 1434 Quomodo
728 1370 868 1444 potastis
874 1369 1005 1437 eredere,
1084 1377 1108 1436 ,ι’

30 1442 108 1512 threan
118 1449 176 1505 ab
164 1450 286 1506 tubicem
302 1459 526 1525 exspectantes,
553 1459 583 1506 ct
599 1449 726 1524 glorium
737 1469 818 1547 'qaae
831 1471 851 1507 a
864 1450 926 1507 solo
940 1450 1005 1507 Deo

30 1537 54 1582 at
65 1550 103 1588 aaa
119 1529 313 1612 quaerentes?
339 1530 413 1588 Item
425 1530 461 1586 do
479 1531 649 1607 quibusdam
665 1535 715 1606 qui
736 1535 767 1588 in
787 1552 853 1588 eum
873 1533 1003 1590 credide·
1070 1573 1071 1578 κ

30 1615 284 1695 saturerebantur
295 1615 546 1689 palameonfitori‚
559 1613 810 1691 aitEvangelista·
825 1615 1006 1676 Dilexeruct

30 1692 104 1754 hrian
114 1677 258 1758 hominum
275 1701 373 1775 magis
393 1717 477 1778 qaam
491 1697 559 1758 Dei.
586 1697 669 1764 Quod
687 1698 781 1754 sancti
798 1698 928 1772 Apostoli
945 1719 1005 1755 non

30 1791 121 1838 serunt:
148 1784 277 1857 quicum
289 1783 321 1838 in
333 1780 379 1837 his
392 1783 462 1838 loeis
478 1779 681 1857 praedicarent
694 1779 802 1841 Christi
815 1800 937 1852 nomen,
956 1781 1006 1837 uhi

30 1866 140 1930 usolura
150 1864 417 1940 improbabatur3
394 1885 435 1922 arc
448 1867 498 1922 illo
511 1867 563 1938 ait,
576 1865 782 1942 iacentqueec
795 1882 919 1938 semper,
933 1881 1006 1938 quae
1096 1855 1100 1878 ⁴

30 1947 59 2002 ad
70 1967 189 2024 quosque
200 1949 417 2022 improbantur3
442 1952 544 2006 verum
563 1951 650 2006 etiam
664 1967 792 2006 summae
806 1949 1005 2008 detestationis
1055 1985 1059 1992 -

31 2029 146 2103 hebetum
158 2041 295 2090 tenentes
308 2032 385 2109 quod
397 2032 551 2092 audierant
563 2051 580 2090 a
592 2033 669 2090 bono
680 2034 831 2111 magistro,
849 2030 1005 2106 eodemque

30 2113 88 2170 dico
99 2119 253 2186 mentium,
280 2113 316 2172 Sa
328 2119 392 2192 qaia
405 2135 449 2173 mc
461 2120 617 2192 negaverit
631 2135 731 2176 coreas
750 2115 928 2184 hominibus,
955 2133 1005 2172 ne·
1023 2143 1025 2146 ·

30 2197 58 2252 bo
69 2217 126 2272 cunr
140 2219 241 2256 coram
254 2196 349 2257 Patre
361 2218 432 2268 mcc,
446 2203 497 2276 qui
509 2202 538 2255 ιἰι
552 2200 640 2256 coelis
655 2210 714 2268 est,
728 2209 758 2256 ct
772 2217 871 2275 copam
881 2197 1004 2274 Angelis

30 2281 59 2353 22⁸3
69 2281 138 2338 inter
148 2279 307 2338 maledieta
320 2289 349 2337 et
362 2282 526 2355 opprobria,
538 2282 616 2337 inter
626 2283 813 2358 gravissimas
827 2283 1003 2355 persecutio-

30 2380 45 2415 a
56 2364 227 2441 crudelesque
240 2383 350 2438 poenes
363 2383 426 2422 non
436 2372 505 2420 sunt
517 2359 649 2420 deterriti
665 2383 682 2420 a
698 2364 914 2439 praedicatione
927 2367 1003 2430 salu-

30 2462 35 2497 ι
52 2443 173 2506 humanae
197 2457 283 2504 tanto
305 2448 423 2504 fremitu
446 2446 614 2504 offensionis
631 2446 789 2524 'humanae
813 2447 853 2506 Et
866 2448 941 2523 quod
954 2466 1003 2504 eos

30 2529 83 2585 rina
96 2531 337 2607 sacientos'atque
357 2531 493 2604 dicentes
505 2529 660 2606 divineque
677 2531 828 2602 =virentes,
855 2531 1003 2588 debellatis
1092 2543 1098 2556 ·

30 2612 180 2672 udamrnodo
194 2614 330 2672 cordibus
343 2615 433 2685 duris,
447 2623 532 2690 etque
545 2613 709 2672 introducta
720 2633 791 2689 pace
804 2616 942 2686 iustitiae,
956 2617 1003 2670 in-

30 2715 53 2752 ιι
66 2699 94 2754 in
100 2697 234 2755 Ecclesia
246 2696 355 2756 Christi
365 2699 459 2776 gloria
470 2706 624 2756 consecuta
634 2706 692 2768 ost3
705 2717 765 2756 non
778 2699 810 2754 in
824 2715 858 2754 ea
867 2706 1005 2773 tanquam
1030 2747 1031 2752 ,
1097 2711 1098 2714 ’

30 2798 88 2837 suae
99 2783 218 2839 virtutis
230 2781 291 2852 fine
311 2783 499 2856 quieverunt:
525 2779 576 2835 sed
590 2799 654 2836 cam
667 2799 779 2857 quoquo
792 2781 885 2855 ipsam
897 2781 934 2838 ad
947 2779 1005 2837 Dei

30 2866 97 2922 riam
109 2865 286 2937 relerentes,
300 2866 381 2924 cuius
394 2866 490 2942 gratia
503 2866 575 2920 tales
589 2873 687 2936 erant,
707 2866 763 2926 isto
777 2883 890 2940 quoquo
903 2865 1004 2920 fomite

30 2951 139 3024 lquibus
152 2947 406 3020 consulebantpacl
419 2966 546 3004 amorem
561 2949 640 3002 illius
654 2965 671 3003 a
684 2957 784 3022 quaet
796 2948 852 3023 ipsi
866 2945 937 3004 talos
951 2947 1004 3003 fie-

30 3041 52 3104 u,
72 3031 281 3090 accendebant.
306 3027 438 3106 Namque
451 3049 488 3103 ne
501 3040 618 3105 propter
630 3027 785 3094 humanam
798 3032 922 3108 gloriam
935 3031 1005 3087 boni

30 3126 85 3187 snt,
105 3115 245 3172 docuerat
257 3133 307 3171 eos
320 3113 462 3193 Magister
474 3116 604 3185 illoram,
631 3114 743 3174 dicens:
773 3113 881 3172 Caveto
891 3113 1006 3184 fucere

30 3201 121 3257 titiam
132 3208 265 3255 vestram
279 3217 378 3254 caram
390 3197 561 3266 hominibus,
575 3208 609 3254 ut
620 3197 781 3262 videamini
793 3197 828 3254 ab
843 3199 901 3270 cia,·
929 3196 1004 3251 alio-

30 3269 253 3343 ansts-cedens
231 3301 288 3338 non
301 3279 446 3338 hahebitis
460 3278 667 3357 apadPatram
679 3291 821 3364 vestrum,
834 3281 885 3354 qui
896 3281 930 3334 ia
942 3297 1005 3335 coe·
1028 3296 1031 3300 ·

30 3376 79 3424 sat.
106 3364 167 3423 Sed
177 3383 279 3421 rursus
291 3383 329 3422 ne
342 3362 396 3420 hoc
408 3381 545 3438 perverse
557 3343 755 3442 intelligehtca
768 3360 932 3418 hominibus
942 3362 1004 3434 pla-

30 3457 236 3520 enumerent,
258 3449 416 3522 minusque
428 3446 601 3522 prodessent
618 3447 734 3504 latendo
754 3443 831 3521 quod
843 3444 913 3508 honi
926 3454 1004 3513 sunt,
1049 3473 1052 3478 ·

30 3542 178 3590 sonstraus
196 3549 254 3606 quo
272 3531 333 3586 fine
349 3532 534 3602 innotescere
551 3530 701 3600 deberent,
727 3528 872 3594 Luceant,
898 3527 1004 3600 inquit,

30 3637 64 3672 ra
74 3626 182 3674 cestra
196 3633 296 3679 coram
308 3613 469 3672 hominihus
477 3651 486 3683 ‚
513 3625 547 3670 ut
559 3614 681 3670 videant
697 3612 772 3668 bona
781 3611 879 3682 facta
891 3619 1005 3680 scama,

30 3699 190 3772 glorificent
203 3696 324 3754 Patrem
337 3708 481 3767 vestram,
504 3699 555 3773 qai
571 3698 601 3751 a'a
619 3696 708 3752 coelis
726 3702 780 3749 eat.
807 3691 874 3755 Non
888 3707 959 3769 crgo
973 3705 1008 3750 ut

30 3784 135 3838 omini
148 3782 185 3837 ab
200 3783 258 3850 cia,
279 3781 310 3837 id
324 3789 382 3850 est,
399 3777 452 3836 hae
471 3781 637 3856 intentione
650 3785 684 3832 ut
696 3793 745 3831 aes
759 3776 861 3833 advos
875 3778 1008 3834 converti

30 3865 88 3936 itis,
117 3866 187 3946 quia
206 3881 263 3920 non
280 3883 332 3940 per
351 3864 530 3946 vos'aliquid
545 3863 628 3917 estis:
655 3860 709 3916 scd
720 3867 753 3914 ut
765 3857 936 3936 glorificent
950 3857 1008 3914 Ρι-
