2266 4312
91 221 132 276 au
286 157 904 280 ¹-nuviuvu'uunuuuncusruuu

271 325 276 348 ¹
375 405 377 410 s
450 347 770 426 cuu.xxuu
826 327 832 332 ’

79 519 82 528 ,
92 467 171 533 Quod
179 465 297 518 insontes
307 465 424 517 bonuine's
435 475 463 516 et
471 463 567 515 reuerita
579 462 743 514 obedientiae
753 463 783 516 in
790 463 925 531 paradiso
935 472 1092 532 purnoueuteu
1104 513 1105 518 ,

143 537 186 589 ita
193 535 362 606 genitalibus
373 533 495 586 ruuernbris
504 533 627 604 siuissent
638 532 715 584 uereri
725 533 763 582 ad
769 533 974 600 generationem
979 533 1061 601 prolis,
1114 508 1133 753 Ε

179 601 182 614 ’
275 627 280 638 =
322 604 393 658 sieut
403 603 517 656 caeteris
528 604 565 654 ud
574 601 718 676 arbitrium
729 603 891 657 volitaretis.
935 665 937 670 ι

154 689 321 760 seminaret
334 701 427 776 igitur
440 700 549 771 prolem
561 699 625 769 vir,
651 700 817 772 susciperet
830 699 940 756 fenuina
952 703 1091 779 genitalibus

90 788 244 856 nuenubris,
264 780 423 858 quandoid
437 791 613 855 opusesset,
628 791 657 836 et
670 791 812 855 quantum
826 795 899 856 opus
914 795 1000 856 esset,
1017 788 1095 840 volun.
1113 778 1133 861 ξ

88 881 147 928 tate
161 864 256 937 nuotis,
271 885 330 921 non
344 863 464 940 libidine
479 867 642 926 concitatis.
669 863 772 938 Neque
786 867 865 920 enim
878 886 914 922 ea
926 870 987 923 sola
998 868 1090 924 membru
1112 863 1133 917 Ι

87 968 236 1009 movemus
261 948 297 1004 ad
321 956 434 1018 nutum,
458 963 531 1022 quae
555 949 710 1022 compactis
733 949 890 1010 articulata
913 960 980 1006 sunt
1001 951 1088 1018 osdbuu,
1112 946 1133 1003 Ε

87 1036 165 1089 sieut
178 1029 265 1106 pedes
280 1041 310 1087 ct
322 1041 426 1086 manus
441 1040 470 1085 et
483 1029 606 1108 digitos:
621 1032 722 1086 iarum
735 1032 824 1086 etiam
839 1033 891 1087 illa
904 1051 978 1107 quaa
991 1032 1087 1089 mollitur
1112 1016 1133 1105 ἓ

85 1117 209 1174 remissa
223 1124 293 1170 sunt
307 1113 417 1184 nervis,
431 1131 519 1187 quum
528 1116 672 1183 volumus,
687 1132 837 1168 movemus
851 1117 1000 1191 agitando,
1013 1127 1038 1171 et
1046 1133 1087 1189 pu·

84 1196 209 1276 rigendo
222 1197 425 1270 producimus,
452 1206 482 1251 et
495 1196 657 1271 torquendo
671 1194 831 1266 flectimus,
845 1208 886 1259 vet
900 1196 1087 1276 constringendo
1116 1258 1133 1269 Τ

86 1283 238 1352 duramus,
265 1283 341 1336 sieut
360 1290 394 1334 aa
408 1288 478 1339 sunt
489 1297 562 1352 quae
575 1281 606 1334 in
621 1296 672 1334 ore
690 1293 725 1334 ae
743 1279 848 1350 facie,
863 1293 1002 1354 quantum
1017 1289 1087 1356 potor,
1110 1276 1133 1329 Ι

33 1425 36 1438 1
85 1367 224 1421 voluntas
236 1361 343 1435 movet.
367 1361 521 1418 Pulnuones
535 1361 660 1436 denique
673 1363 727 1436 ipsi
742 1364 889 1435 omnium,
914 1364 1087 1420 nisi-,neturus
1109 1348 1133 1495 Ξ

85 1466 163 1516 rum,
177 1447 341 1502 mollissimi
353 1447 517 1513 viseerum,
537 1455 568 1499 et
580 1446 615 1501 ob
629 1443 684 1500 hoc
698 1453 785 1500 antro
798 1449 929 1519 pectoris
944 1445 1085 1512 eomnuuuid,
1120 1510 1133 1519 γ’

86 1529 122 1586 ad
141 1531 275 1604 spiritum
293 1527 455 1585 ducendum
473 1546 508 1583 ac
526 1527 737 1583 remittendum
753 1543 914 1604 vocemque
940 1527 1086 1596 enuittenbar
1109 1520 1133 1749 ἓ

86 1631 139 1669 seu
153 1611 478 1682 modificandamsicut
492 1611 576 1665 folles
590 1610 736 1666 fabrorum
749 1613 797 1665 vel
810 1629 1000 1688 organorum,
1013 1612 1087 1678 flantis

60 1751 61 1756 ,
85 1698 271 1770 respirantis,
279 1695 431 1769 loquentis
439 1695 631 1772 ,Uelanuantis,
646 1694 808 1764 cantantis,
824 1697 960 1751 serviunt
974 1693 1086 1753 voluntati
1114 1754 1131 1757 μ

57 1785 61 1792 ’
87 1779 199 1835 Omitto
214 1777 291 1855 quod
304 1777 476 1833 animalibus
490 1776 662 1850 quibusdam
675 1779 852 1847 naturaliter
864 1779 994 1835 inditum
1004 1788 1051 1847 ost,
1068 1781 1086 1830 ul
1109 1772 1133 1851 ξ

43 1870 46 1878 ’
84 1872 203 1938 tegmen
218 1865 274 1936 quo
288 1877 392 1934 corpus
407 1877 493 1914 omne
510 1861 651 1931 vestitur,
678 1861 704 1914 si
723 1859 793 1933 quid
812 1861 844 1916 in
856 1879 1032 1937 quoeunque
1047 1856 1099 1922 loo

85 1947 146 2000 eius
161 1946 310 2016 senserint
322 1942 514 2020 abigendum,
541 1943 583 1997 ibi
601 1951 716 1997 tantum
734 1953 888 2011 moveant,
917 1854 1133 2159 abiecerint!

83 2047 140 2094 nee
154 2029 247 2082 solum
260 2019 422 2082 insidentes
436 2043 562 2095 muscas,
577 2043 678 2080 verum
693 2027 781 2080 etiam
792 2024 948 2082 haerentes
961 2025 1047 2083 hastas
1056 2041 1086 2078 cu·

56 2110 60 2122 ’
84 2113 122 2166 tis
136 2119 262 2164 tremore
276 2109 445 2163 discutiant.
479 2102 627 2180 Nuniquid
641 2109 710 2182 quia
724 2109 753 2164 id
765 2127 825 2164 non
838 2118 937 2182 potest
950 2109 1037 2178 honre,
1047 2105 1086 2161 ides

84 2192 205 2248 Creator
219 2191 324 2264 quibus
339 2192 433 2246 voluit
445 2191 642 2246 animantibus
656 2190 840 2260 ‹lonarenon
854 2190 970 2265 potuitl
988 2191 1032 2248 Sic
1043 2205 1086 2263 erga

41 2269 43 2274 ’
85 2277 188 2346 etipse
202 2273 288 2342 honio
302 2275 396 2346 potuit
410 2273 606 2329 obedientiam
626 2274 902 2330 etiaminicriorum
915 2274 1017 2342 habere
1027 2290 1085 2328 nen-

84 2356 212 2425 brorum,
227 2374 312 2430 qnam
326 2373 378 2410 sua
386 2356 590 2412 inobedientia
602 2356 738 2429 perdidit.
759 2355 863 2430 Neque
877 2361 956 2414 enim
970 2358 1028 2414 Dec
1039 2351 1086 2410 diiu-

38 2485 39 2492 ,
58 2479 60 2484 ,
84 2440 140 2494 cile
153 2439 210 2493 tuit
223 2441 267 2492 sie
279 2440 362 2493 illum
376 2439 511 2510 condere,
531 2447 564 2493 ut
576 2439 608 2493 in
621 2440 683 2494 eius
698 2457 786 2494 carne
800 2441 890 2496 etiam
905 2441 977 2512 illud
989 2459 1041 2496 nan
1051 2433 1086 2492 uiui

84 2523 147 2576 eius
157 2524 309 2577 voluntate
322 2532 501 2591 moveretur,
516 2521 593 2596 quod
605 2539 685 2576 nunc
699 2523 757 2578 nisi
770 2521 894 2578 libidine
908 2543 967 2580 non
980 2531 1085 2579 nuuuetur·

37 2669 41 2682 ,
102 2647 103 2650 ,
146 2603 221 2660 Nam
234 2603 425 2661 othoninum
440 2603 620 2679 quorundam
634 2614 754 2660 naturas
769 2607 904 2661 novimus
918 2610 1034 2680 multum
1045 2619 1086 2658 cat·

55 2727 56 2730 ,
82 2689 154 2748 teris
167 2687 312 2762 dispares,
333 2690 436 2761 etipsa
450 2689 572 2744 raritate
585 2689 748 2757 mirabiles,
768 2691 914 2744 nonnulla
926 2699 958 2746 ut
970 2692 1058 2746 volunt
1075 2718 1092 2753 g

83 2789 203 2844 corpore
217 2771 399 2840 facientium,
410 2777 489 2844 'quae
503 2771 553 2836 alii
567 2772 647 2845 nullo
661 2770 747 2840 modo
760 2781 896 2843 possunt,
918 2782 947 2828 et
959 2771 1046 2828 audita
1055 2767 1087 2822 uix

83 2843 216 2909 credunt.
243 2853 322 2910 Sunt
334 2855 411 2910 enim
425 2855 474 2926 qui
488 2862 518 2908 et
530 2871 615 2908 aures
630 2863 768 2910 unoveant
781 2856 829 2910 vel
843 2857 985 2932 singulas,
998 2856 1038 2910 vel
1048 2867 1086 2906 au·
1111 2832 1133 2907 ff

72 2935 132 2992 ¹bas
147 2938 242 2992 simul.
275 2935 352 2998 Sunt
371 2937 421 3010 qui
443 2946 534 2991 totam
553 2937 713 2992 caesariem
726 2938 820 3010 eapite
834 2941 965 3008 inmuoto,
979 2945 1087 3012 quantun
1112 2906 1133 2993 ff

81 3021 352 3094 capillioccupant,
372 3019 522 3092 deponunt
535 3020 570 3074 ad
584 3019 728 3089 frontem,
754 3031 953 3095 revocantque
966 3037 1044 3094 quum
1054 3031 1086 3072 uu·
1113 3020 1133 3073 Ι

23 3113 25 3117 ’
79 3105 153 3174 luunt.
176 3100 255 3162 Sunt
268 3105 318 3177 qui
336 3120 526 3182 eorumquae
544 3105 715 3166 voraverint
728 3102 941 3158 incredibiliter
952 3101 1096 3178 plurima.

78 3188 162 3242 varia
184 3187 332 3258 paululum
355 3185 533 3260 praecordiis
558 3179 761 3256 contrectatis,
788 3195 928 3260 tanquam
948 3187 982 3242 de
999 3181 1097 3246 racadu,

79 3270 158 3343 qued
177 3270 322 3344 placuerit
340 3269 560 3345 integerrimum
580 3269 741 3340 proferunt.
776 3269 901 3335 Quidam
917 3289 1003 3326 voces
1018 3269 1086 3322 avium

78 3367 273 3427 pecorumque
287 3361 317 3407 et
330 3355 453 3408 aliorum
473 3351 668 3425 quorumlibet
688 3350 838 3408 hominum
852 3355 895 3408 sic
908 3355 1051 3408 imitantur
1060 3353 1085 3398 ol·

20 3487 21 3490 ,
69 3453 135 3511 quc
150 3437 330 3508 exprimunt,
343 3445 377 3490 ut
390 3427 448 3491 nisi
462 3434 628 3505 videantur,
643 3434 772 3490 discerni
787 3437 909 3514 cornino
923 3455 982 3510 non
993 3433 1085 3508 possid

9 3539 11 3564 ι
80 3516 223 3574 Nonnulli
236 3519 271 3574 ab
284 3519 342 3574 iuno
356 3520 420 3573 sine
434 3513 715 3592 paedorefluudorc]
734 3520 794 3576 ulle
812 3519 855 3574 ita
875 3533 1039 3576 numerosos
1053 3524 1086 3584 pn

80 3601 329 3657 arbitriosonitus
343 3600 442 3670 edunt,
456 3610 489 3656 ut
503 3618 539 3654 ex
558 3601 609 3654 illa
622 3601 711 3658 etiam
725 3610 807 3674 parte
822 3611 940 3658 eantare
952 3599 1087 3658 videantur·
1120 3596 1133 3655 Ι

79 3678 145 3754 lpse
153 3702 221 3747 sum
235 3695 384 3758 expertus,
398 3684 501 3739 sudare
515 3681 662 3738 hominem
677 3686 772 3740 solere
786 3691 875 3758 quum
887 3686 984 3740 vellet.
1005 3679 1087 3736 Notlffl
1122 3676 1133 3731 Ι

81 3774 138 3834 est,
153 3765 294 3839 quosdam
305 3765 377 3822 llere
391 3786 479 3842 quum
492 3769 610 3835 volunt,
624 3776 712 3841 atque
725 3767 853 3823 ubertim
862 3769 996 3823 lacrimas
1008 3755 1086 3816 duodo·
1123 3750 1133 3819 i

78 3863 122 3902 re.
144 3846 203 3904 laun
216 3848 287 3904 illud
300 3852 390 3906 multo
405 3860 449 3905 cst
462 3848 679 3924 incredibilius,
699 3849 778 3926 quod
789 3852 922 3928 plerique
934 3849 1031 3905 fratres
1041 3853 1085 3896 ¹1⁰·

156 3935 159 3944 '
699 3955 702 3962 -
930 3947 934 3950 ·
987 3941 1002 3974 e
