2362 4312
179 243 218 296 ιι
348 211 350 216 ’
371 231 499 301 mvi
524 227 710 288 sunnin
735 189 1050 324 ιιιιιιιιιιι

181 397 263 461 runt,
291 405 357 445 cum
369 385 455 442 ludos
470 383 621 453 scenicas,
648 382 699 438 ubi
710 381 781 437 talia
794 367 997 472 celebrantur,
1024 383 1112 440 ‹lictlt
1112 400 1140 440 ar

181 475 355 544 actitantur,
380 479 410 525 et
428 467 569 526 Romanis
594 465 725 522 moribus
752 467 941 538 invexerunt,
970 475 999 522 et
1012 469 1074 524 suis
1088 466 1140 522 hor

181 557 236 613 bus
250 555 343 611 dicari
365 549 555 625 exhiberique
578 531 748 605 iusserirntl
775 547 834 605 Cur
859 567 930 626 ergo
953 569 1014 606 non
1032 548 1103 606 hinc
1118 570 1140 606 m

154 649 161 712 j
182 641 240 713 ipsi
252 636 395 694 intellecti
408 639 478 692 sunt
495 651 557 688 non
571 650 635 688 esse
654 631 701 690 dei
714 633 794 701 veri,
820 651 875 688 nee
890 634 1011 700 omnino
1023 633 1119 711 (ligni,

182 723 236 786 bus
251 720 366 778 <lisinas
387 715 514 772 honores
534 714 663 770 deferret
680 711 930 788 illatrespublical
960 717 1041 782 Quos
1060 719 1140 772 enim

142 794 145 800 ¹
182 806 302 860 minium
329 801 448 856 deceret
472 799 650 872 minimeque
677 807 843 870 oporteret,
874 800 900 853 si
924 799 1009 854 ludos
1038 810 1140 872 expete

102 926 104 934 ι
183 877 312 964 agendos
326 883 470 940 conviciis
490 881 705 950 Romanorum,
731 881 876 960 quomodo
896 899 1008 956 quaeso
1021 883 1140 952 colendi

182 971 238 1025 tati
252 967 334 1037 sunt,
359 965 503 1042 quomado
517 983 578 1032 non
593 956 758 1026 detestandi
771 966 892 1037 spiritus
905 966 1066 1063 intellecti,
1091 968 1140 1063 qui

183 1050 305 1126 piditate
317 1049 439 1106 fallendi
451 1051 531 1120 inter
545 1063 615 1104 suos
633 1045 761 1103 honores
782 1065 836 1103 sua
855 1049 998 1104 celebrari
1015 1051 1140 1106 crimina

180 1129 364 1208 pesceruntl
383 1114 514 1206 Itemque
527 1129 665 1201 Romani,
678 1131 810 1204 quamvis
826 1131 883 1186 iam
897 1133 1108 1210 superstitione
1122 1152 1140 1188 n

158 1273 159 1276 ,
184 1226 399 1314 premerentur,
425 1225 459 1271 ut
485 1216 552 1270 illos
578 1213 649 1268 deos
664 1214 807 1284 celerent,
831 1231 904 1288 quos
928 1207 1066 1282 videbant
1089 1216 1140 1271 sibi

183 1302 284 1356 luisse
281 1301 420 1370 scenicas
443 1286 641 1370 turpitudines
666 1298 852 1368 consecrari,
881 1313 952 1353 suae
969 1307 1068 1356 tamen
1082 1299 1140 1376 dig]

93 1385 94 1388 ’
183 1385 221 1439 tis
236 1401 378 1438 memores
393 1400 426 1437 ac
439 1380 576 1455 pudoris,
602 1387 718 1435 actores
732 1381 835 1435 talium
848 1371 1013 1437 fabularum
1026 1401 1140 1456 nequaq

176 1461 403 1522 ¹honoraverunt
424 1482 505 1520 more
527 1463 729 1532 Graecorum,
759 1459 812 1518 sed
834 1459 913 1519 sicut
934 1463 1010 1536 apud
1037 1464 1140 1521 Cicero

184 1549 262 1606 idem
281 1533 381 1623 §cipio
395 1549 544 1622 loquitur:
571 1545 668 1618 „Cum
690 1555 784 1606 artem
805 1547 948 1614 ludicram
970 1565 1140 1622 scenamque

184 1642 266 1704 „tam
279 1633 386 1705 probro
405 1631 562 1701 ducerent,
588 1641 682 1706 genus
701 1629 731 1684 id
748 1628 899 1700 hominum
916 1629 1138 1704 nonmodoho

184 1705 315 1794 „civium
327 1715 508 1790 reliquorum
521 1730 638 1784 carere,
665 1711 716 1770 sed
736 1715 824 1768 etiam
835 1715 915 1778 tribu
929 1717 1042 1770 moveri
1055 1709 1140 1772 notat

104 1799 108 1816 ¹
186 1799 346 1872 „censoria
359 1797 557 1856 volucrunt‚“
599 1795 755 1852 Praeclara
769 1813 851 1865 sane,
879 1806 909 1851 et
921 1794 1065 1853 Romanis¹
1076 1799 1140 1854 laud

183 1875 403 1950 annumeranda
422 1880 591 1953 prudentia:
618 1877 671 1933 sed
694 1879 800 1933 vellem
822 1897 853 1933 se
876 1881 940 1953 ipsa
962 1887 1140 1955 sequeretur

97 1989 99 1992 ·
185 1969 361 2022 imitaretur.
416 1962 495 2018 Eece
519 1963 598 2016 euim
618 1970 700 2016 reete
724 1962 857 2042 quisquis
881 1964 990 2018 civium
1011 1964 1140 2036 Romane

112 2073 114 2080 ·
136 2091 138 2096 .
185 2045 395 2106 essescenicus
410 2047 564 2126 elegisset,
591 2063 652 2100 non
671 2045 766 2102 selum
785 2047 813 2100 ei
833 2047 931 2102 nullus
949 2047 986 2102 ad
1003 2031 1140 2107 honoren

183 2132 379 2200 baturloeus,
400 2129 616 2184 verumetiam
637 2130 769 2184 censoris
792 2137 864 2184 nota
885 2130 994 2210 tribum
1018 2142 1123 2200 tenere

125 2203 127 2208 ’
184 2217 276 2288 priam
289 2211 411 2270 luinime
431 2195 592 2268 sinebatur.
636 2210 813 2268 Oanimum
831 2213 959 2268 civitatis
978 2214 1074 2270 laudis
1095 2218 1140 2272 avi

184 2313 381 2392 germaneque
394 2291 574 2352 Romanuml
602 2293 662 2351 Sed
683 2294 896 2368 respondeatur
909 2295 992 2369 mihi,
1013 2316 1073 2372 qua
1085 2317 1140 2356 ceu

184 2390 272 2438 tanea
285 2381 401 2476 ratione
414 2371 547 2434 homines
567 2380 679 2434 seenicr
670 2380 727 2435 ab
742 2397 821 2434 omni
813 2377 946 2436 'honore
959 2383 1140 2454 repelluntur

87 2499 88 2502 =
179 2463 254 2538 ,ludi
261 2464 375 2520 scenici
393 2461 515 2532 deorum
537 2459 698 2522 honoribus
722 2459 938 2519 aduliscenturl
964 2462 1032 2520 lllas
1052 2463 1140 2522 theat]

185 2556 263 2602 artes
279 2546 328 2602 diu
342 2547 438 2601 virtus
451 2543 585 2601 Romana
598 2564 658 2602 non
672 2555 809 2603 noverat:
836 2563 911 2620 quae
925 2564 953 2601 ιιι
942 2536 1000 2628 ad
1015 2537 1140 2628 oblectat

185 2640 249 2686 tum
274 2631 433 2702 voluptatis
458 2627 603 2685 humanae
618 2638 856 2706 quaererentur,
854 2630 940 2685 vitio
966 2621 1082 2692 morum
1099 2634 1140 2688 irr

185 2721 253 2769 rent
264 2711 467 2768 humanorum.
512 2711 564 2768 Dii
577 2731 625 2767 eas
644 2713 699 2768 sibi
714 2712 844 2768 exbiberi
850 2713 1038 2790 petiverunt:
1066 2733 1140 2796 quon

186 2813 258 2872 erge
272 2796 410 2852 obiicitur
428 2797 579 2867 scenicus,
606 2812 660 2868 per
677 2812 763 2869 quem
782 2795 890 2850 colitur
904 2781 1006 2856 Deusl
1031 2793 1072 2854 Et
1088 2787 1140 2854 tlte

186 2897 237 2934 eae
257 2879 336 2938 illius
356 2878 548 2952 turpitudinis
569 2897 626 2953 qua
640 2879 738 2932 fronte
767 2885 888 2934 notatur
901 2889 1001 2952 actor,
1028 2882 1054 2936 si
1072 2873 1140 2938 ador

177 2947 325 3018 exactori
351 2961 385 3019 ln
407 2960 461 3018 hae
485 2963 688 3018 controversia
703 2959 810 3016 Graeci
832 2951 1015 3061 Romanique
1029 2983 1139 3021 concer

186 3045 292 3102 Graeci
310 3053 432 3119 putant,-
455 3052 535 3099 recte
549 3063 580 3099 se
592 3043 737 3098 honorare
747 3042 881 3100 homines
895 3049 1045 3118 scenicos,
1072 3050 1140 3122 qula

184 3131 252 3185 lunt
264 3126 401 3185 ludorum
414 3128 598 3182 scenicorum
611 3118 793 3203 flagitatores
802 3125 900 3184 deos:
927 3121 1054 3185 Romani
1071 3149 1140 3188 vero

184 3212 312 3266 minibus
327 3211 452 3265 scenicis
474 3227 529 3265 nee
546 3209 688 3282 plebeiam
701 3209 826 3282 tribum,
873 3222 962 3268 uento
979 3231 1078 3269 minus
1094 3229 1140 3270 ser

184 3296 258 3351 riam
272 3293 384 3348 curiam
398 3290 584 3348 dehonestari
597 3277 719 3348 sinuati
733 3291 766 3348 ln
779 3291 833 3348 hac
846 3229 1060 3368 <disceptatione
1072 3287 1140 3353 huin

184 3376 274 3432 modi
285 3376 472 3432 ratiocinatio
498 3393 639 3432 summam
653 3377 843 3450 quaestionis
868 3373 1002 3434 absolvit
1037 3377 1140 3452 Propo

187 3460 307 3516 Graeci:
330 3457 365 3514 Si
377 3447 418 3513 dii
436 3460 508 3514 tales
528 3450 644 3514 colendi
661 3468 746 3530 sunt,
770 3456 903 3532 profecto
918 3463 1007 3517 etiam
1023 3463 1098 3518 tales
1116 3461 1140 3517 h

185 3559 237 3598 nes
261 3540 434 3597 honorandi
482 3541 644 3598 Assummit
664 3541 804 3598 Romani:
841 3541 899 3598 Sed
922 3541 1004 3600 nullo
1028 3545 1140 3601 modo

182 3623 316 3680 homines
333 3622 498 3683 honorandi
511 3633 589 3681 sunt.
639 3613 828 3683 Concludunt
848 3624 1021 3685 Christiani:
1047 3625 1137 3690 Nullo

183 3703 219 3760 do
235 3706 382 3783 igitur'd-ii
395 3710 470 3765 tales
483 3707 601 3764 colendi
614 3720 705 3766 sunt..
