2340 4312
62 241 65 254 ¹.
134 205 172 262 m
361 152 954 294 orvinvnrmrnvcvsrmr

57 413 75 433 x
131 356 206 412 cline
219 353 254 408 de
268 353 416 426 illo-quem
429 350 532 426 genuit
544 349 634 406 Adam
648 351 679 406 in
694 351 757 404 eius
771 349 996 418 successionem,
1007 365 1080 422 quem
1089 345 1128 399 ira·

131 449 179 494 ter
193 436 309 505 occidit,
323 444 353 490 et
366 435 522 507 appellavit
535 451 641 488 nomen
655 434 734 488 illius
748 431 832 501 Seth,
846 430 1012 500 dieens‚¹,ut
1024 431 1129 502 scriptun

86 521 87 526 ’
134 530 189 589 est,
202 518 369 592 Suscitavit
383 519 457 572 enirn
470 514 542 570 mitt
556 513 639 572 Deus
654 533 750 571 semen
764 515 850 570 aliud
856 533 918 590 pro
931 509 1010 583 Abel,
1023 532 1089 588 quen
1098 531 1128 566 or·
1169 516 1170 549 Ι

65 633 67 638 v
133 605 207 658 cidit
216 601 304 656 Cain.
320 599 391 658 Cum
405 601 502 672 itoque
516 600 589 652 istae
603 599 677 654 duae
691 599 782 652 series
796 600 1035 674 generationum,
1052 613 1098 650 una
1108 592 1129 646 de
1166 582 1170 633 Ι

65 709 66 712 “
133 683 216 755 Seth,
230 682 369 738 alterode
383 680 466 749 Cain,
481 679 532 736 hes
544 680 616 735 duas
627 681 663 736 de
674 681 778 755 quibus
792 681 920 756 agimus,
937 680 1071 734 distinctis
1079 676 1129 732 ordi-
1143 738 1145 748 ἲ
1166 665 1170 695 ¹

133 769 218 822 nibus
228 767 382 820 insinuc'nt
393 763 544 834 Civitates,
558 782 646 818 unam
660 765 818 819 coelestem
830 765 863 818 in
876 765 966 818 terris
978 762 1130 836 peregrinan-
1141 830 1145 835 ,.
1165 746 1170 803 Ι

133 859 208 919 tem,
234 850 355 902 niteram
375 856 522 900 terrenam
540 847 666 902 terrenis
685 855 824 920 tanquam
843 847 905 900 sola
925 848 985 922 sint
997 843 1134 921 gaudini>
1164 830 1170 893 Ι

35 975 49 996 „
132 931 263 986 hiantem
275 931 322 984 vel
342 927 557 998 inhaerentcm3
583 930 682 984 nullus
697 929 888 1005 de'progenie
901 927 986 998 Cain,
1006 945 1065 982 cum
1076 926 1140 980 dirr-
1165 912 1170 961 Ι

134 1022 244 1068 metata
257 1013 296 1066 sit
309 1021 518 1066 connumerato
524 1011 622 1066 'Adam
635 1011 777 1085 usquead
792 1021 924 1066 octavam
940 1010 1128 1086 generatione,

134 1103 205 1170 quot
225 1111 368 1148 annorum
387 1093 491 1148 fuisset
509 1111 664 1168 expressus
680 1076 761 1162 ιιι,θ
777 1093 893 1166 quando
910 1094 1016 1169 genuit
1033 1111 1087 1148 eun
1100 1089 1129 1162 qri

135 1184 377 1232 commemoratur
389 1183 456 1248 post
470 1173 546 1229 cumi
572 1167 675 1230 Nolui!
686 1177 764 1233 enim
778 1174 907 1248 Spiritus
921 1175 979 1242 Dei
990 1178 1021 1230 in
1033 1185 1130 1230 terrenae

28 1251 33 1262 ’
134 1259 269 1316 Civitatis
284 1257 523 1333 generationibus
537 1266 668 1330 tempora
681 1267 873 1328 notare-ante
892 1259 1046 1328 diluvium,
1068 1255 1130 1312 sedin

135 1342 271 1398 eoelestis
286 1341 398 1409 moluit,
414 1349 550 1414 tonqua'm
565 1349 663 1395 essent
675 1341 815 1396 memoria
828 1340 993 1417 digniores,
1014 1339 1141 1398 Persou·
1169 1350 1170 1363 ¹

135 1435 195 1481 tem
209 1422 280 1478 Seth
295 1422 411 1496 quando
424 1433 510 1477 natus
526 1433 588 1495 est,
610 1441 673 1480 non
683 1421 804 1496 quidem
816 1426 901 1479 taciti
915 1433 985 1479 sunt
997 1419 1141 1496 annipnricss
1168 1408 1170 1453 Ι

30 1543 33 1549 s
134 1509 210 1577 eius,
225 1507 276 1564 sed
290 1507 347 1559 ianr
360 1516 505 1581 genuerat
518 1508 606 1562 alios:
626 1516 655 1561 et
667 1523 765 1562 utrum
778 1505 942 1562 solos'Cuin
958 1505 987 1562 'et
999 1507 1071 1576 Abel,
1081 1502 1130 1559 affit-
1167 1490 1170 1527 Ι

88 1581 96 1590 “
133 1609 213 1646 mare
228 1591 293 1663 quis
308 1584 430 1643 audent
458 1587 525 1643 Non
545 1591 627 1647 enim
642 1590 711 1662 quia
731 1591 785 1643 soli
803 1591 949 1644 nominati
967 1599 1036 1644 sunt
1049 1595 1130 1662 proptu

135 1672 253 1728 ordines
267 1673 506 1749 generationum,
528 1665 598 1744 quar
613 1675 833 1726 commemorari
846 1674 1008 1745 oportebat,
1021 1672 1077 1726 ideo
1087 1685 1140 1724 cor.

135 1773 259 1829 sequens
270 1754 365 1810 videri
373 1753 468 1823 debet,
483 1757 559 1808 solos
573 1755 666 1809 fuisse
681 1763 750 1823 tune
764 1765 921 1831 generatos
933 1774 973 1811 ex
986 1754 1076 1810 Adam.
1086 1750 1135 1808 cur

124 1841 214 1893 enim
228 1839 345 1893 silentio
361 1838 507 1909 coopertis
521 1839 649 1914 omnium
663 1837 830 1892 nominibus
846 1846 1041 1907 caeterorum,
1053 1839 1130 1911 legatur

36 1937 40 1946 ·
135 1939 200 1976 eum
217 1922 357 1997 genuisse
371 1919 447 1991 filios
462 1929 491 1974 et
503 1919 595 1991 filias,
620 1930 708 1994 quota
720 1920 809 1986 fuerit
824 1923 881 1976 ista
894 1923 991 1994 proles
1006 1923 1075 1988 eius,
1091 1915 1140 1989 quir

51 2039 76 2077 Ι»
134 2012 300 2077 praesumat
314 2021 454 2073 asserere,
470 2004 496 2058 si
510 2004 623 2077 culpam
636 2000 810 2060 temeritatis
820 2001 936 2059 ‘evitati
955 2001 1051 2058 Potuit
1062 2001 1140 2076 quippe&
1168 2056 1170 2065 ,

135 2086 225 2148 Adam
240 2086 380 2164 divinitus
396 2083 562 2140 admonitus
577 2086 692 2155 dicere,
714 2096 816 2160 postca
830 2085 917 2160 quem
930 2085 1002 2142 Seth
1015 2087 1130 2146 natusest,

133 2166 300 2223 Suscitavit
314 2169 389 2222 enirn
402 2166 474 2223 mibi
485 2167 568 2224 Deus
582 2185 678 2225 semen
691 2169 841 2246 nlindpro
855 2169 945 2243 Acen·
958 2169 1082 2244 quoniam
1091 2162 1131 2219 tait

24 2321 27 2328 Ι
77 2295 79 2298 .
134 2258 197 2304 crat
211 2249 337 2318 futurus,
351 2251 401 2322 qui
413 2252 548 2324 impleret
560 2253 638 2312 illius
653 2254 849 2323 sanctitatem,
864 2271 925 2308 non
938 2250 1012 2327 quod
1021 2248 1141 2324 ipsepritt

133 2340 200 2404 post
221 2334 445 2402 eumtemporis
466 2333 568 2388 ordine
588 2344 768 2390 nasceretur.
801 2323 918 2391 Deinde
938 2335 1013 2409 quod
1030 2334 1131 2404 scriptur
1167 2316 1170 2361 Ι

132 2423 188 2484 est,
208 2411 233 2466 V
232 2415 290 2468 init
303 2424 401 2484 autern
415 2413 487 2470 Sstb
500 2418 624 2491 quinque
637 2427 666 2472 et
680 2418 820 2474 ducentes
835 2435 940 2487 annos,
954 2420 1001 2474 vel
1014 2413 1131 2472 secundun
1167 2398 1170 2441 Ι

132 2492 294 2566 Hebraeos,
309 2497 433 2571 quinque
447 2508 476 2552 et
489 2508 603 2554 eentum
617 2515 720 2566 annos,
734 2511 764 2556 ct
776 2503 880 2573 gen-nit
892 2499 990 2556 Enoc:
1003 2501 1062 2573 quir
1074 2491 1142 2570 pond

132 2580 193 2634 nisi
205 2577 439 2633 inconsideratus
453 2597 635 2649 asseverare,
656 2578 735 2635 bunc
747 2583 810 2636 eius
823 2583 1050 2658 primogenitum
1059 2565 1145 2637 sured.
1167 2564 1170 2607 Ι

130 2659 171 2740 Vt
185 2660 362 2715 admirantes
376 2663 480 2716 merito
495 2663 696 2734 requiremus,
723 2663 866 2736 quomodo
887 2683 940 2738 per
955 2673 999 2720 tot
1011 2661 1132 2718 annosiu·
1166 2644 1170 2695 Ι

64 2772 66 2774 -
132 2746 227 2798 munis
240 2744 362 2798 'fuerita
377 2743 526 2816 connubio
547 2745 611 2800 sine
630 2747 692 2800 ulio
709 2748 861 2819 proposito
883 2749 1089 2815 continentiae,
1105 2735 1144 2794 vd
1163 2730 1170 2779 Ι

87 2843 101 2908 J
131 2827 193 2881 nen
207 2827 345 2902 genuerit
359 2819 551 2901 coniugatus3
566 2825 681 2898 quando
693 2827 808 2902 quidem
822 2832 912 2884 etiam
927 2830 962 2898 de
975 2832 1037 2902 ipso
1050 2828 1133 2904 legitur,
1164 2812 1170 2859 Ι

131 2908 173 2964 Et
185 2910 289 2984 genuit
299 2907 385 2978 filios
399 2917 429 2963 et
439 2908 544 2979 filins,
567 2909 734 2981 etfnernnt
747 2929 844 2968 omnes
858 2913 922 2971 dics
936 2911 1008 2978 Setb
1022 2907 1142 2984 duodeci!¹
1164 2894 1170 2945 Ι

127 3003 163 3047 ὀι
181 2992 324 3065 nongenti
341 2987 428 3059 unni,
452 3001 481 3046 et
493 3001 640 3048 ,mortuus
651 3003 705 3048 est.
731 2993 828 3067 Atque
840 2995 883 3049 ita
897 2995 1033 3068 deinceps
1046 3001 1136 3066 quoni!
1162 2978 1170 3029 Ι

127 3076 202 3129 ιιιιιιί
222 3082 497 3142 commemorantur,
523 3091 578 3127 nec
592 3074 668 3130 filios
686 3075 819 3149 filiusque
837 3081 980 3154 genuisse
999 3080 1135 3132 reticentur·
1160 3062 1170 3119 Ι

37 3185 44 3200 ι
131 3156 172 3211 Ac
185 3175 238 3230 per
251 3153 305 3209 hoc
319 3173 378 3209 non
392 3164 512 3228 apparet
526 3158 660 3228 omnino,
684 3165 784 3213 utrum
797 3162 1029 3233 quinominetur
1041 3159 1136 3236 genius
1161 3146 1170 3221 Ι

132 3239 192 3312 ipse
206 3238 297 3308 fuer-it
309 3233 540 3314 primogenitus:
567 3239 721 3311 imovero,
736 3244 873 3314 quonium
887 3243 1026 3308 credibile
1039 3260 1093 3298 non
1103 3241 1137 3298 ab
1162 3228 1170 3305 Ι

121 3331 228 3394 patres
243 3322 309 3374 illos
323 3329 419 3375 aetate
433 3330 491 3375 tam
505 3322 593 3398 longa
608 3331 658 3377 aut
671 3324 835 3396 impuberes
849 3326 954 3397 fuisse,
974 3334 1024 3381 aut
1036 3315 1136 3394 couiup't
1164 3312 1170 3389 Ι

123 3403 186 3458 'bus
201 3405 331 3458 caruisse
343 3405 391 3458 vel
404 3404 547 3472 foetibus3
561 3421 615 3460 nec
629 3407 695 3460 ilios
710 3417 812 3463 eorum
822 3407 899 3464 filios
910 3412 1019 3480 primos
1032 3409 1071 3462 eis
1080 3411 1137 3462 ιιΙ·Ι
1165 3392 1170 3463 Ι

121 3485 223 3540 ¹fuisse
236 3485 380 3558 ‘credibile
399 3495 452 3540 est.
481 3485 540 3542 Sed
560 3505 625 3543 curn
642 3505 742 3566 sacrae
764 3492 892 3564 scriptor
910 3490 1048 3548 historiae
1063 3487 1095 3542 ud
1108 3497 1137 3538 rr·
1165 3478 1170 3533 Ι

131 3575 195 3621 tum
207 3569 355 3641 vitamque
369 3567 443 3637 Noe,
458 3571 541 3624 cuius
553 3570 836 3648 temporcffidiluvium
847 3573 957 3630 factum
968 3583 1023 3642 est,
1035 3590 1083 3644 per
1093 3581 1137 3622 suc·

132 3651 282 3704 cessiones
297 3653 527 3726 generationum.
536 3656 646 3708 notatis
661 3657 838 3726 temporibus
853 3658 1018 3714 intenderet
1030 3647 1136 3726 perveni·

131 3745 176 3797 re,
192 3749 241 3783 eas
256 3733 356 3804 utique
371 3737 621 3806 commemoravit,
640 3755 701 3792 non
716 3717 790 3810 quiae
804 3741 915 3813 primae
929 3731 1136 3811 crisparentur
1169 3794 1170 3799 ἵ

120 3809 255 3880 tuerint,
270 3813 321 3867 red
333 3833 408 3888 quae
421 3818 452 3872 in
465 3819 685 3892 propagationis
700 3819 832 3882 ordinem
846 3824 989 3882 venerint.
