2324 4312
141 215 199 276 or
221 211 445 314 ervisius
467 213 745 352 ostelens.
768 215 771 224 ¹
901 222 962 279 aaa
989 269 993 276 .

64 386 74 424 s
87 376 140 426 est.
157 366 238 424 Nam
250 367 380 443 prolecto
393 368 459 422 sl
433 386 461 423 er
459 359 608 465 alligari⁸
603 375 658 440 est,
672 353 732 424 ιίοιι
744 385 830 442 possa
842 368 960 430 seduce-

70 469 128 508 non
141 452 286 532 permitti3
300 449 370 526 quid
381 451 439 506 er‘it
451 453 537 522 solvi,
551 450 610 507 nisi
622 469 708 526 posse
720 450 875 523 seducere,
896 454 962 511 sive
1046 463 1050 472 “

63 530 190 600 ,lQuod
204 533 280 590 absit
290 543 323 590 ut
335 533 403 590 fiat:
426 533 477 590 sed
490 535 619 610 alligatio
633 533 751 606 diaboli,
766 543 882 592 estnon
894 552 962 609 per-

63 635 169 684 oreore
189 624 283 673 totanr
294 618 501 688 tentationem,
527 635 615 692 quam
626 625 723 693 potest
734 618 886 680 velvrvel
898 618 962 676 dolo
1035 677 1037 681 ,
1066 655 1071 668 ι

63 699 174 756 cendos
197 681 372 771 domines,'
363 719 396 757 ιιι
417 709 529 775 partem
550 717 632 756 suam
654 702 786 778 cogendo
808 703 965 786 violenter,

63 793 174 862 *uterve
186 782 324 840 fallendo.
363 784 457 850 Quod
465 785 491 838 si
509 784 725 882 permitteretur
742 785 775 840 in
793 794 853 842 tarn
872 777 963 861 longo

63 853 110 922 tet
122 875 205 924 tanta
217 866 386 924 infirmitate
398 868 570 938 multorum,
592 858 732 941 plurirlros
751 869 839 939 tales,
864 869 965 943 quales

73 951 186 1025 perpeti
198 968 258 1006 non
270 951 349 1020 vult,
371 959 401 1006 et
418 949 518 1006 fideles
536 949 690 1022 deiiceret,
713 960 743 1008 et
759 970 799 1008 ne
813 947 970 1014 crederent
1056 987 1060 1002 »

63 1042 103 1103 et;
116 1032 196 1108 quod
206 1051 244 1090 ne
256 1033 377 1105 laceret,
390 1034 527 1110 alligatur
540 1043 594 1090 est.
974 1037 983 1060 Χ

63 1135 84 1184 ιο
97 1125 194 1174 autem
207 1118 354 1187 solvetur,
376 1115 490 1192 quando
507 1125 539 1172 et
552 1117 641 1174 breve
658 1105 771 1193 tempas
791 1117 856 1174 erit.
891 1115 966 1174 Nam
980 1141 994 1166 .’
1050 1141 1069 1176 .·

64 1200 130 1256 nnis
144 1209 175 1256 et
187 1215 241 1256 sex
252 1200 400 1268 mensibus
418 1201 528 1277 legitur
540 1201 611 1256 totis
628 1202 688 1256 suis
705 1207 881 1276 erroremque
893 1202 966 1257 viri-
983 1229 989 1235 «

63 1283 184 1342 siturus:
198 1294 229 1342 et
242 1285 314 1340 tales
328 1290 427 1354 erunt,
439 1303 507 1340 euru
519 1283 622 1359 quibus
633 1303 661 1340 e1
651 1283 901 1360 belligerandum
911 1293 967 1351 cst,

63 1374 160 1423 ,tanto
178 1369 240 1423 eius
257 1367 367 1441 impetu
384 1366 557 1444 insidiisque
575 1385 636 1429 non
654 1369 776 1442 possint.
819 1366 854 1424 Si
870 1375 968 1423 antem
1020 1433 1027 1456 ·

63 1451 271 1520 resolveretur,
284 1451 381 1506 rninus
391 1459 544 1524 appareret
553 1451 615 1505 cius
624 1451 753 1528 maligna
761 1451 902 1524 potentia,
912 1451 967 1505 mi·
999 1497 1001 1500 .

63 1541 135 1588 totae
142 1531 282 1590 'Civitatis
304 1532 473 1590 fidelissima
493 1535 635 1630 patieptia
656 1534 845 1606 probaretu13
871 1534 994 1592 nunus·

63 1617 311 1713 perspiceretur,
336 1635 423 1692 quom
436 1635 543 1694 magno
556 1618 620 1676 eius
632 1617 708 1674 nralo
722 1625 782 1672 tam
794 1616 867 1671 benc
881 1615 971 1678 luerit

63 1700 233 1776 unipotens:
256 1701 308 1796 qui
330 1716 397 1754 eum
418 1718 474 1758 nec
498 1701 616 1756 omnino
635 1700 755 1756 abstulit
772 1717 789 1754 a
807 1699 969 1754 tentatione
1072 1697 1078 1706 “

63 1800 127 1864 um,
145 1783 284 1857 quamvis
298 1781 333 1837 ab
345 1800 447 1838 eorum
460 1777 646 1837 interioribus
664 1780 848 1851 horninibus,
873 1779 946 1836 ubi'
938 1798 971 1836 ιιι

63 1865 204 1937 creditur,
230 1864 309 1920 foras
331 1867 463 1934 missum,
488 1875 523 1921 ut
544 1865 708 1921 lorinsecus
731 1866 793 1920 eius
819 1881 969 1940 oppugna·
996 1863 1000 1872 “

63 1947 229 2019 reficerent3
255 1957 285 2004 et
296 1949 328 2004 in
342 1949 447 2023 eisqui
461 1958 530 2020 sunt
543 1965 581 2003 ex
597 1957 678 2022 parte
696 1948 801 2021 ipsias,
828 1947 971 2022 alligavit,

62 2042 130 2088 llam
142 2040 241 2107 posset
254 2028 429 2100 effundendo
446 2041 475 2088 ct
488 2031 650 2088 exercendo
663 2033 813 2102 malitiam,
837 2031 971 2092 innume-

62 2114 204 2190 infirmos
228 2132 265 2170 ex
288 2115 393 2190 quibus
412 2113 574 2172 Ecclesiam
596 2115 784 2190 multiplicari
807 2122 837 2170 et
858 2113 973 2190 irnpleri

62 2207 106 2270 at,
120 2199 192 2254 alios
206 2196 384 2269 credituros,
408 2199 481 2254 alios
494 2201 552 2270 iarn
565 2199 732 2270 credentes,
755 2195 842 2268 elide
854 2197 972 2271 pietatis

62 2289 189 2352 erreret,
211 2279 265 2337 hos
278 2282 443 2360 frangeret3
468 2292 497 2336 et
509 2284 603 2339 solvet
622 2277 777 2358 [solvetur]
797 2283 829 2336 in
841 2279 918 2351 fine,
940 2287 974 2335 ut

62 2373 151 2420 ortem
163 2363 361 2420 adversarium
373 2363 431 2420 Dei
443 2363 552 2420 Civitas
567 2365 758 2438 superaverit,
780 2363 973 2440 contingenti

62 2449 97 2502 uri
108 2447 292 2519 redemtoris,
305 2447 457 2517 adiutoris,
472 2446 647 2517 liberatoris,
659 2448 810 2522 adspiciat.
825 2444 858 2501 ln
873 2465 973 2502 eorum

61 2532 93 2586 ni
106 2539 178 2587 tunc
191 2529 286 2586 futuri
298 2538 379 2600 sunt,
403 2539 570 2586 sanctorum
582 2535 670 2603 atque
683 2529 811 2586 fidelium
824 2547 972 2604 eompara-

62 2613 109 2670 uid
122 2609 238 2670 sumusl
264 2611 523 2686 Quandoquidem
544 2612 580 2668 ad
601 2613 666 2674 illos
687 2611 850 2686 probandos
872 2621 972 2672 tantus

62 2716 77 2752 r
96 2697 253 2767 inimicus,
279 2715 345 2753 eum
359 2714 414 2770 quo
428 2713 483 2750 nos
498 2697 588 2772 ligato
601 2696 690 2750 tantis
702 2695 838 2768 periculis
851 2693 972 2752 dimica-

62 2780 181 2846 luanwis
195 2788 225 2834 et
237 2777 293 2834 hoc
305 2779 443 2853 temporis
457 2779 611 2834 intervallo
624 2777 762 2852 quosdam
773 2779 879 2844 milites
889 2777 972 2833 Chri-

71 2863 229 2937 prudentes
243 2871 273 2918 et
287 2861 375 2918 fortes
394 2859 484 2916 foisse
502 2869 589 2936 atque
606 2877 686 2933 esse,
710 2880 770 2917 non
789 2859 907 2936 dubium
920 2869 975 2930 est,
1063 2881 1065 2894 ι

62 2966 81 3001 ιι
94 2948 203 3002 situnc
216 2946 248 3001 in
262 2947 320 3001 ista
331 2945 508 3000 mortalitate
519 2946 663 3014 viverent,
687 2943 801 3019 quando
814 2945 864 2998 ille
877 2944 973 2999 solve·
1021 3005 1022 3016 ,
1044 2935 1046 2946 ⁴

62 3047 140 3084 mnes
153 3029 273 3084 insidias
287 3031 350 3084 eius
364 3036 451 3101 atque
463 3028 587 3099 impetus
600 3037 630 3084 et
642 3036 781 3086 carerent
793 3026 974 3101 sapientissi-
1000 3063 1002 3066 -

62 3112 273 3186 patientissime
287 3111 475 3166 sustinerent
601 3165 603 3169 ,

62 3215 93 3251 co
107 3203 203 3250 autem
216 3194 348 3271 alligatio
368 3192 475 3250 diaboli
493 3209 553 3250 non
572 3196 666 3273 solunt
683 3194 760 3252 faeta
779 3201 840 3262 est,
864 3208 975 3265 exque

62 3277 191 3334 Ecclesia
203 3287 320 3350 praeter
332 3275 468 3333 Iudaeam
480 3279 610 3334 terram'
602 3297 633 3334 ιιι
651 3280 785 3334 nationes
802 3276 874 3332 alios
887 3275 976 3329 alies-

62 3361 154 3431 atari3
168 3359 219 3416 sad
232 3361 320 3416 etiam
333 3377 413 3415 nunc
425 3359 469 3431 lit,
484 3368 514 3416 et
525 3359 577 3416 liet
588 3378 681 3435 usque
694 3360 732 3416 ad
744 3360 899 3416 terminum
912 3373 978 3411 sae-

62 3464 106 3520 pro
119 3443 275 3500 solvendus
289 3450 343 3498 est.
379 3444 453 3509 Quia
466 3453 497 3500 et
508 3461 587 3499 nunc
602 3442 734 3500 homines
747 3443 782 3498 ab
797 3441 977 3508 inlidelitate,

68 3529 131 3602 ipse
145 3545 196 3582 eos
207 3521 384 3601 possidebat,
401 3533 614 3583 convertuntur
626 3527 662 3583 ad
673 3525 775 3596 iidem,
799 3535 828 3580 et
841 3541 933 3597 usque
946 3522 978 3578 in

62 3611 138 3668 inem
151 3611 215 3665 sine
228 3609 320 3666 dubio
328 3617 550 3666 convertentur:
570 3619 601 3664 et
613 3611 712 3685 utique
723 3609 881 3683 unicuique
895 3603 979 3702 [lide-

62 3699 111 3750 ste
124 3693 209 3750 fortis
223 3702 292 3749 tune
304 3693 452 3768 alligetur,
466 3691 579 3768 quando
591 3692 626 3748 ab
636 3693 686 3749 illo
701 3702 837 3768 tanquam
853 3707 905 3747 vas
918 3689 980 3745 eius

63 3794 92 3836 r:
115 3785 146 3832 et
156 3776 278 3851 abyssus
291 3775 340 3834 uli
354 3777 484 3836 inclusus
504 3784 565 3848 est,
584 3777 688 3833 nonin
703 3777 751 3832 eis
758 3783 909 3831 consumta
926 3783 982 3840 est,

62 3881 71 3918 ι
83 3869 153 3918 sunt
162 3860 281 3932 mortui,
294 3860 346 3936 qui
356 3868 426 3915 tunc
438 3869 521 3916 erant
531 3857 647 3940 quando
658 3877 721 3922 esse
732 3859 826 3956 coepit
838 3859 1018 3930 inclusus;
