2400 4312
243 233 539 295 nrtcrvrrrra
561 233 641 295 our
668 233 751 294 nm.
773 235 866 295 νιιι.
912 248 948 280 2
1009 243 1071 310 aaa

35 383 76 428 Μ
112 378 243 458 landuleo,
265 387 316 444 sed
333 387 370 443 de
389 387 530 444 daemone
553 384 684 466 Socratis
704 386 814 446 debuit,
832 407 839 424 ¹
856 387 962 444 Maluit
975 397 1072 446 autem

35 466 90 510 Ψ
109 465 169 524 botin
179 472 223 544 ipsa
233 471 442 544 disputatione,
457 489 543 545 quam
554 470 587 526 in
597 467 771 528 'titulotibri
781 489 903 545 ponere.
936 469 981 525 lta
994 475 1073 528 enirn

35 543 84 592 rtur
104 567 137 623 por
148 567 217 609 unam
232 549 410 623 doctrinam,
435 571 509 628 quae
518 552 657 610 humanis
670 554 757 610 rebus
770 556 884 626 illuxit,
911 570 1012 609 omnes
1025 556 1073 610 uel

35 631 73 675 iffi
103 651 149 705 perc
158 651 231 705 onnes
243 637 416 706 daemonum
429 635 725 708 namen'exberrent,
738 646 773 693 ut
786 638 917 712 quisquis
930 645 999 692 ante
1012 635 1072 692 dis-

50 732 54 749 ¹
100 717 224 787 putr‘ticnem
236 720 365 795 Apuleii,
388 737 446 794 qua
458 719 631 775 daemonum
644 719 773 796 dignitas
787 719 1020 788 commendatur,
1033 720 1072 774 ti-

35 790 65 836 Μ
98 800 158 854 alan
167 802 217 858 libri
227 803 260 859 de
278 803 420 860 daemone
434 800 563 859 Socratis
577 804 704 878 legeret,
728 821 909 878 nequaquam
922 803 1004 858 illum
1017 800 1072 857 ho-

42 902 44 909 s
94 881 167 938 uincor
175 901 263 942 sanum
275 886 369 942 fuisse
382 886 516 941 sentiret.
554 885 632 951 Quid
645 895 744 942 autem
757 888 845 942 ctiam
857 888 921 959 ipse
933 885 1073 959 Apuleius

35 961 46 1044 l
93 965 175 1036 quodin
186 967 365 1026 daemonibus
378 966 529 1038 laudaret,
555 960 696 1038 invenit,
709 980 825 1044 praeter
838 968 1030 1025 subtilitatem
1044 977 1075 1023 et

35 1054 37 1086 l
88 1046 209 1106 firmitatem
221 1069 392 1126 corporum,
417 1061 448 1107 et
458 1049 646 1106 habitationis
660 1053 795 1108 altiorem
807 1048 920 1108 looumi
946 1051 1023 1108 Nam
1036 1049 1072 1106 de
1097 1103 1099 1108 .

37 1148 43 1165 ἰ
85 1132 176 1188 neribus
188 1153 299 1206 eorum,
326 1153 393 1190 cum
410 1133 446 1189 de
459 1131 593 1190 omnibus
607 1137 787 1210 generaliter
799 1136 986 1210 loqueretur,
1012 1153 1072 1190 non

35 1222 37 1232 ·
83 1214 147 1271 solun
157 1215 302 1274 nibilboni
315 1217 408 1288 dixit,
423 1217 475 1272 sed
489 1218 579 1282 etiam
589 1218 745 1291 plurimum
757 1219 835 1273 mali.
879 1216 1016 1291 Denique
1029 1219 1071 1272 le·

80 1305 112 1350 tto
121 1299 235 1362 illollibro
247 1318 370 1376 prorsus
383 1319 469 1355 nenro
486 1301 627 1370 miratur,
654 1317 702 1356 eos
718 1302 807 1362 etiam
820 1301 966 1356 scenicam
979 1301 1073 1375 turpi-

78 1379 173 1438 tudinem
184 1385 214 1439 in
226 1383 315 1440 rebus
329 1381 437 1438 divinis
449 1381 556 1438 habere
566 1383 713 1453 voluisse,
728 1393 758 1438 et
769 1401 836 1439 curn
846 1383 916 1438 deos
930 1401 962 1437 se
975 1383 1073 1455 putari
1123 1405 1131 1414 ·

76 1463 152 1535 velint,
176 1465 295 1522 deorum
317 1466 490 1522 criminibus
510 1466 650 1521 oblectari
667 1468 814 1538 potuisse,
840 1476 871 1521 et
889 1464 1027 1540 quiequid
1040 1466 1071 1521 in

72 1562 145 1602 turum
159 1550 247 1604 sacris
261 1548 407 1606 obscoena
420 1549 607 1604 sollennitate
624 1567 676 1604 sou
689 1551 770 1622 turpi
784 1549 955 1624 crudelitate
970 1549 1014 1604 vel
1028 1549 1071 1602 ri-

69 1626 143 1702 detur,
165 1634 210 1688 rel
223 1630 380 1700 horretur,
407 1650 507 1688 eorum
519 1628 671 1688 affectibus
684 1632 853 1688 convenire.

430 1779 452 1846 C
473 1781 498 1838 A
520 1779 553 1837 P.
595 1779 673 1837 XV.

65 1873 121 1938 duod
130 1896 209 1949 aeque
219 1886 338 1948 propter
352 1875 431 1930 aerio
446 1893 574 1946 corpora,
591 1894 675 1945 neque
686 1884 802 1945 propter
811 1876 952 1944 rrcperioro
964 1873 1072 1930 babita-
1115 1869 1127 1904 ·”

219 1953 223 1960 ’
277 1946 829 2000 culadoernouealtorrrinibuaantecellant.
1009 1957 1011 1960 ·

35 1927 37 1936 ι

35 1939 39 1970 i

104 2055 296 2122 Quamobrem
310 2052 387 2108 absit
398 2062 431 2108 ut
444 2055 501 2107 ista
511 2053 702 2124 considerans
724 2054 838 2109 animur
858 2054 1005 2110 veraciter
1022 2072 1071 2108 re-

35 2143 37 2170 *
60 2135 202 2213 ligimus-et
214 2156 290 2194 rere
303 2135 368 2192 Deo
382 2135 529 2205 subditus,
543 2135 608 2192 ideo
622 2137 782 2193 arbitretur
794 2136 949 2194 daemones
963 2154 995 2190 se
1008 2139 1071 2211 ipso

58 2237 102 2275 are
114 2224 268 2290 meliores,
296 2218 373 2294 quod
385 2219 512 2275 habeant
525 2237 648 2292 corpora
665 2221 796 2275 meliora.
839 2221 977 2293 Alioquin
995 2223 1070 2274 mul-

57 2305 148 2360 turibi
161 2314 192 2360 et
204 2304 315 2361 bestias
334 2304 517 2374 praelaturus
536 2311 593 2372 cst,
621 2319 694 2378 quae
713 2320 767 2358 nos
786 2312 816 2358 ot
828 2304 990 2359 acrimonia
1002 2321 1080 2384 sen·⁴
1093 2357 1096 2362 .

56 2401 135 2458 tuum,
162 2397 193 2442 et
206 2395 289 2442 motu
302 2384 442 2440 facillime
455 2394 543 2460 atque
562 2385 731 2459 celerrime,
758 2394 788 2440 et
803 2382 935 2442 valentia
952 2387 1072 2458 virium,

55 2471 274 2526 aannosissima
287 2469 425 2524 firrnitate
438 2485 593 2542 corporum
605 2469 739 2524 vineunt.
755 2519 757 2526 ,
777 2469 849 2533 Quis
862 2466 1012 2524 hominum
1024 2471 1071 2525 ri·
1155 2473 1160 2478 '

54 2548 128 2609 dendo
141 2553 317 2628 aequabitur
329 2553 436 2624 aquilis
451 2561 480 2606 et
490 2547 672 2608 vulturibus?
687 2552 759 2617 Quis
771 2550 918 2606 odorando
931 2547 1086 2608 canibusl‘

53 2633 276 2712 duhveloeitate
288 2630 453 2706 leporibus,
479 2636 589 2703 ce'rris,
616 2634 718 2693 avibus
733 2630 882 2688 omnibus?
909 2635 981 2699 Quis
995 2637 1070 2690 mul-

53 2723 99 2772 tum
110 2718 235 2786 valendo
249 2716 383 2772 leonibus
396 2724 424 2771 et
438 2712 618 2790 elephantis?
633 2717 706 2783 Quis
721 2716 770 2771 diu
785 2715 911 2771 vivendo
924 2719 1070 2789 serpenti-

52 2795 102 2871 bus,
126 2802 178 2877 qui
193 2802 284 2856 etiam
297 2799 429 2872 deposita
443 2800 543 2854 tunica
557 2807 738 2854 senectutem
752 2797 913 2873 deponere,
939 2810 1025 2873 atque
1038 2802 1085 2858 ins

50 2879 182 2940 brentam
205 2883 306 2938 redire
330 2876 540 2955 perhibentur?
567 2880 627 2937 Sed
646 2883 723 2936 siout
738 2879 785 2936 his
803 2882 936 2936 amnibus
949 2884 1068 2938 ratioci-

49 2967 127 3022 undo
148 2977 180 3023 et
197 2965 393 3042 intelligendo
411 2967 546 3020 meliores
567 2981 682 3036 sumus,
713 2966 756 3020 ita
775 2966 863 3020 etiam
881 2962 1069 3021 daemonibus
1141 3019 1148 3026 ,

48 3043 109 3104 bene
130 3059 220 3125 atque
242 3047 367 3104 honeste
389 3045 516 3104 virendo
533 3048 667 3103 meliores
687 3065 752 3102 esse
764 3046 912 3103 debemur.
956 3046 1000 3102 Ob
1014 3045 1069 3101 boo
1153 3099 1156 3108 ,

47 3133 111 3189 tuim
122 3143 153 3189 et
164 3131 353 3207 providentia
366 3128 466 3188 divina
480 3131 533 3201 eis,
548 3130 651 3205 quibus
661 3149 715 3186 nes
724 3139 844 3186 ,constat
855 3147 918 3184 esse
927 3128 1068 3201 potiores,

45 3210 192 3273 dotarunt
215 3213 358 3288 quaedam
380 3215 495 3288 potiora
518 3230 673 3286 corporum
695 3231 835 3283 munera,
860 3220 895 3267 ut
918 3209 1067 3284 illudque

43 3297 75 3351 tir
89 3299 316 3374 praeponimur,
336 3298 425 3352 etiam
437 3297 495 3356 isto
508 3295 594 3352 mode
613 3296 697 3352 nobis
710 3295 962 3352 commendaretur
975 3295 1068 3347 multo

42 3383 138 3439 ociore
153 3379 437 3437 coratexeorendum
450 3396 531 3450 esse,
560 3393 780 3453 quameorpus3
805 3379 956 3450 ipsamque
969 3377 1068 3430 exeel-
1150 3385 1153 3392 '

40 3460 149 3522 lentiam
163 3465 365 3536 corporalem,
394 3479 481 3537 quam
500 3461 659 3520 daemones
677 3461 785 3517 habere
806 3474 973 3526 nossemus,
998 3475 1069 3530 prae
1099 3481 1101 3484 ’

39 3539 158 3614 ¹bonitate
172 3549 272 3616 vitae,
298 3563 355 3619 qua
368 3547 425 3600 illis
439 3547 661 3619 anteponimur,
675 3553 865 3600 contemnere
879 3537 1067 3610 disceremus,

39 3623 154 3688 babituri
168 3639 200 3685 et
214 3645 270 3684 nos
285 3629 533 3684 immortalitatem
545 3641 795 3702 corporum‚.nen
809 3637 897 3694 quam
909 3622 1067 3694 supplicio·
1144 3638 1147 3642 ·

37 3726 91 3770 tum
102 3714 271 3770 aeternitas
278 3719 429 3784 torqueat,
443 3711 494 3768 red
506 3729 592 3786 quam
603 3711 717 3783 puritas
727 3701 883 3780 praecedat
894 3704 1067 3762 aninrerum.
1112 3731 1122 3756 a

88 3797 152 3854 lam
171 3813 246 3852 vero
264 3793 301 3848 de
316 3795 373 3848 looi
390 3793 561 3864 altitudine,
587 3791 665 3866 quod
684 3789 839 3844 daemones
853 3785 885 3839 in
899 3789 984 3858 abre,
1011 3807 1067 3846 nos

35 3869 311 3938 autern'laabitaome
323 3878 354 3934 in
367 3887 459 3950 terra,
472 3879 515 3934 ita
524 3873 706 3951 permoveri,
718 3878 752 3928 ut
763 3865 836 3936 hinc
846 3885 899 3927 eos
908 3869 1003 3951 nelias·
1011 3889 1079 3930 essa
1103 3879 1105 3882 ·

1046 3959 1053 3988 i
