2362 4314
185 245 244 306 nu
268 245 485 336 ιιιιιιιιι
507 203 587 306 nui
612 249 694 307 mn.
717 249 831 311 xxu.
865 297 867 302 .
957 263 1017 320 ma
1079 276 1086 294 ·

22 429 24 446 ·
63 417 156 476 regno
177 400 322 472 recepturi
339 415 455 470 sumus,
480 400 595 474 quondo
614 401 728 477 quidem
742 402 855 466 Christo
875 409 1018 466 moriente

22 481 602 580 santumniumpignus,acoept1nust
638 486 737 551 Qualis
758 489 814 544 erit
833 491 952 563 spiritus
966 491 1031 547 ho?

22 568 92 638 lis,
106 567 218 622 nullum
230 567 350 626 omniuo
363 564 471 621 hebens
484 567 604 638 vitium,
629 587 683 623 nee
697 569 749 624 sub
764 589 819 644 quo
832 573 941 644 iaceat,
965 592 1020 630 nee
1086 573 1088 576 ’

54 648 149 720 cedat,
162 667 219 705 nee
233 657 335 704 eontra
348 647 425 721 quod
438 651 541 705 saltem
553 650 735 708 laudabiliter
749 651 875 726 dimicet,
896 657 1019 730 pecatis-

22 752 65 788 ιει
77 734 190 789 virtute
202 713 369 810 perfectus?
399 729 509 788 Rerum
520 733 561 788 ibi
573 735 702 792 omnium
715 746 833 809 quanta,
853 756 940 812 quam
953 757 1020 811 spe-

22 817 88 886 se,
113 817 199 890 quoin
214 823 294 870 certe
307 815 441 886 seientia,
453 811 535 871 sine
548 833 656 872 errore
662 819 759 892 aliquo
772 820 819 874 vel
831 821 946 889 labore,
969 822 1020 878 ubi

22 899 40 952 ἰ
62 899 205 972 supientia
218 897 274 953 de
265 915 327 971 ipso
341 915 394 953 suo
408 898 490 956 fonte
501 899 658 988 potabitur,
673 919 737 957 eum
746 919 856 958 summu
870 904 1019 975 felicitate,

22 1000 57 1040 ‚e
69 983 129 1038 ulie
140 975 328 1037 difficultate?
343 981 435 1046 Quale
444 980 509 1037 erit
511 998 627 1056 eorpus,
640 983 716 1056 quod
725 985 900 1041 omnimodo
907 988 1022 1060 spiritur

22 1065 152 1136 editum,
166 1073 196 1120 et
209 1083 244 1120 eo
257 1063 435 1121 sufficienter
446 1064 636 1136 vivificatum,
649 1068 736 1122 nullis
750 1069 894 1124 alimoniis
907 1071 1021 1146 indige-

22 1141 50 1201 2
73 1147 234 1208 Nonenim
247 1148 386 1218 animale,
409 1147 461 1204 sed
473 1149 603 1222 spiritale
616 1149 683 1219 erit,
696 1147 806 1205 hebens
828 1151 944 1226 quidem
958 1172 1024 1212 cor·
1077 1177 1080 1180 ·

25 1269 46 1302 ,
65 1232 116 1310 sed
135 1232 199 1288 sine
214 1232 274 1288 ulla
287 1231 399 1288 carnali
413 1231 602 1305 corruptione
615 1231 816 1290 substantiam.

279 1357 652 1442 --dnr.xxu

48 1480 208 1549 pervicacia
224 1480 402 1548 quorundam,
423 1478 471 1548 qui
485 1465 708 1533 resurrectionem
722 1479 823 1544 earnis,
842 1497 936 1548 quant,
956 1481 1028 1532 sicet
1057 1515 1059 1528 ,1

137 1551 306 1618 praedictum
317 1559 367 1614 eet,
387 1559 460 1602 totus
475 1551 587 1602 iterandus
597 1549 720 1613 credit,
709 1559 879 1620 obpugnant.

56 1655 167 1712 Verum
181 1656 216 1712 de
229 1657 320 1712 animr
310 1657 434 1728 bonis,
456 1656 561 1732 quibus
573 1666 640 1733 post
652 1655 758 1712 haue
740 1657 830 1713 vitem
844 1627 1025 1712 beatissimus

22 1738 172 1810 fruetur,
186 1758 247 1796 non
261 1759 278 1796 a
290 1739 372 1796 nobis
386 1737 564 1796 dissentiunt
576 1738 739 1828 philosophi
753 1740 875 1795 nobiles.
901 1736 976 1815 [qui]
992 1739 1026 1795 de

22 1823 331 1879 .·11isresurrectione
354 1822 547 1895 contendunt3
572 1817 654 1890 hane
675 1831 816 1898 quantum
832 1832 955 1896 possunt
974 1842 1029 1878 ne-

22 1915 75 1962 mt.
103 1904 164 1964 Sed
178 1905 329 1962 eredentes
345 1908 445 1978 multi,
470 1917 615 1984 negantes
629 1908 820 1986 paucissimos
833 1908 1026 1981 reliquerunt,
1053 1895 1062 1910 ”

22 1989 75 2045 ad
90 1989 254 2061 Christum,
279 1990 329 2065 qui
348 1987 403 2045 hoe
421 1989 497 2064 quod
519 1992 584 2046 istis
603 1991 721 2047 videtur
735 1988 922 2059 absurdumj.
930 1990 962 2044 in
975 2007 1028 2044 suo
1093 2023 1094 2028 ι

22 2073 213 2129 turreetione
224 2073 415 2144 monstravit,
439 2073 519 2130 fideii
539 2073 624 2129 eorde
644 2074 781 2129 conversi
798 2082 883 2142 sunt,
905 2072 984 2128 docti
998 2081 1028 2128 et
1084 2085 1086 2092 '

22 2150 123 2229 loeti,
148 2157 294 2231 sepientes
316 2154 418 2212 mundi
440 2166 470 2212 et
491 2158 674 2232 insipientes.
713 2154 779 2212 Hoe
802 2158 879 2212 enim
904 2155 1030 2210 eredidit
1087 2151 1091 2160 ¹

22 2239 138 2312 indus,
163 2237 505 2314 quodpreedixitDeus3
532 2243 581 2314 qui
595 2239 682 2296 etiam
695 2235 925 2315 hoo-praedixit,
951 2239 1029 2312 quod

22 2335 72 2384 ne
85 2341 148 2378 rem
160 2323 286 2390 mundus
305 2319 401 2377 fueret
413 2322 588 2378 crediturus.
615 2323 718 2398 Neque
733 2325 810 2378 enim
824 2322 905 2378 Petri
918 2321 1028 2378 melefi-

22 2417 48 2458 Β
66 2424 129 2462 eam
143 2403 202 2484 [ea]
222 2423 289 2462 eum
311 2403 397 2460 laude
420 2404 602 2462 credentium
624 2413 707 2462 tento
730 2415 799 2460 ante
821 2403 1030 2481 praenuntiare

22 2491 162 2565 npuisus
177 2497 231 2545 est.
253 2487 305 2546 ilie
318 2497 363 2544 est
376 2489 454 2544 enim
467 2487 560 2559 Deus,
573 2507 658 2563 quem
671 2483 760 2564 (sieut
772 2490 829 2542 iam
843 2488 905 2543 dixi
918 2490 1029 2564 aliquo-

22 2585 65 2644 Β,
79 2591 133 2628 nee
146 2589 371 2629 commemorare
383 2591 430 2627 me
442 2563 549 2653 pigot,)
571 2569 729 2627 confitente
742 2567 920 2644 Porphyrio,
930 2607 933 2612 ·
943 2583 1030 2646 atque
1065 2625 1067 2630 .

22 2657 165 2713 oraculis
180 2655 299 2711 deorum
312 2673 432 2711 suorum
446 2655 569 2730 probare
584 2655 736 2728 cupiente,
751 2655 814 2726 ipse
828 2655 949 2708 numine
961 2665 1028 2728 per-'
1103 2688 1105 2692 .

22 2747 185 2797 noscunt:
212 2757 299 2813 quem
311 2739 354 2794 sie
367 2738 513 2809 laudavit,
537 2747 570 2793 ut
585 2755 650 2793 oum
663 2746 693 2792 et
706 2735 802 2792 Deum
815 2745 936 2810 patrem
940 2746 970 2790 et
982 2755 1030 2792 re-

22 2834 65 2878 m
76 2830 203 2880 voearet.
216 2821 300 2878 Absit
312 2823 401 2892 enim,
415 2831 449 2878 ιιι
461 2823 503 2876 sie
513 2820 704 2906 intpliigenda
715 2821 774 2874 sint
786 2837 859 2894 quae
870 2819 1029 2894 praedixit,

22 2904 142 2962 unedo
155 2908 260 2962 volunt
267 2904 303 2962 hi
316 2924 366 2981 qm
357 2903 433 2962 hoo
446 2924 513 2960 eum
525 2904 633 2959 mundo
647 2921 708 2959 non
722 2902 928 2974 erediderunt,
952 2903 1033 2977 quod

22 2987 137 3046 [ndum
156 2988 334 3046 crediturum
354 3005 419 3044 esse
436 2987 611 3066 praedixitf
608 2985 682 3044 Gur
700 2988 778 3042 enim
795 3005 855 3042 non
867 2987 962 3059 potius
976 2987 1028 3058 ito,

22 3080 78 3129 *ut
94 3071 258 3130 crediturus
275 3081 356 3130 tento
374 3079 442 3128 ante
453 3129 454 3132 ,
460 3070 624 3145 praedictus
643 3079 689 3140 est
708 3068 849 3138 mundus,
873 3087 934 3124 non
954 3070 1031 3125 sieut
1064 3093 1067 3098 ·

22 3156 168 3212 unissimi
180 3156 328 3233 garriunt,
342 3156 392 3230 qui
403 3153 458 3211 hoe
471 3172 540 3212 eum
550 3153 668 3226 mundo,
680 3153 755 3229 quod
770 3151 931 3216 eruditurus
945 3169 1029 3226 pree-

22 3245 95 3294 =tm
110 3247 165 3311 est,
182 3233 497 3298 1οιιι1ιιιιιιιι1ιιοιιιιιι1
520 3235 554 3293 si
575 3239 654 3294 enim
674 3246 828 3312 propterea
849 3234 950 3294 dieunt
972 3237 1030 3291 ulio
1109 3233 1117 3246 “

22 3320 86 3377 *do
100 3341 165 3378 esse
178 3321 334 3392 eredendo,
349 3339 386 3377 ne
400 3323 426 3378 si
439 3321 569 3376 dixerint
578 3339 656 3378 vano
671 3338 734 3375 esse
748 3321 928 3392 conscripto,
952 3320 1029 3374 iniu-

22 3415 76 3461 ιιιι
87 3405 199 3462 facient
210 3406 255 3461 ilii
268 3404 343 3476 Deo,
369 3405 417 3460 eui
429 3413 489 3460 tam
500 3421 639 3482 magnum
652 3401 804 3476 perhibent
815 3404 1030 3473 testimonium;

22 3496 114 3544 ntem
126 3506 248 3563 prorsus
262 3489 291 3544 ei
302 3489 350 3546 vel
363 3489 451 3542 etiem
462 3489 628 3564 graviorem
640 3486 751 3541 sneiunt
764 3486 917 3556 iniuriam,
936 3486 962 3540 si
975 3486 1030 3540 oli-

22 3578 37 3614 ?
61 3570 161 3628 dieunt
175 3589 238 3626 esse
249 3569 450 3648 intelligenda,
464 3589 524 3628 non
534 3572 610 3625 sieut
619 3567 744 3624 mundus
755 3587 789 3624 eu
800 3567 931 3640 eredidit,
945 3586 1031 3644 quem

22 3653 181 3711 editurum
193 3655 256 3728 ipse
269 3653 409 3722 laudavit,
422 3655 484 3727 ipse
495 3653 640 3730 promisit,
653 3653 716 3726 ipse
729 3653 893 3723 complevit.
926 3651 1032 3708 Vtrum

22 3733 89 3811 ur]
105 3739 185 3792 enim
198 3755 258 3793 non
271 3746 368 3811 potest
384 3735 481 3791 faeere
495 3746 529 3794 ut
544 3744 682 3811 resurgat
696 3753 778 3803 earo,
804 3743 834 3790 et
844 3736 926 3792 vivet
938 3737 968 3792 in
982 3753 1033 3790 oe-

22 3827 133 3891 ιἰιιιιιι;
146 3837 184 3875 eu
197 3829 348 3894 propterea
360 3819 535 3890 eredendum
544 3828 671 3889 nonest,
684 3817 714 3872 id
725 3835 790 3872 eum
802 3835 866 3874 esse
879 3818 1034 3888 fauturum,
1084 3855 1088 3862 -

22 3897 70 3960 ia
84 3899 193 3961 malum
216 3912 261 3959 est
284 3912 369 3979 atque
394 3903 550 3980 indignum
574 3897 655 3958 Dent
683 3899 742 3958 Sed
766 3899 801 3956 de
825 3904 1035 3978 omnipotentia
