2266 4312
214 207 522 273 ostcrvrrlrc
546 171 626 276 ιιιιι
657 214 740 276 uro.
762 217 851 276 xiv.
1002 227 1034 282 ιι

21 367 98 422 ricem
110 364 295 462 turpitudine
309 365 429 420 illicitae
444 368 603 439 voluptatis
616 365 783 432 oblectent?
795 368 835 428 Et
848 379 946 428 tamen
960 375 1038 428 salu-

21 447 160 503 berrimum
174 449 416 522 verissimumque
429 459 614 523 pracceptum
626 460 684 506 est:
701 449 896 530 Quaecunque
906 454 998 509 cultis
1007 465 1042 512 ut

11 531 131 627 ,fociant
136 531 219 588 vobio
232 528 378 601 homines,
398 532 497 590 eadem
512 542 542 591 et
554 549 605 588 eos
616 533 722 605 facite
735 534 805 597 illis.
831 533 871 589 Et
883 533 939 589 hoc
952 537 1041 606 unde,
1089 541 1093 550 “

22 615 66 668 uiri
85 615 152 710 qpia'
171 611 311 669 hocloco
330 613 414 669 mo'do
435 615 559 687 quodam
576 617 699 691 proprio
712 617 848 672 voluntas
867 619 964 693 posite
986 628 1041 689 ert,

21 713 79 772 qaae
100 697 132 754 in
155 697 233 751 malo
256 697 360 768 accipi
374 713 435 754 non
456 693 569 774 potenti
599 697 762 756 Locutione
783 717 853 760 vcro
876 701 1042 772 usitatiore,

21 796 91 852 quam
104 771 273 850 frequentat
285 781 412 836 maxime
425 779 609 835 consuetudo
622 783 782 852 sermonis,
806 797 866 854 non
880 784 983 856 utique
997 783 1042 838 di·
1090 815 1094 820 «

21 871 133 931 centur,
158 859 230 920 Noli
240 861 314 920 velle
326 864 541 921 mentiri'omne
558 864 757 923 mendacium.-
783 866 841 922 niri
855 875 934 921 esset
946 875 976 921 ct
988 885 1042 922 ro·

17 945 100 1002 luntas
111 946 198 1012 mala,
213 961 231 998 a
244 946 327 1020 cuius
340 947 484 1018 pravitate
498 946 549 1000 ills
563 945 769 1022 distinguitur,
792 964 877 1023 quaxn
889 948 1041 1022 praedica-

19 1035 108 1082 remnt
119 1027 228 1104 Augeli
242 1025 389 1084 dieentes:
413 1025 480 1088 Pon·
492 1030 523 1083 ιἰι
545 1039 632 1084 terra
651 1028 815 1091 bominibus
830 1031 923 1089 bonae
939 1031 1041 1087 colun-

23 1113 89 1170 tatr's,
112 1109 241 1172 Namex
254 1109 415 1166 abundanti
429 1111 556 1166 additum
571 1119 625 1180 est,
640 1112 741 1181 bonae,
755 1115 781 1166 si
795 1131 931 1170 essenon
946 1123 1042 1188 potest

20 1193 66 1247 nisi
83 1193 166 1252 bona.
194 1193 273 1261 Quid
292 1203 389 1248 autem
407 1211 546 1270 maguum
564 1193 596 1248 in
614 1195 746 1249 caritatis
765 1196 898 1252 laudibus
917 1196 1041 1270 dixisset

14 1275 166 1350 Apostolus,
181 1275 332 1354 quodlnon
346 1274 474 1353 gaudeat
486 1293 576 1350 super
586 1277 753 1350 iniquitate,
771 1280 829 1338 nisi
844 1281 965 1356 quierito
977 1300 1036 1336 ma·

0 1359 120 1438 ¹'guitaa
133 1354 260 1436 gaudcti
283 1357 358 1422 Nam
379 1370 408 1415 et
427 1359 500 1432 apud
519 1368 654 1414 auctores
674 1362 865 1419 saccularium
879 1363 1038 1434 literarum,

16 1443 72 1496 talis
84 1443 205 1500 istorum
218 1442 375 1500 verborum
387 1439 587 1504 indifferentia
600 1443 754 1514 reperitur.
780 1443 830 1498 Ait
844 1445 921 1498 enim
936 1444 1039 1502 Cicero

20 1534 101 1583 orator
113 1521 324 1598 amplissimus,
342 1524 451 1603 Cupio,
469 1523 573 1581 Patres
587 1525 760 1596 conscripti,
772 1543 819 1581 ure
833 1545 898 1582 esse
912 1529 1039 1585 clemen-

16 1616 64 1661 tem
103 1609 180 1678 Quia
193 1607 224 1662 id
237 1608 356 1664 verbum
370 1611 401 1666 iu
416 1609 492 1664 bono
505 1609 614 1682 posuit,
634 1608 699 1680 quis
714 1615 772 1664 tam
785 1626 923 1685 perverso
937 1609 1039 1666 doctus

18 1692 140 1762 emittat,
162 1693 214 1769 qui
234 1709 296 1766 non
318 1709 382 1746 eum
396 1691 503 1765 Cupio,
528 1689 579 1750 red
594 1689 666 1746 Volo
679 1692 776 1762 potius
791 1690 890 1745 dicere
903 1692 1039 1748 debuisse
1070 1713 1075 1724 ·

14 1771 174 1832 contendat?
188 1772 282 1829 Porro
296 1774 372 1848 opud
386 1771 559 1835 Terentium
572 1771 737 1850 flagitiosus
751 1773 921 1830 adolescens
935 1776 1040 1832 insana

13 1853 126 1931 flagrans
141 1856 293 1931 cupidine,
320 1856 401 1920 Nihil
419 1859 486 1912 rolo
501 1856 594 1925 alind,
619 1857 730 1929 inquit,
754 1857 814 1913 nisi
827 1855 1038 1914 Philumenam.

12 1939 282 2004 (luamroluntatem
295 1939 560 2010 fuisselibidincm,
574 1941 726 2012 responsio
741 1957 815 2014 quac
829 1940 870 1998 ili
883 1942 964 1995 servi
977 1943 1040 1997 eius

11 2025 122 2082 maioris
148 2023 309 2093 inducitur,
334 2025 406 2079 satis
433 2023 552 2097 indicat.
591 2023 642 2077 Ait
667 2041 794 2098 namquo
822 2023 939 2079 donnino
966 2042 1038 2080 ruo:

12 2107 137 2175 „Quamo
152 2109 244 2164 satius
259 2117 321 2176 cst,
345 2116 374 2162 te
393 2105 423 2161 id
442 2106 511 2161 dare
525 2121 659 2178 operam,
683 2123 740 2180 quo
755 2108 844 2162 istum
858 2125 988 2162 umorem
1001 2125 1039 2162 ex

13 2192 118 2258 „comio
125 2208 261 2248 amurcae
269 2200 335 2260 tuo,
350 2207 436 2265 quam
446 2189 476 2242 id
485 2191 565 2263 loqui
581 2206 637 2264 quo
650 2191 744 2266 aragia
758 2189 847 2244 libido
861 2188 971 2247 frustra
985 2209 1038 2246 ac-

14 2273 161 2340 „cendatur
175 2273 258 2328 tua.“
274 2272 419 2328 Gaudium
432 2291 501 2330 vcro
516 2281 609 2334 coast
621 2271 653 2325 in
666 2274 742 2327 niolo
755 2275 897 2348 posuisse,
912 2276 961 2329 ille
976 2275 1038 2349 ipse

13 2351 178 2433 Virgilianae
203 2358 287 2412 tastis
311 2366 358 2411 est
375 2373 494 2426 remus,
520 2355 570 2410 ubi
589 2353 641 2411 has
661 2365 784 2432 quatuor
802 2358 1037 2431 perturbationes
1065 2367 1074 2379 “

14 2453 109 2496 sunnia
121 2441 269 2496 brevitate
280 2441 448 2514 complexus
464 2449 521 2496 cst:

82 2523 159 2582 Hinc
173 2532 317 2592 metuunt,
331 2525 521 2596 cupiuntque,
535 2521 644 2592 dolent,
658 2521 853 2598 gaudentque.

16 2602 86 2662 Dixit
99 2609 186 2662 ctiam
200 2605 275 2660 idom
289 2614 401 2676 auctor,
414 2605 492 2661 Mula
505 2603 611 2660 mantis
626 2602 743 2680 gaudia.

63 2685 186 2748 Proinde
198 2691 316 2759 volunt,
339 2698 459 2759 carent,
483 2687 613 2766 gaudent
627 2695 656 2740 et
669 2687 740 2742 boni
753 2696 783 2741 et
796 2688 878 2742 mali·
873 2699 989 2767 ,utque
1002 2704 1037 2750 ut

15 2773 103 2829 eudem
108 2775 173 2828 aliis
184 2772 283 2829 verbis
295 2773 490 2842 enuntiemus,
505 2773 637 2850 cupiunt,
651 2771 766 2840 timent,
780 2769 928 2828 laetamur
942 2785 971 2828 ct
984 2776 1035 2831 bo·-
1087 2775 1089 2778 ’

16 2857 167 2912 tietmali:
194 2854 246 2910 sed
264 2856 307 2909 illi
322 2855 410 2925 benc,
437 2856 487 2912 isti
505 2856 597 2924 male,
624 2851 876 2912 siouthominibus
892 2867 1036 2916 teurecta

15 2955 53 2994 ιιιι
64 2958 200 3014 perversa
212 2940 414 2996 voluntas-est.
435 2937 507 3012 lpse
520 2953 635 3012 quoque
649 2937 785 3008 tristitia,
805 2955 858 3010 pro
873 2956 928 3015 quo
942 2937 1037 2997 Stoici

15 3022 71 3080 nibil
83 3026 114 3080 in
127 3025 225 3080 annno
240 3023 380 3096 sapientis
395 3022 524 3078 inveniri
536 3038 621 3094 possc
633 3029 825 3094 putaverunt,
846 3023 991 3094 reperitur
1003 3025 1036 3081 in

14 3101 92 3179 bono,
119 3115 149 3162 et
165 3107 296 3161 maxime
313 3105 388 3178 apud
406 3114 533 3162 nostros.
559 3102 634 3158 Nam
647 3103 747 3157 laudet
758 3103 916 3176 Apostolus
930 3103 1035 3162 Corin-

13 3186 90 3261 thios,
111 3190 189 3274 quod
209 3189 378 3245 contristati
391 3188 503 3244 fuerint
515 3183 676 3242 secundnm
689 3184 794 3240 Deum.
837 3185 897 3244 Sed
909 3186 1036 3245 fortasse

10 3276 63 3345 quis
75 3269 195 3344 dixerit,
209 3275 268 3328 illis
283 3271 453 3344 Apostolum
466 3270 557 3326 luisse
570 3271 817 3366 congratulatum,
832 3271 918 3366 quod.
925 3275 1038 3327 contri-

9 3359 67 3411 stati
80 3353 395 3430 fuerintpoenitendo:
420 3351 667 3428 qualistriatitia,
681 3353 740 3408 uisi
755 3371 855 3407 eorum
871 3355 1038 3428 quipeeca

8 3442 106 3507 verint,
121 3458 184 3495 esse
199 3457 258 3494 non
272 3445 384 3510 potest.
402 3434 447 3492 lta
461 3437 539 3490 enim
552 3435 637 3490 dicit:
666 3433 753 3498 Video
769 3436 845 3510 quod
859 3436 987 3510 epistole
1001 3438 1039 3493 il

5 3517 45 3592 lo,
64 3526 124 3580 etti
147 3524 188 3580 ad
211 3521 314 3578 doram
334 3521 527 3574 contristavit
549 3535 617 3587 vos,
643 3535 719 3576 nune
738 3518 868 3592 gaudeo,
892 3537 948 3573 ιιιιιι
968 3521 1039 3598 quin
1075 3547 1078 3552 ·

2 3608 174 3662 contristati
193 3607 284 3672 ertia,
310 3601 365 3660 scd
382 3603 451 3677 quio
470 3601 737 3659 contristati-estio
756 3601 797 3655 ad
810 3602 1038 3676 poenitentium·
1098 3657 1104 3662 .

4 3687 186 3747 contristati
199 3689 274 3743 enim
288 3688 361 3742 estis
374 3685 532 3742 secondum
545 3681 659 3750 Deum,
682 3693 717 3741 ut
735 3684 765 3738 ιἰι
785 3701 823 3737 nu
826 3682 864 3742 llo
879 3684 1036 3744 detrimen

14 3791 57 3827 um
67 3771 233 3848 patiamini
247 3787 283 3825 er
295 3769 386 3824 nobis.
414 3765 498 3836 Quos
512 3767 586 3822 enim
600 3765 757 3824 secundom
770 3764 865 3824 Deum
879 3777 925 3822 est
938 3769 1040 3826 trinit

12 3857 57 3926 ιἰι,
72 3854 293 3932 poenitentiam
306 3853 337 3910 ιἰι
351 3849 477 3907 salutem
491 3847 737 3926 impoenitendam
752 3860 912 3928 operantur
938 3850 1039 3908 munds
