2310 4306
122 211 178 266 ιι
347 167 934 278 mmlmmmnwmmmm
1015 149 1019 153 ⁴

67 379 79 396 ·
120 354 476 429 „deliumposteaveniem
490 349 1082 426 dabuntautcmDeoalapasmanibuirmb·
1117 336 1147 430 ‚⁵¹

118 449 172 511 „et
185 441 330 511 impurato
343 453 394 490 ore
406 446 550 509 exspuent
559 445 721 492 venenatos
733 443 848 506 sputus:
862 433 938 489 dabit
949 451 1004 489 vero
1013 431 1080 486 adra·
1118 435 1147 512 Νι

120 522 210 591 „bern
225 521 396 592 simpliciter
408 527 542 573 sanctum
555 518 682 573 dorsum.
709 517 750 572 Et
762 515 1081 589 colaphosaeeipienstrce
1126 526 1145 541 ’·

71 605 75 618 ’
118 602 195 674 „bit,
210 621 247 657 ne
261 603 325 675 quis
339 608 491 678 agnoscat,
507 599 584 673 quod
596 601 732 669 verbum,
757 601 806 654 vel
819 599 898 654 unde
910 594 1083 654 veuitutiniuit

118 687 288 760 „loquatur,
302 693 332 738 et
345 700 453 738 corona
467 683 569 755 spinea
584 692 750 738 coronetur.
783 680 828 736 Ad
842 682 935 736 cibum
946 677 1084 744 antemisit
1131 696 1146 703 ·*

118 767 177 839 „ad
196 768 275 823 sitim
293 775 406 821 aeetrrm
426 763 583 820 dederunt:
609 762 850 837 inhospitalitatis
863 762 936 842 hane
948 757 1086 818 ιιιιιιιιιιιι
1127 744 1147 802 5

119 867 280 923 „mensam
303 848 369 920 lpsa
383 848 461 902 enim
474 848 615 920 insipiens
628 855 710 901 turim
724 846 821 902 Deum
835 841 1086 910 nonaintellexistilu
1120 862 1124 873 2

119 931 259 1003 „dentem
271 931 440 986 mortalium
452 927 675 999 mentibus„sed
688 938 718 982 et
729 931 821 1001 spinis
836 929 994 998 coronasti,
1005 935 1028 981 et
1036 921 1098 978 honi*
1114 948 1122 957 v

121 1013 211 1084 „dum
224 1013 264 1066 fel
276 1013 428 1065 miscuisti.
453 1009 567 1084 Templi
579 1029 650 1066 vero
665 1012 763 1084 velum
777 1011 941 1066 scindetur:
956 1018 984 1064 et
993 1003 1100 1070 mediolis
1123 1032 1130 1037 ·

45 1131 49 1134 -
119 1111 204 1166 „nox
223 1094 285 1147 erit
297 1093 453 1162 tenebrosa
469 1094 556 1148 nimis
575 1095 606 1148 in
620 1095 714 1148 tribus
727 1091 819 1147 horis.
854 1091 894 1147 Et
906 1099 995 1147 morte
1006 1090 1094 1146 norictu
1118 1085 1119 1090 '

120 1177 235 1248 „tribus
249 1172 351 1230 diebus
366 1191 468 1229 somno
485 1184 637 1249 suscepto:
656 1184 772 1230 etutunc
784 1176 819 1230 ab
832 1174 938 1230 inferis
950 1160 1101 1250 regressuri

120 1260 237 1331 „lucem
252 1252 383 1332 [laetam]
398 1258 499 1312 veniet
510 1259 637 1330 primus,
663 1259 893 1313 resurrectionis
911 1257 1041 1330 principio
1051 1269 1086 1306 ιιι
1101 1266 1104 1289 ³
1143 1282 1146 1283 ν

119 1343 215 1413 „catis
231 1341 382 1395 ostenso.“
418 1337 478 1394 ista
491 1337 663 1394 Lactantius
684 1341 806 1413 carptim
819 1358 874 1414 per
887 1337 1033 1395 intel-valla
1042 1335 1098 1407 dirps

119 1423 336 1492 tationissuae,
349 1422 427 1476 sieut
440 1438 475 1476 ea
487 1438 609 1494 poscere
621 1421 808 1492 videbantur,
833 1439 910 1496 quae
922 1422 1036 1495 probare
1044 1421 1106 1474 inter·

7 1553 12 1572 ,
80 1517 87 1528 “
119 1505 214 1574 derat,
227 1502 361 1560 adhibuit
372 1505 542 1558 testimonia
554 1503 709 1578 Sibyllina,
720 1519 798 1577 ¹qnae
810 1523 866 1560 nos
880 1503 955 1560 nihil
968 1506 1087 1576 interpo
1127 1497 1138 1560 .’

119 1597 182 1658 ιιι,
207 1586 259 1641 sed
270 1588 302 1640 in
316 1603 404 1641 unam
418 1587 524 1640 seriem
539 1601 673 1643 connexa
685 1596 845 1659 ponentes,
870 1589 942 1642 solis
957 1577 1105 1660 capitibuni
1127 1581 1147 1630 ι·

119 1679 218 1749 amen
231 1670 390 1740 scriptores
404 1666 539 1740 deinceps
554 1685 588 1722 ea
601 1685 720 1724 servare
729 1687 788 1732 uon
794 1670 962 1745 negligant,
976 1669 1105 1742 distingue

120 1753 345 1816 deauravimus.
392 1749 534 1804 Nonnulli
546 1766 622 1804 sane·
630 1749 824 1823 Erythraeam
837 1750 999 1826 Sibyllam,
1022 1745 1107 1807 nonde
1141 1815 1147 1822 ,

106 1835 204 1906 muli,
218 1833 269 1890 red
279 1831 348 1888 belli
360 1829 484 1888 Troiani
495 1841 629 1910 tempore
641 1833 734 1887 fnisse
746 1834 942 1907 scripserunt.
1131 1836 1142 1857 “³

381 2035 384 2042 .
479 1995 789 2080 clr.xxw.

120 2096 199 2161 erod
206 2102 341 2164 regnante
351 2091 465 2145 Romulo
473 2104 573 2162 septem
586 2094 726 2162 Sapientes
736 2094 901 2160 claruerint,
923 2111 978 2164 pao
992 2065 1087 2163 tenpore
1109 2100 1114 2115 '¹
1135 2086 1140 2091 ⁶

117 2164 173 2218 rem
183 2165 279 2227 tribus,
289 2180 357 2230 quae
367 2163 455 2215 lsrael
463 2162 629 2226 dicebantur,
639 2164 668 2216 in
678 2163 868 2231 captivitatem
880 2182 898 2216 ι
909 2165 1047 2218 Chaldaeis
1055 2163 1081 2212 ιι
1137 2163 1147 2179 ¹

204 2242 277 2296 runt,
287 2233 407 2300 idemque
417 2232 547 2284 Romulus
556 2241 679 2284 mortuus
690 2233 779 2313 divino
788 2232 890 2285 bonon
901 2236 1016 2287 donatus
1025 2241 1064 2285 ert.
1107 2255 1109 2265 ι

182 2337 294 2393 Eodem
307 2335 431 2393 Romulo
446 2347 591 2414 regnante
604 2336 710 2393 Thales
722 2337 856 2393 Milesius
871 2338 967 2395 fnisse
980 2338 1112 2414 perhibctrl
1141 2336 1143 2345 ’

118 2439 226 2490 ιιιιι
239 2428 350 2491 septem
363 2419 567 2494 Sapientibus,
591 2421 644 2495 qui
654 2429 721 2493 post
730 2419 886 2498 theologos
899 2421 1023 2492 Poetae,
1041 2423 1066 2474 in
1076 2413 1114 2488 qui-¹
1142 2426 1144 2433 ’

38 2493 44 2514 “
117 2504 171 2559 bus
185 2501 320 2576 Orpheus
338 2505 465 2557 maxime
484 2504 613 2558 omnium
631 2503 799 2558 nobilitatur
813 2513 881 2574 est,
903 2505 1005 2578 Σοᾳοί
1021 2489 1111 2576 appdbi'

119 2594 205 2656 suut,
230 2585 307 2659 quod
321 2594 366 2640 cst
377 2584 483 2641 Latine
498 2583 662 2659 Sapientes.
696 2584 753 2640 Per
765 2584 843 2640 idem
857 2596 975 2660 tempus
989 2587 1072 2642 decen
1082 2579 1110 2634 πί·
1140 2551 1147 2608 fl

118 2668 189 2738 bus,
213 2687 288 2743 quae
302 2671 333 2724 in
349 2667 494 2724 divisione
506 2670 606 2741 populi
618 2677 740 2724 vocatae
754 2677 824 2724 sunt
837 2669 941 2740 lsrael,
965 2670 1114 2726 debellatas.
1141 2672 1144 2679 '

57 2795 59 2800 .
118 2749 285 2821 Chaldaeis,
305 2753 378 2806 etin
392 2769 441 2805 eas
455 2760 549 2806 terras
564 2753 694 2824 captivae
708 2749 812 2806 ductae
826 2762 912 2823 sunt,
936 2746 1110 2809 remanentis

22 2855 23 2863 ¹
117 2835 149 2888 in
166 2831 273 2889 Iudaea
289 2843 368 2888 terra
382 2833 565 2892 duabusjllis
577 2833 725 2903 tribubus,
739 2851 814 2906 quae
826 2837 950 2892 nomine
964 2835 1046 2899 Iudae
1055 2831 1116 2886 ruer
1145 2832 1146 2835 ’

115 2917 241 2986 bantur,
264 2915 418 2989 sedemque
433 2917 519 2992 regni
537 2915 683 2972 habebant
696 2914 894 2996 Hierusalem.
929 2919 1065 2975 Mortuum
1075 2909 1110 2965 ht·

116 3002 242 3066 mulum,
270 3017 336 3054 cum
363 3007 393 3052 et
416 3000 478 3072 ipse
503 3017 563 3054 non
591 3000 817 3072 comparuisset,
850 3001 883 3056 in
909 3001 997 3072 deos,
1020 2994 1078 3074 quod
1095 2995 1109 3042 ‘¹

44 3083 47 3088 '
116 3084 208 3158 vulgo
223 3081 408 3136 notissimum
423 3081 486 3151 est,
496 3079 626 3137 retnl'cre
639 3079 779 3168 Romani,
807 3069 1110 3160 quodusqneadeofieu'
1143 3069 1147 3103 ¹

27 3213 30 3226 ,
89 3157 91 3162 ’
115 3165 173 3220 iam
186 3164 323 3232 desierat,
338 3182 392 3218 nec
405 3171 504 3236 postca
517 3166 576 3218 nisi
590 3163 742 3235 adulando,
755 3171 818 3220 nou
833 3169 972 3239 errando,
985 3169 1075 3223 lactum
1084 3159 1111 3210 δῖ

114 3247 293 3320 temporibus
312 3245 484 3316 Caesarum,
498 3255 531 3302 ut
548 3244 651 3303 Cicero
669 3249 785 3324 magnis
805 3241 928 3306 Romuli
946 3238 1065 3306 laudibus
1079 3237 1110 3294 tri·
1146 3257 1147 3266 ¹

114 3328 200 3398 buat,
228 3329 307 3404 quod
320 3347 380 3385 non
393 3327 515 3385 rudibus
529 3338 559 3384 et
570 3329 696 3386 indoctis
714 3331 910 3404 temporibus,
936 3321 1110 3410 quantobeilt
1144 3324 1145 3327 ¹

32 3409 37 3418 ‘'
113 3409 248 3468 homines
261 3412 457 3483 fallebantur,
484 3413 539 3467 sed
553 3414 611 3468 iam
628 3415 765 3486 expolitis
785 3424 815 3470 et
834 3415 961 3472 eruditis
979 3413 1070 3471 meruit
1078 3405 1110 3459 bii

114 3492 257 3565 honores3
286 3496 417 3568 quamvis
437 3494 566 3551 nondum
580 3493 755 3552 efferbuerat
768 3515 801 3552 ac
815 3500 1009 3570 pullulaverat
1020 3494 1110 3571 philow·

112 3574 237 3649 phorum
261 3576 377 3632 subtilis
400 3587 430 3633 et
451 3588 537 3633 acuta
560 3579 730 3654 loquacitas.
765 3577 824 3635 Sed
850 3583 966 3637 etiamsi
987 3574 1110 3656 porteritri

114 3667 246 3732 tempora
260 3659 329 3715 deos
343 3659 474 3717 homines
489 3671 617 3718 mortuos
631 3680 690 3731 non
705 3663 911 3737 instituerunt,
935 3674 1029 3720 tamen
1040 3658 1067 3715 ab
1076 3668 1110 3707 tl·
1146 3675 1147 3692 l

112 3740 204 3811 tiquis
218 3743 372 3798 institutos
386 3746 481 3800 colere
495 3754 529 3800 ut
541 3743 609 3800 deos
625 3754 654 3800 ct
665 3742 772 3800 habere
793 3764 854 3802 non
874 3746 1052 3804 destiterunt:
1062 3733 1109 3812 ιιῐΰ

67 3903 69 3908 ι
113 3822 201 3877 etiam
215 3824 395 3897 simulacris,
418 3844 491 3903 quae
505 3836 620 3886 veteres
635 3846 693 3886 uon
712 3824 875 3904 habebant,
898 3830 1109 3890 auxeruntuu‘
