2310 4306
154 177 157 180 ’
206 213 263 268 rea
431 177 741 262 ιιιιιινιιιιιιι
764 173 1021 261 suoisruur

144 361 146 366 '
206 371 301 416 terrae
315 356 418 426 fuerit,
437 352 644 428 propterquod
658 351 765 409 cadens
780 355 812 408 in
827 362 939 420 terram
954 353 1053 411 fortior
1064 359 1108 411 sals

207 435 344 516 surgere:
371 439 438 492 etsi
452 455 510 510 qua
526 435 602 510 forte
617 438 673 490 alia
687 438 882 508 praetermisi.
924 437 990 493 Hac
1003 433 1102 493 fabulae

203 524 263 577 lum
283 539 374 594 usque
393 518 569 587 Troianum,
596 517 645 574 ubi
664 517 827 584 seeundum
846 518 955 573 librum
967 519 1077 575 Marcus
1089 519 1108 572 V

204 603 305 679 populi
318 601 445 658 Romani
459 609 548 676 gente
560 599 674 669 finivit,
697 616 739 653 ex
753 600 915 654 occasione
934 599 1108 656 historiarum

203 703 252 741 res
266 685 412 754 veraciter
424 691 523 760 gestas
535 683 698 752 continent,
712 683 754 735 ita
764 691 836 737 suut
845 682 1108 758 iugeniishomiaur

154 781 161 790 '
204 777 311 823 utnon
325 755 386 821 sint
398 764 559 838 opprobriis
573 764 726 818 numinum
739 762 853 819 affixae.
898 762 994 820 Porro
1008 775 1100 822 autem

204 867 261 924 qua
274 847 426 903 linxerunt
437 864 455 901 a
468 844 537 901 love
551 845 586 900 ad
601 855 733 919 stuprum
746 855 862 919 raptum
874 833 1104 918 pulcherrimum

205 928 421 1003 Ganymedem,
436 927 512 1001 quod
525 927 608 983 nelas
622 943 676 982 rex
689 925 836 982 Tantalus
846 928 936 999 fecit,
957 937 989 985 et
1001 929 1065 986 Iovi
1077 931 1108 987 fal

203 1013 281 1080 buit;
310 1013 363 1066 vel
378 1008 496 1064 Danais
518 1027 571 1083 per
592 1008 714 1064 imbrem
736 1023 855 1064 aureum
880 1014 1031 1085 appetisse
1047 1032 1108 1069 cont

203 1079 253 1148 ubi
264 1092 449 1168 intelligitur,
460 1089 602 1164 pudicitia
613 1089 743 1146 mulieris
757 1109 829 1147 auro
842 1091 936 1149 brisso
950 1105 1104 1174 corrupta,

202 1177 240 1231 lis
254 1172 430 1247 temporibus
444 1174 492 1228 vel
504 1172 581 1227 lacta
593 1173 642 1228 vel
656 1171 725 1228 licta
738 1182 825 1244 sunt,
845 1184 899 1230 aut
909 1175 993 1237 sacta
1006 1177 1044 1232 ab
1057 1179 1108 1233 auu

203 1255 239 1312 de
258 1255 343 1326 lore,
369 1254 427 1309 dici
448 1271 509 1310 non
526 1263 625 1327 potest
637 1263 779 1334 quantum
792 1257 862 1310 mali
876 1255 913 1312 dc
927 1257 1082 1314 hominum
1094 1279 1108 1334 p

203 1339 298 1396 serint
319 1337 473 1407 cordibus,
499 1335 576 1412 quod
598 1345 719 1411 possent
735 1339 793 1392 ista
813 1339 963 1410 patienter
982 1341 1065 1397 ferre
1083 1361 1108 1398 ιιι

203 1439 277 1494 quae
290 1428 389 1477 tamen
403 1419 491 1474 ctiam
503 1419 631 1474 libenter
645 1420 773 1492 amplexi
784 1429 866 1477 sunt:
881 1424 933 1495 qui
951 1425 1058 1497 utique
1071 1443 1107 1499 qu

202 1503 302 1558 votius
316 1501 414 1558 lovem
427 1504 543 1572 colunt,
557 1510 642 1556 tanto
653 1519 703 1556 eos
715 1503 765 1577 qui
776 1501 847 1558 haec
859 1505 894 1559 de
904 1505 958 1560 illo
970 1505 1074 1562 dicere
1087 1525 1108 1562 au

203 1586 338 1644 severius
350 1585 454 1660 punire
468 1583 640 1640 debuerunt.
666 1582 753 1640 Nunc
766 1603 853 1655 vero,
877 1605 941 1642 uon
955 1589 1056 1644 solum
1069 1592 1108 1644 cis

47 1725 55 1744 ,
105 1655 109 1671 ”
155 1703 158 1718 ,
203 1665 528 1738 finxeruut‚'irati-aon
542 1675 628 1736 suut3
655 1666 752 1722 sedut
765 1663 851 1742 [nisi]
865 1670 938 1724 talia
951 1668 1099 1746 figmenta

203 1751 327 1808 theatris
338 1758 471 1827 agerent,
484 1751 563 1822 ipsso
578 1747 647 1803 deos
661 1750 756 1821 potius
770 1751 860 1804 iratos
875 1749 988 1806 babere
1003 1754 1108 1808 timucr

203 1833 382 1909 temporibus
396 1832 508 1888 Latona
519 1833 634 1905 peperit
645 1830 823 1904 Apollinem,
850 1851 910 1888 non
925 1835 1014 1890 illum
1027 1838 1108 1892 cuius

204 1919 299 1972 solere
313 1915 429 1972 eonsuli
442 1915 575 1989 superius
589 1913 793 1987 loquebamur,
820 1914 871 1969 sed
884 1917 969 1972 illum
985 1935 1075 2014 quem
1088 1937 1108 1974 cu

205 2001 269 2056 cale
291 1997 518 2055 icruntrldmeti
542 1995 622 2072 regis
646 2005 778 2051 arnrcnta
799 1999 928 2070 pauisse:
956 2002 1010 2074 qui
1025 1997 1109 2056 tamer

204 2081 275 2137 deus
289 2079 429 2150 creditus,
443 2089 476 2134 ut
489 2075 606 2156 plurimi
619 2095 653 2132 ao
663 2095 737 2151 pene
748 2096 849 2134 omnes
860 2097 953 2136 unum
964 2081 1108 2156 eundemq

202 2166 294 2219 linem
312 2162 405 2218 fuisse
424 2162 591 2235 opinentur.
635 2158 720 2215 Tunc
734 2169 763 2214 et
780 2159 867 2216 Liber
884 2172 970 2236 pater
994 2165 1108 2237 bellavit

203 2245 266 2315 dia,
294 2245 345 2318 qui
356 2245 461 2298 multas
476 2241 579 2298 habuit
592 2242 625 2296 in
639 2243 771 2298 exercitu
784 2242 924 2316 seminas,
953 2263 1033 2321 quae
1047 2246 1108 2304 Bao

186 2327 327 2401 'pellatae
346 2334 431 2395 suut,
455 2342 516 2380 non
529 2333 588 2380 tam
601 2325 712 2381 virtute
726 2325 855 2395 nobiles,
882 2343 970 2400 quarn
991 2329 1102 2386 furore.

202 2427 273 2464 sanc
287 2418 317 2464 et
328 2409 440 2464 rictum
453 2408 588 2484 scribunt
600 2408 691 2462 istum
704 2407 840 2464 Liberum
854 2417 885 2464 et
897 2409 1051 2484 vinctum3
1064 2431 1108 2468 nor

79 2521 83 2528 =
169 2559 174 2566 „
203 2493 333 2562 occisum
351 2492 383 2547 1ιι
396 2509 497 2568 pugna
506 2505 527 2545 ‘a
538 2490 666 2561 Perseo,
693 2509 748 2545 nce
760 2492 810 2546 ubi
822 2490 913 2548 fuerit
927 2497 1062 2568 sepultus
1075 2505 1108 2550 tau

201 2583 301 2630 tamen
315 2575 379 2630 eius
397 2575 480 2630 velut
500 2572 548 2627 dei
561 2573 679 2628 nomine
692 2590 743 2646 por
756 2573 921 2630 immundos
937 2575 1095 2633 daemones
1107 2628 1108 2631 ,

202 2658 283 2713 nalia
297 2673 396 2727 sacra,
410 2656 459 2712 rel
470 2655 569 2727 potiu's
581 2657 736 2731 sacrilegia
751 2666 821 2711 sunt
834 2657 989 2715 instituta:
1009 2660 1108 2735 dequo

201 2740 284 2795 biosa
296 2738 479 2812 turpitudine
490 2746 558 2811 post
570 2746 631 2792 tam
643 2739 751 2794 multos
765 2755 858 2794 annos
873 2740 915 2796 sic
931 2751 1055 2798 senatus
1066 2763 1108 2799 eru

161 2883 162 2886 ,
200 2822 234 2878 iu
249 2823 320 2878 urbe
334 2820 428 2877 Roma
442 2835 506 2874 esse
518 2818 695 2893 prohiberet.
716 2818 774 2875 Per
788 2839 823 2876 ea
837 2830 971 2897 tempora
982 2824 1105 2881 Perseus

202 2907 265 2962 eius
278 2901 464 2961 Andromeda
483 2911 585 2975 postea
604 2915 689 2974 quam
710 2911 779 2959 suut
796 2908 920 2977 mortui,
950 2909 995 2962 sic
1013 2928 1063 2964 eos
1081 2910 1108 2963 1ιι

198 2995 335 3061 receptos
349 3003 414 3040 esso
428 2983 631 3056 crediderunt,
644 2995 679 3041 ut
688 2987 833 3064 imagines
848 3006 952 3046 eorum
965 2993 1060 3047 stellis
1073 2991 1108 3046 de:

153 3099 154 3102 ¹
201 3087 357 3146 eorumque
371 3069 516 3141 appellare
530 3068 696 3124 nominibus
710 3087 771 3126 non
786 3071 1012 3146 erubescerent,
1026 3075 1108 3132 necti

517 3265 518 3268 ,
590 3214 649 3276 CA
662 3218 695 3275 1³2
737 3217 770 3277 X
783 3219 796 3278 l
810 3220 845 3278 V.

553 3314 597 3370 Dc
621 3315 762 3386 Theologis
783 3319 896 3385 poetis.
971 3381 973 3385 ¹

260 3403 318 3461 Per
328 3404 405 3460 idem
415 3406 554 3482 temporis
564 3406 752 3462 intervallum
763 3411 945 3466 exstiterunt
957 3411 1075 3482 Poetae,
1087 3427 1108 3484 qt

187 3485 347 3565 ·'ll1eologi
365 3487 550 3560 dicerentur,
578 3492 715 3588 quoniam
734 3489 833 3547 dediis
846 3495 980 3552 carmina
997 3495 1108 3552 facieba

198 3572 303 3626 talibus
318 3570 392 3643 diis,
406 3590 458 3647 qur
449 3573 543 3628 licet
555 3591 655 3650 magur
647 3571 816 3643 'homincs‚
841 3585 941 3633 tamen
956 3575 1108 3635 hominest

198 3663 249 3708 aut
259 3653 361 3708 mundi
374 3653 480 3727 huius,
508 3673 593 3730 quem
605 3675 692 3712 verus
706 3653 893 3730 Deusiecit,
918 3663 1060 3719 elementa
1074 3677 1108 3714 suu

198 3734 229 3788 in
244 3736 456 3808 priucipatibus
471 3746 501 3793 et
513 3738 704 3811 potestatibus
718 3757 770 3812 pro
784 3743 940 3800 voluntate
949 3745 1108 3803 Creatorist

197 3816 258 3869 suis
273 3819 385 3874 meritis
400 3820 542 3877 ordinati:
570 3832 600 3877 et
619 3822 732 3897 siquid
752 3821 787 3878 dc
810 3843 871 3881 uno
891 3846 965 3886 sero
980 3829 1042 3886 Deo
1054 3829 1108 3882 inu
