2362 4314
48 183 50 186 ·
118 269 120 272 Ι
187 129 831 267 ιιιιόινιιιιιι-ιιιιιιιιιι.ιιιιιι.
891 149 1040 258 '¹395'

38 369 64 400 ,
77 349 133 408 qua
145 351 249 409 eorpus
261 336 383 392 alterius
392 340 561 411 ¹vescentis,
586 338 713 400 humens
725 345 840 402 viscera
853 346 929 404 fame
943 339 1033 406 com-¹¹

35 425 130 486 ente,
143 419 281 475 nutritur.
315 418 351 478 In
364 439 482 478 caruem
496 425 600 498 qqupe
613 439 755 484 conversa
769 437 814 484 est
826 431 899 501 eius,
914 433 966 505 qui
978 442 1024 490 ta-

35 517 52 553 r
82 501 159 557 vixit
170 502 331 575 alimentis;
358 513 387 559 et
400 523 435 560 ea
447 524 521 582 quae
533 509 640 565 nsaeies
655 509 824 569 ostenderat
837 513 1027 590 detrimenta,

35 583 146 641 levit,
193 581 296 658 Vtrum
316 603 387 663 ergo
405 580 460 642 hoc
469 587 514 642 illi
526 585 627 644 redeat
638 585 751 646 homini
764 589 846 654 ouius
861 608 930 647 caro
941 593 1024 668 prius

67 689 111 726 an
124 670 169 726 illi
181 671 279 744 potius
294 671 376 726 cuius
389 678 491 747 postea
503 667 581 726 saeta
595 680 650 740 est,
665 670 769 728 adhoc
783 682 1028 747 percunctantur,
1126 717 1135 732 ,.

35 751 123 811 dem
135 755 361 810 resurrectionis
375 753 513 811 illudant:
538 749 636 811 aesic
654 756 768 814 annnae
786 753 944 827 humanae,
972 758 1036 813 aut.
1077 785 1079 792 ι
1106 801 1109 808 ,

35 845 183 909 mantes,
196 838 273 893 sleut
284 836 380 908 Plato,
391 855 477 910 seras
490 837 679 902 infelicitates
692 840 839 914 falsasque
851 841 1024 914 promittant
1068 845 1069 848 ’

35 919 203 994 itudines3
226 929 279 977 aut
290 929 356 998 post
367 921 472 980 multas
487 920 588 980 itidem
602 921 787 998 perditores
800 916 923 998 corpora
936 941 1022 979 revo-

35 1021 129 1076 slres,
140 1003 298 1080 aliquando
310 1014 410 1062 tamen
418 1023 505 1076 -eam,
528 1005 607 1062 sicut
618 1004 812 1082 Porphyrius,
835 1007 921 1063 finite
933 1008 1022 1064 nu'sc·

35 1124 61 1155 ‚
90 1096 119 1144 st
131 1088 168 1144 ad
182 1106 230 1144 eas
245 1105 396 1166 nunqnam
411 1088 510 1144 redIrc
529 1087 691 1160 fateantur3
719 1099 897 1148 nontamen
917 1108 1022 1166 corpus
1052 1087 1058 1096 ’“
1120 1084 1122 1086 ’

35 1170 121 1229 ento
132 1173 309 1245 inamortale,
323 1171 374 1229 sed
387 1190 490 1250 eorpus
505 1191 591 1234 omne
602 1171 754 1251 fugiendo.

370 1321 492 1388 (ts-1³.
527 1320 649 1384 XIII.

35 1414 160 1473 horrica·
168 1437 221 1478 nors
226 1419 386 1494 pertineant
396 1423 432 1474 od
445 1421 682 1486 resurrectionem,
700 1419 874 1489 sipertr'nent
887 1419 924 1472 cd
937 1436 1025 1492 cume·

279 1519 280 1522 ’
379 1508 442 1544 rum
450 1501 628 1544 mortuorum.

35 1593 97 1654 Aa
107 1596 179 1656 lraee
192 1617 264 1676 ergo
279 1616 355 1673 quae
367 1599 517 1674 abrorum
529 1608 612 1672 parte
626 1597 784 1668 contraria,
798 1616 845 1654 me
859 1596 1024 1675 digerente,
1055 1623 1057 1632 a

35 1675 53 1734 ἰ
76 1680 211 1738 videntur
225 1677 368 1756 opposita,
387 1679 591 1737 misericordia
604 1680 663 1737 Dei
674 1681 747 1736 meis
760 1682 871 1750 nisibus
885 1699 968 1756 opem
980 1682 1025 1744 fe·
1049 1665 1054 1689 ¹

35 1780 83 1836 te,
97 1766 297 1841 respondeam.
322 1763 602 1842 Abortivosfoetus,
622 1765 672 1839 qui
686 1782 751 1820 cum
764 1765 822 1820 iam
835 1765 979 1821 vaissent
991 1766 1024 1822 in

41 1866 88 1919 0,
111 1849 152 1904 ibi
165 1858 234 1905 sunt
245 1848 369 1919 mortui,
393 1858 611 1904 resurrecturos
625 1856 660 1903 ut
673 1846 835 1920 affirmare,
858 1850 900 1903 ita
913 1867 1023 1925 negare

66 1931 172 1989 audeo:
188 1931 320 2008 quamvis
332 1925 394 1988 non
406 1929 520 1988 videam
534 1931 677 2007 quomodo
690 1929 728 1986 ad
740 1949 791 1986 eos
806 1949 866 1988 non
878 1934 1024 2006 pertineat

35 2017 165 2073 [noetio
178 2025 375 2085 mortuorum,
400 2015 426 2070 si
439 2034 499 2072 non
517 2017 686 2071 eximuntur
705 2014 741 2098 dc
760 2033 881 2071 numero
894 2025 1025 2072 mortqu
1098 2037 1100 2042 ¹

35 2116 68 2155 ι.
95 2101 159 2156 'Aut
172 2101 250 2156 enlm
264 2118 324 2156 non
338 2116 438 2155 ornnes
451 2099 561 2155 mortui
572 2105 746 2176 resurgent,
769 2099 898 2156 eferunt
910 2099 1024 2174 aliquae

35 2195 131 2240 nanae
144 2185 261 2239 animae
283 2184 347 2238 sine
369 2184 540 2256 corporibus
559 2183 593 2239 in
611 2191 780 2254 aetornum,
807 2200 882 2257 quae
900 2200 1024 2258 corpora

35 2279 129 2340 sana,
153 2267 286 2344 quamvis
309 2267 390 2322 intra
411 2267 528 2323 viscera
548 2275 697 2338 materna,
724 2259 897 2345 gestarunt:
924 2275 977 2323 out
997 2268 1023 2322 si
1087 2291 1088 2294 ¹

35 2361 91 2406 scs
104 2353 218 2408 snlmae
231 2347 375 2406 humanae
384 2351 529 2423 rccipIent
539 2345 726 2427 resurgentia
737 2368 791 2407 sua
800 2369 933 2425 corpora,
947 2368 1023 2426 qnae

35 2444 150 2490 uerunt
162 2434 330 2508 ubieunque
344 2435 493 2504 viventia,
517 2440 547 2488 et
563 2434 720 2490 morientia
737 2435 936 2509 reliquerunt,
961 2453 1023 2494 non
1124 2449 1127 2460 ‘

35 2520 108 2575 &nio
122 2517 366 2593 quemadmodum
378 2517 471 2576 dicam
484 2515 521 2572 ad
537 2517 782 2573 resurrectionem
793 2535 857 2572 >non
873 2520 1022 2590 pertinere

35 2608 178 2673 'tuorum
193 2619 381 2676 quoscunque
393 2609 525 2656 mortuos
544 2600 632 2656 etiam
644 2600 677 2655 in
689 2601 782 2656 uteris
796 2609 930 2656 matrum.
962 2599 1023 2659 Sed
1037 2607 1038 2614 ’

35 2684 161 2740 sortiter
174 2685 209 2739 de
222 2681 268 2740 Iris
282 2687 404 2760 quisquc
417 2686 536 2755 sentiat,
560 2682 637 2760 quod
651 2682 758 2739 daiam
770 2683 846 2740 natis
859 2682 1021 2742 infantibus

35 2769 164 2841 erimus,
176 2765 233 2825 hoe
247 2769 335 2827 ctiam
348 2768 384 2824 de
396 2769 454 2824 illis
467 2765 691 2846 intelligendum
704 2775 760 2840 est,
774 2766 801 2823 sl
812 2777 978 2845 resurgent.

367 2917 436 2977 CA
460 2917 493 2974 P.
535 2915 641 2976 XIV.

35 3009 164 3089 fuscator
173 3015 203 3072 ire
213 3033 245 3071 eo
254 3017 311 3071 sint
320 3015 499 3070 resurrecturi
508 3011 664 3098 lotitadr'oe
674 3014 802 3085 corporis,
812 2999 891 3084 quom
900 3015 1023 3070 lectitari

345 3095 425 3140 oraret
435 3095 535 3140 aetates
545 3101 662 3146 accessu.

55 3178 131 3245 Quid
144 3197 216 3258 ergo
231 3178 266 3235 de
280 3178 443 3235 infantibus
456 3175 563 3233 dicturi
575 3195 689 3248 sumus,
714 3177 773 3234 nisi
785 3177 855 3252 quio
868 3195 929 3234 non
941 3178 973 3233 in
987 3197 1021 3235 ea

35 3266 187 3319 urrcoturi
201 3272 270 3319 sun-t
284 3263 414 3336 corperis
428 3262 601 3338 exiguitate,
616 3280 674 3336 qua
688 3261 811 3332 mortui3
825 3260 876 3316 sed
888 3260 966 3337 quod
980 3263 1022 3317 eis

35 3335 103 3402 lius
116 3365 301 3404 accessurum
314 3355 378 3401 erat
390 3354 536 3419 ternpore,
558 3343 613 3401 hoo
625 3354 696 3401 sunt
712 3346 763 3399 illo
777 3341 835 3400 Dei
849 3362 935 3418 opere
947 3346 1022 3401 miro

35 3439 79 3486 ue
93 3433 246 3487 celerrimo
260 3423 425 3504 rec'epturiI
440 3427 474 3484 ln
487 3417 633 3485 sententia
646 3429 752 3504 quippe
765 3426 896 3499 Domini,
909 3430 959 3484 ubi
970 3430 1022 3500 ait,
1056 3423 1057 3426 ’
1073 3419 1074 3422 “

35 3513 128 3580 uittae
141 3516 251 3594 capitit
264 3514 361 3572 uestri
371 3531 428 3568 nors
434 3512 565 3590 peribit,
592 3511 700 3568 diettun
714 3520 769 3583 est,
783 3531 843 3568 non
858 3511 1024 3570 defuturum

35 3611 58 3650 te
71 3596 147 3672 quod
158 3599 227 3669 fuit,
240 3617 301 3654 non
314 3605 411 3652 autem
423 3605 563 3672 negatum
575 3604 621 3651 est
634 3593 799 3652 adfuturum
810 3613 875 3651 esse
886 3595 961 3671 quod
971 3596 1023 3652 dc-

35 3683 61 3735 ὲ.
84 3680 188 3738 Defuit
200 3690 298 3737 antem
309 3679 415 3736 infanti
429 3688 545 3734 mortuo
558 3678 689 3754 perfecta
703 3680 850 3754 quantitas
864 3682 910 3736 sni
922 3698 1024 3754 eorpo-

35 3779 49 3820 :
70 3765 200 3838 perfecto
213 3766 318 3841 quippe
331 3762 438 3832 infanti
452 3761 534 3818 deest
546 3763 646 3837 utique
659 3762 798 3836 perfectio
811 3753 1023 3840 magnitudinis

35 3849 151 3923 'petalis
159 3865 167 3922 3
187 3865 260 3924 quae
275 3864 363 3926 quum
376 3846 543 3918 accesserit,
558 3845 616 3902 inm
628 3854 740 3906 statura
753 3846 871 3925 longior
884 3864 950 3903 esse
963 3865 1021 3936 nen
1085 3896 1087 3902 .
