2340 4320
180 243 229 302 or:
251 204 480 303 crvrrrrr
498 241 580 304 *oar
609 245 690 317 ιιι,
714 247 775 305 ιιι.
963 253 1001 306 cr

73 398 169 454 coluerunt
180 399 320 476 originem
332 397 370 453 ab
385 396 449 454 eius
464 394 626 454 offensione
640 401 788 456 sumsisse.
821 398 886 472 Ipsa
900 401 1009 476 quippo,

73 481 145 535 isirter
154 480 212 536 deos
225 499 287 536 non
301 481 403 536 fuerat
420 481 562 554 invitata,
587 483 677 539 trium
691 482 812 538 dearum
828 484 910 537 litem
923 485 1006 538 aurei

73 562 250 636 lisuppositione
264 563 432 618 conanenta
445 573 503 620 cst:
530 562 608 619 unde
625 567 690 620 rixa
709 567 862 621 numinum
869 565 880 636 ,’
905 575 935 620 et
948 564 1004 619 Vc-

73 647 170 716 rrictrir,
190 657 218 700 ct
238 654 324 718 rapta
347 643 479 715 Helena,
507 656 536 701 ct
559 645 649 702 Troia
672 647 775 704 deleta.
811 649 1005 723 Quapropter,

73 725 112 781 orte
121 729 249 806 indignata
265 729 343 803 quod
356 728 517 792 interdeos
532 730 563 784 in
578 727 654 786 Vrbe
668 733 782 786 nullum
801 732 941 804 tcm'plum
954 729 1005 786 ha-

73 809 187 880 emmit,
211 811 275 866 idco
302 813 361 888 iam
384 811 521 890 turbabat
540 814 630 868 tantis
645 815 818 876 tumultibus
845 815 1005 884 civitatem,

73 902 106 946 nto
116 896 224 950 atrocius
237 896 336 968 potuit
351 895 482 964 irritati,
497 895 576 949 ¹cum
590 897 621 951 in
635 898 700 952 loeo
714 898 793 952 illius
808 895 924 967 caedis,
949 894 1006 952 hoe

73 1015 74 1034 ι
92 976 112 1030 ir
121 977 172 1031 loco
186 979 230 1032 sui
244 979 341 1050 operis
355 975 541 1032 adversariae
555 996 626 1048 suae
641 981 831 1034 constitutam
846 977 947 1033 aedem
960 981 1005 1034 vi-

73 1053 101 1110 tl
126 1057 196 1114 Haec
209 1073 286 1114 rana
300 1053 463 1115 ridentibus
478 1058 562 1115 nobis
576 1061 620 1115 illi
634 1060 713 1116 docti
727 1063 931 1136 sapientesque
946 1071 1006 1118 sto-

73 1135 166 1210 hantur,
185 1152 213 1198 et
226 1150 325 1197 tamen
339 1143 493 1198 numinum
506 1143 651 1198 bonorum
663 1145 864 1217 malorumque
879 1145 1008 1204 cultores

73 1240 96 1276 ac
106 1227 263 1298 quaestione
278 1219 459 1288 Concordiae
473 1223 705 1300 Discordiaeque
718 1244 779 1282 non
793 1236 920 1295 exeunt,
945 1228 1008 1282 sire

73 1308 223 1362 remiserint
235 1305 340 1362 harum
363 1306 483 1363 dearum
508 1309 634 1378 cultum,
662 1310 762 1382 eisque
775 1308 898 1364 Febrem
910 1307 1007 1364 Bello·

73 1407 109 1461 ιιι
121 1391 327 1462 praetulerint,
355 1391 459 1464 quibus
486 1391 607 1464 antiqua
630 1391 699 1447 fana
725 1391 875 1462 fecerunt3
902 1393 965 1447 sire
980 1402 1010 1447 et

86 1469 235 1542 coluerint,
263 1490 329 1528 eum
343 1473 385 1527 sic
400 1489 449 1528 eos
463 1469 632 1529 discedente
647 1473 826 1545 Concordia,
852 1473 1008 1534 Discordia
1029 1487 1030 1490 ’

73 1557 216 1629 rususque
230 1551 268 1610 ad
278 1555 374 1612 civilia
386 1555 462 1612 bella
475 1553 655 1630 perduircrit.

330 1703 650 1763 cnr.xxvn

73 1800 148 1854 uersis
163 1797 309 1872 generibus
330 1798 403 1864 belli,
423 1817 491 1868 quae
507 1811 571 1868 post
590 1798 727 1854 conditam
741 1797 832 1852 aedem
845 1795 1010 1876 Concordiaq

405 1879 577 1922 ssent-secuta.

73 1979 228 2032 raeelarum
241 1994 311 2031 vero
326 1975 520 2033 seditionibus
535 1977 735 2050 obstaculum,
762 1972 1011 2032 aedem‘Co‘noor-
1093 1979 1095 1984 '

73 2070 170 2115 :estem
199 2058 297 2114 caedis
324 2061 516 2134 suppliciique
543 2059 743 2116 Gracchorum
765 2058 1012 2118 concionantibus
1087 2065 1090 2076 ¹

73 2141 175 2199 andam
187 2151 338 2215 putarunt.
384 2143 534 2208 Quantum
548 2159 585 2197 ex
597 2141 654 2199 hoc
665 2141 863 2217 profecerint,
877 2139 1012 2196 indicant

85 2228 197 2300 peiora.
244 2223 428 2280 Laborarunt
442 2226 520 2280 enim
533 2224 669 2298 deinceps
684 2227 923 2291 concionatores,
950 2242 1011 2280 noa

73 2311 138 2364 lum
164 2308 298 2364 devitare
325 2306 540 2376 Gracchorum,
573 2308 624 2362 scd
651 2326 790 2380 superare
817 2308 1012 2380 propositum,

73 2411 81 2447 ι
95 2389 279 2447 Saturninus
294 2390 429 2462 tribunus
443 2390 551 2464 plebis,
576 2399 606 2445 ot
619 2389 707 2447 Caius
722 2389 868 2445 Servilius
881 2398 1010 2462 praetor,
1096 2429 1097 2432 ,

73 2477 118 2530 lto
131 2484 200 2548 post
213 2471 332 2530 Marcus
346 2471 480 2542 Drusus,
509 2481 635 2547 quorum
660 2475 796 2529 omnium
817 2472 1011 2536 seditionibus

86 2559 183 2632 primo
196 2559 256 2612 iam
270 2565 342 2612 tuae
354 2556 563 2632 gravissimae,
581 2555 686 2611 deinde
701 2557 823 2611 socialia
835 2555 910 2614 bella
925 2571 1011 2610 exar-
1037 2605 1041 2620 ,

73 2660 88 2696 ἐ
116 2641 223 2714 quibus
238 2637 323 2694 ltalia
336 2638 526 2694 vehementer
539 2637 661 2708 afflicta,
683 2646 712 2692 et
726 2637 762 2692 ad
775 2639 943 2715 vastitatem
957 2635 1012 2700 nri*-

73 2747 90 2782 u
118 2724 379 2796 desertionemque
404 2719 544 2794 perducta
563 2730 617 2777 est.
652 2719 767 2776 Bellum
785 2719 1012 2778 deindeservilc

74 2805 131 2877 sit,
158 2805 405 2879 etbellaeivilia;
432 2804 464 2858 in
490 2805 595 2878 quibus
623 2821 696 2876 quac
721 2804 844 2876 proelia,
859 2802 1013 2857 commissa

73 2887 314 2965 qaid-sanguinis
328 2882 444 2942 insumi
471 2894 506 2940 ut
520 2904 622 2941 omnes
636 2886 698 2940 fere
712 2883 801 2940 ltalac
815 2894 931 2961 gentes,
946 2884 1012 2957 qui·
1092 2939 1096 2946 ,

73 2971 348 3046 ιιιιιιιιιιιιιιιιιιιίιιιο
363 2965 560 3043 praepollebat
574 2965 745 3040 imperium,
772 2977 912 3041 tanquam
926 2984 1013 3020 saeva
1068 2985 1073 3006 ι

73 3058 119 3111 ies
133 3047 336 3108 domarentur.
380 3049 440 3105 lans
468 3069 505 3121 cx
531 3052 738 3125 paucissimis,
757 3047 814 3104 hoe
829 3059 888 3120 est,
916 3045 1012 3102 minus

73 3137 265 3212 septuaginta
279 3133 492 3211 gladiatoribus
508 3131 749 3208 quemadmodum
773 3132 880 3206 bellum
897 3131 1013 3184 'servile
1088 3173 1094 3190 ι

75 3228 161 3276 ctum
176 3220 232 3288 sit,
244 3217 281 3272 ad
295 3226 436 3290 quantum
450 3231 603 3278 numerum
616 3225 646 3270 et
659 3215 744 3289 quam
758 3233 856 3270 aerem
870 3213 1012 3266 ferocem·

73 3301 237 3358 ervenerit:
264 3315 336 3373 quos
352 3300 401 3352 illc
414 3311 554 3354 numerus
567 3299 758 3376 imperatores
772 3293 872 3372 populi
887 3293 1014 3350 Rorrrani

73 3375 176 3441 iverit:
191 3399 263 3455 quas
275 3391 307 3436 et
320 3380 464 3454 quomodo
480 3382 615 3437 civitates
629 3379 827 3456 regionesque
835 3375 1013 3446 vastaverit,

73 3469 101 3522 si
126 3464 284 3519 historiam
310 3465 563 3536 conscripserunt,
589 3463 661 3517 satis
681 3465 1011 3537 explicare‘potuerunt.

86 3548 120 3602 id
133 3547 232 3600 solum
242 3545 299 3599 iuit
312 3546 419 3600 servile
429 3545 553 3615 bollum3
568 3543 620 3600 sed
633 3553 663 3598 et
677 3544 877 3600 Macedoniam
890 3539 1012 3614 provinss

73 3631 150 3685 rrius
166 3629 292 3700 servitia
300 3623 473 3700 depopulata
485 3636 571 3696 sunt,
598 3625 707 3681 deinde·
718 3625 851 3682 Siciliam
874 3640 1012 3696 oramque
1069 3629 1070 3632 ’

73 3729 165 3766 maur.
208 3709 326 3772 Quanta
336 3707 422 3763 ctiam
436 3718 469 3763 ct
478 3725 565 3783 quam
578 3701 725 3764 horrenda
739 3706 939 3764 commiserint
951 3707 1012 3777 pri-

73 3790 214 3856 sceiam,
241 3781 345 3858 deinde
358 3791 453 3846 valida
466 3792 541 3847 bella
554 3793 730 3864 piratarum,
752 3792 816 3864 quis
830 3789 884 3858 pro
898 3789 1013 3862 sungui-

73 3897 77 3925 ·,
91 3887 199 3928 rerum
212 3872 305 3927 valeat
318 3869 432 3947 eloquii

697 3951 739 4046 G.
