2362 4312
216 189 279 248 or
314 167 539 264 ewirlrn
575 185 656 245 nm
694 186 774 244 ure.
802 173 823 242 1.
883 161 915 226 s
1004 194 1043 248 25

48 348 123 402 blsrn
139 343 341 400 testimonium
365 359 432 395 cnm
450 339 579 410 vetaret3
606 337 745 408 Falsum,
773 341 886 412 inquit,
913 345 1044 398 testimo·
1110 409 1112 416 y

45 432 101 486 niun
112 445 163 483 non
176 426 254 482 dices
268 423 414 480 adversas
427 424 595 498 proximam
609 433 699 478 tuum.
738 421 802 477 Nee
821 421 887 477 idea
907 431 1004 482 nmen
1018 430 1049 482 si

43 511 199 566 rdrcrsusse
213 502 481 580 ipsumaquisquam
503 505 610 560 falsum
632 506 835 562 testimonium
861 504 982 577 dixerit,
1007 512 1043 565 ab

41 593 83 649 bae
94 594 205 648 crimine
218 609 250 645 sc
263 589 415 662 putaverit
428 589 565 643 alienum.
609 588 756 654 Quoniam
768 589 903 665 regulam
917 588 1042 666 diligen·
1083 639 1085 642 .

40 677 235 749 diproximnm
261 690 280 728 a
307 673 468 744 semetipse
492 670 617 732 dilector
641 673 769 745 aceepit:
806 672 1043 747 quandoquidem

39 761 158 832 seriptum
182 765 246 828 est:
281 753 402 828 Diliges
423 755 594 831 proximans
619 764 699 811 tunm
722 765 864 832 inaquam
885 767 916 812 te
939 758 1063 832 apianae*

38 843 115 897 Perre
137 842 161 895 si
171 841 237 896 ialsi
249 838 415 895 testimonii
433 854 495 892 non
512 838 611 893 ndnus
624 855 693 894 reus
707 848 763 910 cst,
790 840 843 913 qui
868 838 903 894 de
922 857 954 896 se
978 842 1042 913 ipso
1128 871 1130 877 ι

40 925 132 980 lelsurn
141 923 251 992 fatemur,
281 921 407 996 quamsi
420 919 560 977 adversus
571 923 740 993 ¹proximum
751 920 808 978 hoc
821 918 949 994 facerel3
975 943 1044 982 cnm

43 1011 68 1063 in
79 1026 108 1062 co
118 1015 275 1080 praecepto,
300 1021 358 1078 quo
372 1003 478 1060 falsum
491 1005 692 1060 testimoninm
704 1005 886 1080 prohibetur,
899 1006 1041 1063 adversus

37 1092 180 1164 proximum
191 1086 394 1163 prohibeatur,
411 1088 562 1161 possitque
575 1106 637 1144 non
649 1098 732 1144 reete
746 1090 981 1166 intelligentibus
996 1093 1051 1148 vi-·

37 1175 89 1251 deri
100 1191 154 1228 uon
166 1191 229 1228 esse
241 1169 434 1244 prohibitum,
453 1179 486 1226 ut
499 1169 639 1250 adversus
654 1189 685 1226 se
700 1173 796 1246 ipsum
813 1175 936 1247 quisque
948 1175 1041 1238 iabus

36 1259 107 1317 testis
117 1255 250 1311 adsistat:
262 1255 383 1328 ‘quanto
396 1255 490 1334 magis
505 1251 729 1331 intelligendum
742 1265 797 1326 est,
811 1274 870 1312 nou
884 1258 975 1316 licere
988 1255 1041 1312 ho-

35 1341 96 1395 mini
111 1359 139 1394 sc
156 1340 252 1410 ipsum
271 1335 423 1406 cecidere,
449 1355 517 1393 eum
533 1339 566 1396 in
577 1356 620 1393 ,00
639 1337 718 1412 quod
735 1341 877 1414 scriptum
896 1349 962 1397 ests
977 1339 1041 1397 Nun
1069 1377 1073 1390 =

37 1423 141 1490 reddes,
154 1420 245 1484 nihilo
259 1418 367 1476 deinde
377 1415 490 1491 addite,
510 1423 621 1491 nullus,
637 1440 692 1477 nee
706 1423 769 1495 ipse
779 1424 881 1497 utique
895 1425 944 1479 eui
956 1441 1041 1498 prac-

40 1506 143 1576 cipitur,
163 1506 349 1582 intelligatur
363 1499 522 1576 excepturi
548 1503 631 1560 Vnde
647 1505 764 1579 quidam
779 1505 836 1561 hoc
854 1517 1042 1580 praeceptum
1085 1537 1090 1546 κ’

44 1588 116 1642 etiarn
125 1590 152 1644 in
162 1589 271 1647 bestias
286 1605 320 1642 ae
334 1604 441 1659 pecora
455 1595 602 1644 conantur
615 1588 785 1660 extendere,
808 1598 843 1646 ut
856 1607 894 1644 cx
906 1588 962 1645 hoc
975 1591 1041 1646 nul·
1106 1585 1107 1590 '

43 1671 91 1724 lun
103 1672 176 1726 etiarn
188 1673 310 1726 illorum
322 1670 410 1724 liceat
422 1669 565 1725 occidere.
609 1668 670 1725 Cur
684 1688 744 1726 non
758 1689 828 1748 ergo
843 1680 872 1726 et
885 1671 999 1743 herbas,
1014 1683 1043 1728 et

41 1753 257 1828 quiequidhumo
277 1752 419 1812 radicitus
433 1755 523 1814 alitur
536 1771 570 1808 ac
588 1748 709 1830 figitur?
734 1749 809 1810 Nam
829 1763 858 1808 et
876 1752 931 1809 boc
948 1773 1043 1830 genus

31 1833 129 1906 'retum
152 1837 285 1920 quamvis
311 1855 372 1897 non
390 1837 509 1907 sentiat,
534 1836 644 1898 dieitur
669 1844 767 1896 tamen
793 1838 908 1892 rivere:
932 1855 966 1892 ae
992 1855 1051 1908 per

36 1917 82 1974 bec
95 1921 184 1992 potes't
197 1929 227 1975 et
244 1921 338 1992 mori3
364 1919 491 1992 proinde
501 1922 591 1976 etiam
605 1909 671 1976 curn
684 1921 730 1976 ris
742 1918 914 1990 adhibetur,
935 1919 1043 1976 cecidi.
1103 1965 1111 1976 ,

36 1999 106 2058 Vnde
118 2013 145 2058 et
155 2004 326 2076 Apostolus,
340 2021 407 2068 eum
421 2002 456 2058 de
469 2001 673 2060 huiuscemodi
688 2003 848 2080 seminibus
862 2004 1044 2078 loqueretur,

38 2083 90 2156 Ta,
111 2088 222 2162 inquit,
248 2087 327 2162 qnod
347 2086 475 2148 semines
504 2106 559 2146 non
585 2086 780 2160 vivificetur,
798 2087 868 2146 niti
886 2087 1043 2144 moriatur.

37 2165 228 2226 EtinPsalmo
250 2170 466 2243 scriptumest,
493 2166 611 2232 Occidit
622 2171 698 2240 vites
718 2172 867 2230 surrentin
886 2169 1043 2246 grandine.

38 2249 103 2308 Nun
114 2254 201 2330 igitur
219 2253 257 2314 eb
276 2251 332 2316 hec
343 2291 358 2329 ,Ι
381 2270 448 2307 eum
465 2251 619 2326 audimus,
644 2249 709 2324 Non
727 2253 856 2324 occides,
880 2253 1045 2330 virgultum

39 2336 132 2390 rellere
148 2337 229 2394 nefas
253 2334 403 2405 ducimus,
430 2343 460 2390 ct
484 2333 723 2396 Manichaeorum
741 2338 836 2392 errori
857 2337 1044 2392 insanissime
1095 2397 1105 2408 ¹

45 2415 250 2489 requiescimus?
277 2418 333 2474 His
346 2417 440 2495 igitur
454 2416 651 2478 deliramentis
670 2420 803 2489 remotis,
823 2421 1044 2496 enmlegimus,
1071 2435 1075 2452 ¹
1101 2417 1110 2423 ’

47 2493 98 2553 b'on
112 2504 229 2560 occides:
256 2503 284 2558 si
300 2510 456 2576 propterea
475 2520 536 2558 non
556 2500 787 2576 accipimurhoc
805 2501 918 2580 ‘dietum
931 2521 995 2556 esse
1010 2501 1045 2556 de

42 2579 170 2654 frutectis,
197 2586 380 2661 quianullus
395 2592 439 2641 est
456 2586 498 2640 cis
520 2600 639 2656 sensus3
665 2603 720 2644 nee
740 2583 775 2642 dc
793 2586 989 2641 anirnantibus
1004 2587 1045 2640 ir-

40 2666 223 2740 rationalibus,
251 2668 432 2742 volatilibus,
459 2668 646 2738 natatilibus,
672 2668 904 2746 ambulatilibus,
931 2669 1044 2744 reptili-

39 2747 94 2818 bnr,
117 2752 180 2824 quia
193 2753 275 2806 nulla
290 2750 374 2808 nobis
388 2751 504 2818 ratione
523 2751 690 2820 socientur,
718 2753 805 2825 quam
817 2769 877 2807 non
891 2752 933 2806 eis
947 2749 1046 2808 ilatum

40 2839 77 2884 est
92 2833 236 2896 nobiseum
255 2832 363 2893 habere
377 2849 574 2906 eonnnunem3
593 2833 671 2890 unde
685 2834 845 2890 iustissima
859 2833 1046 2890 ordinatione

41 2909 169 2971 Crantoris
183 2927 212 2972 et
224 2919 288 2974 vita
302 2926 418 2974 etmors
432 2917 534 2974 eorum
547 2918 657 2980 nostris
668 2917 770 2974 usibus
786 2917 934 2976 subditur:
954 2927 1046 2972 restat
1125 2979 1131 2986 ι
1154 2895 1159 2924 ”

42 2995 107 3052 utde
128 2996 244 3057 bomine
269 2997 485 3078 intelligamus,
509 2999 587 3075 quod
612 2999 796 3070 dictumest,
821 2997 885 3056 Non
913 3001 1071 3056 occides:¹

41 3096 84 3134 nce
101 3083 219 3139 alterum
232 3101 318 3162 crgo,
345 3092 451 3139 necte.
494 3083 598 3160 Neque
612 3083 691 3138 enim
707 3083 759 3157 qui
771 3102 803 3138 se
824 3081 942 3154 occidit,
967 3080 1046 3142 aliud
1101 3144 1104 3149 ,

42 3178 110 3233 quam
120 3163 265 3223 hominem
282 3164 399 3224 oceidit.
482 3217 484 3222 ,
825 3179 828 3193 ’
989 3173 992 3180 ’

396 3259 524 3322 ear:
557 3261 670 3322 xxr.
747 3279 749 3283 v
843 3223 851 3244 “

70 3337 345 3418 &interfectionibus
366 3340 511 3425 bererinmn,¹
526 3361 593 3412 qnae
613 3345 646 3398 ab
666 3344 801 3400 borriicidii
821 3343 1011 3398 rrirnincerei-

467 3424 592 3481 pientur.
873 3421 875 3424 ·

90 3499 229 3565 Quasdam
242 3519 317 3558 vero
332 3493 517 3574 exceptiones
531 3503 632 3560 eadem
642 3506 705 3579 ipsa
719 3503 820 3562 divina
832 3503 903 3557 feeit
915 3506 1045 3558 auetori-

40 3588 89 3650 tis,
110 3594 216 3642 utnon
233 3581 483 3641 liceathominem
504 3585 607 3650 occidi.
656 3585 716 3642 Sed
736 3579 782 3640 iris
801 3586 957 3657 exceptis,
973 3602 1046 3658 quos

41 3657 105 3717 licus
117 3667 210 3723 occidi
223 3667 326 3736 iubet,
353 3665 414 3720 sire
427 3667 493 3723 data
506 3670 588 3746 lege,
615 3669 678 3724 sire
692 3667 728 3723 ad
740 3684 897 3740 personam
905 3685 957 3741 pro
972 3676 1056 3740 tem-¹

41 3759 94 3812 pere
108 3766 244 3824 expressa
266 3747 414 3802 iussione:
440 3749 522 3818 (Non
537 3758 636 3806 autern
656 3751 717 3822 ipse
738 3745 862 3817 occidit,
888 3751 939 3824 qni
958 3750 1045 3804 mini-

43 3829 138 3885 sterium
150 3831 237 3888 debet
252 3829 385 3898 iubenti,
410 3833 484 3889 sient
501 3831 711 3896 adminiculum
725 3827 840 3906 gladius
854 3833 959 3886 utenti.
1009 3830 1048 3886 Et
