2362 4312
142 213 161 266 2

144 362 174 416 in
195 359 348 415 duodecim
366 356 580 431 posterioribus
602 355 815 435 redarguamus
835 356 967 414 adverso.
1010 358 1179 416 Duodecirr

144 462 215 520 ergo
234 443 375 500 librorum
394 441 582 514 sequentium
604 441 692 513 primi
719 451 848 514 quatuor
866 443 1022 498 continent
1042 451 1179 498 exortun

144 525 269 584 duorum
282 523 456 606 civitatum,
479 540 604 596 quarum
624 531 669 578 est
688 541 748 579 uno
762 522 836 596 Dei,
858 526 951 580 altero
964 522 1052 580 huius
1065 525 1179 581 muntii

141 607 276 666 ¹Secundi
308 614 435 682 quatuor
461 623 620 670 excursum
634 623 735 662 eorum
763 608 827 663 sive
852 624 1036 680 procursum.
1081 605 1179 664 Terti

97 763 104 769 ι
144 708 215 748 vcro
239 691 298 765 ‘qui
323 697 353 743 ct
372 681 534 762 postremi,
562 687 676 744 debitos
694 689 778 746 fines.
827 687 872 746 Ita
893 708 993 744 omncs
1014 691 1123 766 viginti
1149 709 1179 745 e*

16 781 18 788 ’
89 823 94 830 ,
144 773 202 830 duo
221 773 302 844 libri,
328 791 395 827 curn
414 773 474 827 sint
502 768 538 826 de
561 780 687 846 utroque
707 771 834 828 Ciuitate
854 773 1031 845 conscripti,
1058 774 1179 828 titulun·

144 867 271 913 tomeun
288 851 409 930 inciiore
426 864 620 928 acceperunt,
646 864 681 910 ut
694 855 729 912 de
742 854 872 912 Civitate
891 853 952 911 Dei
970 857 1069 928 potius
1087 874 1179 912 vocn-

145 947 257 994 rcntur.
301 936 335 994 In
357 933 492 1011 ‘quorum
517 936 630 992 tlccirno
650 938 726 1012 libro
753 955 813 994 non
840 938 941 994 debuit
959 955 1013 1011 pro
1034 939 1179 994 miraculo

143 1022 215 1095 poni
228 1022 260 1076 iu
273 1019 406 1076 Abrahae
434 1019 592 1076 sacrificio«
609 1019 755 1077 ilarnnrnrn
766 1023 898 1093 caelitus
913 1020 1021 1076 factam
1034 1022 1113 1076 inter
1132 1020 1179 1075 di-

143 1106 222 1160 visa·
242 1105 377 1160 victimas
399 1105 582 1160 cucurrisse:
617 1105 758 1178 quoniam
776 1100 832 1159 hcc
848 1105 896 1158 illi
908 1104 939 1159 in
959 1105 1075 1160 visione
1094 1123 1179 1160 mon-

145 1197 272 1242 stratum
286 1196 340 1242 cut.
384 1185 419 1243 ln
432 1173 546 1242 becimo
560 1188 685 1259 septimo
698 1181 774 1242 libro
789 1185 868 1261 quod
882 1186 993 1242 dictum
1007 1195 1052 1241 cst
1070 1184 1105 1241 dc
1123 1185 1179 1242 So-

99 1301 101 1304 ·
143 1272 255 1340 muele,
281 1266 345 1327 Non
364 1280 432 1326 erat
446 1267 569 1341 desiliit
583 1268 702 1326 Aaron:
720 1268 887 1344 'dicendum
900 1271 999 1342 potius
1020 1269 1091 1340 fuit,
1111 1269 1179 1325 Non

145 1361 208 1408 crct
235 1351 316 1408 filius
343 1351 515 1408 sacerdotis.
564 1349 656 1408 Filios
684 1353 791 1426 quippe
817 1350 1004 1408 sacerdotum
1030 1351 1179 1409 defunctis

144 1434 346 1491 sacerdotibus
372 1435 547 1504 succedere,
575 1435 669 1511 magis
685 1435 813 1512 legitimi
831 1436 923 1492 moris
941 1435 1009 1491 suit.
1053 1434 1128 1491 Num
1147 1437 1179 1510 in

144 1518 213 1572 filiis
229 1517 331 1574 Aaron
349 1521 499 1592 reperitur
513 1526 598 1590 peter
617 1515 781 1589 Samuelir,
809 1517 862 1572 ted
881 1517 1018 1574 sacerdot
1032 1536 1093 1575 non
1106 1519 1179 1586 suin

144 1620 200 1657 nec
214 1603 256 1657 ita
270 1602 303 1656 in
316 1600 401 1672 tiliis,
423 1611 457 1657 ut
471 1619 538 1656 curn
552 1601 615 1673 ipse
629 1601 770 1677 genuerit
782 1600 900 1672 Aaron3
919 1598 971 1656 sed
986 1597 1065 1657 sicut
1078 1616 1179 1656 omncs

146 1685 226 1740 illiue
241 1685 343 1757 populi
357 1677 498 1758 dicuntur
518 1681 573 1738 filii
592 1681 692 1740 lsrael.
737 1681 803 1740 Hoc
819 1700 892 1756 opus
909 1685 952 1740 tic
967 1684 1088 1759 incipit:
1108 1683 1179 1739 Glo-

144 1769 339 1824 rictittimcm
353 1769 505 1824 civitatem
521 1761 597 1838 Det,
627 1774 682 1820 etc.
