2310 4306
89 175 97 186 ’
180 211 243 270 na
269 208 487 269 crvrrsrn
514 210 591 268 ner
619 210 699 269 nra.
723 212 831 278 xvu.
967 219 1026 274 153

24 363 79 421 rim
89 368 162 422 servi
175 363 238 421 Dei
248 364 522 437 nuncupandisunt
532 365 604 420 tales
618 363 731 423 ludaei:
745 365 797 422 scd
811 367 853 420 eis
867 369 955 424 ve‘rba
968 371 1025 426 ista

24 458 169 523 *inpetunt
184 451 235 522 qui
244 467 310 503 cum
319 465 424 524 graves
434 446 613 503 humilitates
627 450 861 520 persecutionum
871 468 924 523 pro
937 450 1022 508 Chri-

23 526 35 582 i
57 533 162 587 nomine
174 540 365 604 paterentur,
392 531 540 586 recordari
558 539 715 603 potuerunt
733 533 883 588 excelsum
900 550 1023 609 regnum

24 615 99 669 mini
110 612 313 669 Davld¹fuisse
326 615 517 687 promissum,
543 622 572 668 et
586 614 649 668 eius
663 613 807 670 desiderio
821 615 935 683 dicere,
962 635 1023 672 non

24 695 249 772 sperandesed
262 696 398 770 petendo,
412 695 589 771 quaerendo,
604 696 758 769 pulsando,
789 695 843 753 Vbi
855 709 924 754 aaut
936 701 1024 754 mise-

24 784 123 836 :rienes
137 790 209 836 tuae
223 781 373 855 antiquae,
387 777 607 854 Domine,.qees
619 781 732 836 iurasti
739 778 842 837 David
850 783 883 838 ie
894 783 1024 838 veritato
1096 823 1098 826 -

24 861 71 919 ai
87 862 230 919 Memento
246 861 372 919 Domine
385 863 537 939 opprobrii
549 865 698 918 serverum
712 873 843 934 tuorem,
866 867 943 940 qaod
954 883 1022 920 eon-

24 949 74 1002 oem‘
82 948 109 1001 in
122 949 191 1002 eina
205 941 268 1003 meo
280 944 439 1002 multarum
450 947 600 1020 gentium:
624 943 679 1001 hoo
700 955 758 1015 est,
781 947 813 1002 in
830 947 1022 1004 interioribus

24 1031 72 1083 eis
82 1031 224 1104 patienter
236 1030 353 1102 pertuli.
393 1025 478 1096 Quod
491 1027 743 1102 exprobraverant
756 1031 869 1087 inimici
881 1033 940 1102 tui,
959 1028 1021 1086 De.-
1041 1023 1047 1042 ¹

24 1113 172 1187 a'ee,·qued
190 1111 452 1188 eepredreoenmt,
472 1112 721 1180 commatationem
742 1109 856 1170 Christi
873 1117 936 1170 tei:
961 1131 1022 1170 non
1123 1125 1125 1136 ⁴

24 1209 63 1249 aar
72 1203 205 1268 putantes
218 1195 485 1262 commutationem,
498 1191 549 1248 sed
560 1194 798 1252 consulationem.
820 1196 897 1262 Quid
911 1208 955 1254 est
968 1215 1021 1252 au·

24 1291 69 1347 tn,
91 1275 235 1334 Memento
248 1275 388 1345 Domine,
410 1277 468 1331 nisi
485 1285 518 1330 ut
530 1277 712 1346 miserearis,
726 1284 756 1332 et
768 1294 822 1349 pro
835 1281 958 1336 tolerata
970 1299 1021 1353 pa-

24 1370 100 1414 rnter
108 1359 272 1415 humilitate
283 1377 358 1428 mea,
370 1357 475 1414 reddas
486 1357 697 1426 celsitudinem,
710 1377 796 1433 quam
808 1361 913 1418 iurasti
926 1361 1023 1419 David

41 1445 158 1498 veritate
172 1439 242 1498 ora?
274 1440 308 1497 Si
328 1449 426 1498 autem
443 1441 558 1498 ludaeis
575 1443 756 1520 assignemus
775 1440 847 1498 haec
859 1446 963 1516 verba,
977 1446 1021 1500 illi

24 1527 69 1580 rri
81 1525 138 1581 Dei
151 1527 222 1581 talia
236 1525 333 1582 dicere
346 1514 518 1598 potuerunt,
538 1525 587 1598 qui
601 1534 767 1600 expugnata
780 1535 897 1582 terrena
910 1526 1020 1584 Hieru-

24 1607 95 1678 lem,
117 1618 187 1664 ante
201 1627 287 1682 quarn
300 1607 380 1662 lesus
394 1607 525 1665 Christus
545 1605 711 1662 humanitus
726 1619 907 1680 nasceretur,
925 1613 957 1666 in
972 1629 1020 1666 ca-

24 1690 153 1746 iritatem
163 1691 245 1746 ducti
255 1702 333 1760 suut,
346 1691 544 1768 intelligentes
556 1692 811 1746 commutationem
821 1691 939 1764 Christi,
952 1694 1034 1767 quia,

24 1773 103 1830 ilicet
116 1793 176 1830 non
189 1793 242 1849 per
255 1793 322 1830 eum
334 1783 452 1830 terrena
466 1775 648 1847 carnalisque
661 1772 796 1845 felicitas,
816 1777 909 1848 qualis
922 1778 1021 1849 paucis

24 1859 76 1911 mis
89 1858 168 1934 regis
183 1856 349 1924 salemonis
364 1859 511 1930 apparuit,
532 1855 583 1914 sed
596 1857 731 1912 eoelestis
744 1875 778 1912 ac
792 1859 930 1930 spiritalis
944 1870 1022 1914 esset

24 1937 115 1994 leliter
127 1940 340 2014 exspectanda:
366 1957 451 2014 quam
464 1951 534 1996 tunc
547 1942 689 2016 ignorans
703 1939 861 1996 infidelitas
875 1943 1020 2018 gentium,
1107 2009 1115 2026 Ι

24 2041 58 2077 un
77 2022 132 2078 Dei
155 2025 295 2097 populum
314 2023 479 2078 exsultabat
499 2033 588 2097 atque
606 2023 765 2078 insultabat
783 2041 846 2098 esse
865 2027 1021 2098 captivum,

24 2105 60 2160 tid
82 2102 161 2162 aliud
185 2124 271 2180 quarn
290 2103 398 2161 Christi
420 2107 685 2178 commutationem,
708 2101 759 2162 sed
783 2107 942 2164 scientibus
967 2127 1021 2179 ne·

26 2191 104 2260 iens,-
120 2184 340 2262 exprobrabat?
361 2187 401 2244 Et
414 2187 478 2244 ideo
493 2189 570 2263 quod
582 2191 732 2263 sequitur,
756 2190 805 2246 ubi
819 2188 950 2248 Psalmus
964 2193 1020 2248 iste
1048 2223 1049 2226 ¹

24 2272 189 2341 recluditur,
216 2269 388 2328 Benedictio
401 2271 522 2327 Domini
534 2274 564 2328 in
577 2283 739 2343 aeternam,
752 2271 834 2344 Fiet,
846 2273 928 2346 fiet:
953 2277 1019 2334 uui-

24 2357 76 2409 erso'
93 2358 199 2429 populo
217 2352 273 2409 Dei
291 2353 327 2408 ad
341 2356 497 2410 coelestem
514 2352 698 2412 Hierusalem
714 2359 888 2430 pertinenti,
914 2362 1019 2418 sivein

24 2437 51 2490 is
63 2440 111 2512 qui
123 2437 256 2493 latebant
269 2439 300 2492 in
314 2435 502 2492 Testamento
515 2446 630 2507 vetere,
655 2449 723 2494 ante
742 2457 828 2512 quam
841 2445 1019 2500 revelaretur
1117 2445 1120 2450 ’

24 2533 108 2591 saum,
122 2524 185 2576 sire
199 2518 288 2575 in‘his
303 2521 353 2594 qui
365 2521 423 2576 iam
434 2519 622 2574 Testamento
634 2539 712 2576 novo
723 2524 851 2578 revelato
863 2527 1019 2584 manifesto
1060 2583 1063 2600 ,
1076 2569 1086 2588 ,

24 2605 135 2658 minere
150 2613 314 2659 cernuntur
333 2603 370 2658 ad
384 2601 547 2671 Christum,
572 2603 643 2656 satis
662 2604 809 2678 congruit.
847 2605 1022 2666 Benedictie

24 2687 93 2758 sippe
105 2687 271 2743 Domini-in
285 2688 396 2742 sencino
410 2685 517 2754 David,
532 2703 591 2740 non
604 2684 640 2739 ad
655 2684 770 2759 aliquod
784 2695 909 2758 tempus,
924 2695 1016 2764 qualis

26 2767 90 2824 ebus
104 2769 270 2825 Salomonis
284 2769 433 2842 apparuit,
460 2769 558 2824 sed-iu
572 2777 722 2823 aeternum
736 2763 887 2842 'speranda
900 2783 961 2843 est‘,
986 2777 1017 2830 in

24 2867 49 2905 ra
61 2854 224 2908 certissima
237 2871 287 2924 spe
302 2851 418 2921 dicitur,
432 2849 514 2919 Fiet,
521 2842 594 2922 fiet.
623 2849 706 2906 Illius
720 2853 799 2906 enim
807 2854 874 2925 spei
888 2864 933 2908 est
946 2874 1016 2912 eon-

24 2935 113 2990 nuatio
127 2935 211 2990 verbi
223 2925 308 2988 huius
322 2935 449 2990 iteratio.
477 2933 542 2991 Hoc
557 2951 626 3010 ergo
641 2935 809 3010 intelligens
822 2935 918 2990 David
932 2938 973 2992 ait
985 2940 1016 2994 in

24 3017 116 3072 eundo
131 3017 302 3094 Regnorum
316 3016 407 3086 libro,
426 3016 505 3072 unde
518 3017 554 3074 ed
567 3018 656 3072 istum
668 3016 814 3072 Psalmum
828 3017 953 3095 digressi
966 3037 1015 3076 su-

24 3115 65 3156 as:
75 3100 125 3156 ‘Et
138 3101 252 3156 locutae
266 3117 297 3155 ee
303 3117 362 3175 pro
377 3101 457 3178 doceo
472 3103 552 3158 aerei
564 3101 611 3156 tui
623 3102 653 3156 in
666 3099 860 3174 longinquum.
882 3099 950 3158 Ideo
964 3120 1015 3157 au-

24 3201 46 3237 n
58 3192 124 3257 post
136 3185 288 3257 paululum
299 3183 350 3250 ait,
365 3178 448 3238 Nereo
460 3185 566 3259 iaosjoe,
580 3193 609 3238 et
622 3182 739 3238 benedic
753 3183 865 3244 domum
877 3187 960 3240 acroi
971 3194 1016 3240 tae

24 3285 76 3342 pac
88 3269 125 3322 ἐπ’
136 3277 300 3333 aeternum,
314 3273 343 3319 et
356 3273 486 3320 caeteras
503 3267 573 3340 quie
586 3273 657 3320 tunc
670 3265 822 3340 geniturus
837 3277 898 3321 erat
911 3266 1015 3338 lilium,

24 3366 93 3422 :quo
104 3350 261 3424 progenies
275 3349 337 3402 cius
351 3347 505 3404 duceretur
519 3347 555 3402 ad
569 3346 729 3413 Christum,
755 3363 807 3419 per
821 3364 906 3420 quem
920 3346 1016 3404 futura

24 3442 51 3487 at
64 3431 167 3488 domas
182 3433 246 3486 eius
260 3439 393 3499 aeterne,
419 3428 575 3504 eademque
588 3430 688 3486 domus
702 3427 768 3484 Dei.
811 3427 923 3484 Domus
938 3433 1015 3488 enim

24 3515 100 3585 rrid,
126 3523 246 3588 propter
266 3529 359 3588 genus
372 3512 500 3588 ·Das⁷id;¹
515 3512 615 3568 domus
635 3519 731 3567 autem
748 3510 923 3568 Deieadcm
942 3515 1014 3587 ipsa,

24 3608 106 3672 opter
121 3599 260 3669 templum
273 3586 340 3666 Dei,
354 3595 389 3658 de
403 3595 566 3651 horarinibus
582 3595 706 3660 factum,
733 3611 791 3646 uou
811 3592 846 3648 dc
860 3595 1018 3667 lapidibus,

24 3683 37 3736 i
55 3681 165 3736 habitet
184 3680 216 3734 in
235 3687 386 3734 aeternum
406 3681 527 3752 populus
546 3689 609 3732 curu
630 3675 693 3730 Deo
715 3683 744 3728 et
763 3675 793 3728 in
807 3674 871 3730 Deo
891 3695 959 3748 suo,
988 3693 1017 3736 et
1064 3741 1068 3752 Ι

24 3781 67 3818 eus
80 3782 147 3818 cunr
163 3762 269 3834 populo
283 3770 368 3833 atque
383 3762 414 3816 iu
427 3761 530 3835 populo
544 3773 611 3827 suo,
638 3759 680 3811 ite
693 3765 724 3810 ut
736 3755 818 3812 Deus
838 3759 877 3814 sit
894 3759 1016 3834 implens

24 3850 124 3921 puluru
151 3862 249 3912 suum,
278 3851 311 3898 et
330 3845 449 3917 populus
470 3844 572 3916 plenus
593 3840 656 3896 Deo
682 3855 749 3910 sue,
773 3858 838 3894 curu
859 3841 938 3912 Deus
956 3849 1018 3902 'ent
