2340 4312
149 239 209 296 rae
368 205 467 306 orvi
491 233 680 296 svaran
703 235 958 297 avavsrrm

146 391 264 446 nienter
276 399 425 462 movetur,
439 407 539 446 nonne
554 389 698 460 intendit,
727 399 758 446 et
770 388 915 463 adspicit,
941 400 969 446 et
981 391 1122 468 agnoscitpn

144 469 221 529 hanc
234 474 403 543 mulierem,
423 474 506 528 euius
521 474 608 528 etiam
622 492 746 542 nonren,
765 472 795 528 id
810 482 871 544 est,
884 474 982 545 Anna,
995 492 1054 548 quae
1064 473 1121 548 gratis
1140 492 1170 555 ι

147 559 208 612 eius
223 558 441 628 interpretatur,
454 557 546 628 ipsam
558 551 732 630 religionem
743 550 951 623 Christianam,
965 549 1120 628 ipsanCiritr·
1152 564 1157 573 ’

147 649 206 696 tem
220 637 296 708 Dei,
323 640 404 693 cuius
418 655 472 693 rex
486 647 531 693 est
552 633 732 692 ct'conditor
749 633 913 704 Christuss
926 637 1012 709 ipsam
1026 645 1119 708 posnam
1140 584 1170 721 ι

145 721 204 779 Dei
217 723 341 799 gratiam
355 717 522 794 prophetico
537 719 649 794 Spiritu
662 720 703 774 sic
717 718 856 786 locutam,
879 736 897 774 a
909 737 966 794 qua
979 719 1072 790 superbi
1080 715 1118 770 alit·
1139 732 1170 805 fl

146 803 265 873 uantur,
291 803 456 874 utendant,
483 821 539 878 qua
552 802 674 858 humiles
689 803 863 874 implentur,
890 810 923 857 ut
941 811 1060 878 surgant,
1078 793 1117 872 qul
1154 814 1169 829 ’ἢ

145 889 272 946 unanime
284 885 409 960 hymnus
428 888 483 940 iste
503 879 674 960 personuitl
701 883 768 942 Nisi
787 885 940 958 quisquam
958 883 1026 940 lorte
1040 883 1118 937 dicunt

56 993 66 1012 ν
133 953 207 1039 est,
230 957 780 1043 nihilistamprophetasse‘mulierem,
808 967 859 1022 sed
873 959 1118 1024 Deumtantunatlt
1153 976 1155 979 “

70 1077 73 1092 r
144 1060 262 1128 propter
276 1053 378 1121 lilium,
387 1069 477 1126 auem
490 1061 609 1125 precata
623 1051 800 1122 impetravit,
815 1053 977 1106 exsultanti
989 1047 1115 1124 praedicatio
1157 1052 1163 1065 ²

38 1191 44 1214 Ι
146 1155 184 1192 ne
198 1133 339 1189 laudasse.
379 1133 454 1200 Quin
473 1145 543 1210 ergo
562 1134 618 1188 sibi
636 1136 700 1188 vult
719 1133 866 1207 quodait:
893 1132 1001 1190 Arcum
1013 1131 1119 1208 potentin

148 1217 224 1274 facit
239 1215 396 1288 infirmum,
416 1227 446 1273 et
459 1215 573 1288 infirmi
582 1217 756 1292 praecincti
766 1226 836 1273 suut
848 1211 1118 1294 virtuter'plenipni

146 1300 199 1357 bus
213 1301 357 1356 minorati
367 1309 447 1366 sunt,
462 1309 492 1355 et
508 1301 672 1354 esurientes
687 1300 877 1374 transierunt
891 1295 1016 1355 terram:
1032 1300 1124 1376 quiette'

71 1409 72 1414 ¹
146 1384 214 1440 rilis
223 1383 345 1460 peperit
358 1389 477 1458 septem,
492 1391 521 1438 et
534 1381 627 1438 multa
641 1383 674 1444 in⁴
678 1381 758 1452 filiis
773 1380 931 1451 infirmata
944 1381 1005 1439 esti
1030 1381 1092 1437 Nun
1106 1378 1122 1423 Γ

147 1475 257 1540 septem
270 1467 333 1538 ipsa
346 1473 514 1538 pepererat,
542 1463 799 1539 quamvissterilis
820 1461 929 1519 fueriti
956 1464 1065 1521 Vnicum
1161 1474 1168 1479 ’

146 1549 213 1620 bat,
241 1545 358 1624 quaudo
376 1549 432 1602 ista
444 1546 571 1603 dicebat:
599 1546 650 1603 sed
661 1565 715 1602 nec
728 1555 829 1621 postea
843 1557 956 1622 septem
968 1549 1075 1623 peperit,
1090 1541 1104 1596 ti
1117 1576 1118 1579 ¹

100 1659 101 1664 ¹
147 1651 211 1703 sex,
226 1631 330 1706 quibus
345 1632 483 1704 septimus
497 1640 574 1685 esset
586 1631 649 1704 ipse
663 1629 795 1699 Samuel,
810 1629 861 1684 scd
876 1640 936 1687 tres
949 1650 1046 1700 mares,
1058 1625 1127 1684 ctlti¹
1148 1652 1149 1655 ¹

145 1713 278 1772 feminas.
302 1712 417 1769 Deinde
431 1715 462 1768 in
475 1714 525 1770 illo
539 1715 644 1787 populo
659 1732 723 1769 cum
737 1712 830 1769 adhuc
844 1732 930 1769 nemo
945 1723 1107 1792 regnaret,
1163 1721 1168 1737 ³

146 1800 178 1855 in
193 1801 323 1853 exnemo
338 1797 451 1870 posuit,
479 1795 544 1853 Dat
557 1798 698 1853 uirtutem
710 1797 829 1872 regibus
843 1799 977 1866 nostris,
994 1807 1021 1854 et
1032 1785 1126 1853 eutitii
1155 1810 1158 1813 ·

75 1893 80 1914 ¹
147 1901 239 1940 cornu
254 1879 370 1936 Christi
383 1881 445 1952 sui;
458 1880 534 1936 untle
549 1879 673 1949 dicebat,
690 1880 715 1934 si
728 1897 788 1935 non
801 1877 1011 1952 prophetabati
1123 1874 1125 1877 ’

210 1963 298 2020 Dicat
317 1981 388 2040 ergo
402 1962 536 2018 Ecclesia
549 1960 673 2032 Christi,
701 1961 811 2018 Civitas
833 1961 925 2040 Regis
945 1965 1051 2042 magni,
1074 1982 1125 2032 '.·.

145 2049 243 2124 plena,
257 2047 338 2120 prole
351 2045 510 2116 foecunda3
524 2045 602 2100 dicat
615 2045 692 2119 quod
706 2054 788 2100 tanto
802 2055 872 2101 ante
884 2047 920 2101 de
935 2065 966 2102 se
979 2044 1092 2122 propbeta
1104 2064 1111 2085 ¹·

144 2148 198 2206 per
211 2148 245 2185 os
259 2128 346 2183 huius
360 2129 425 2202 piae
439 2131 540 2184 matris
554 2129 701 2205 agnoscit:
731 2126 945 2200 Confirmuturu
964 2139 1008 2186 est
1026 2130 1126 2185 ecrml

147 2210 331 2278 iuDomino,
359 2219 388 2266 et
408 2211 572 2268 exaltatum
591 2221 637 2268 est
655 2229 745 2267 cornu
764 2231 856 2267 meum
879 2215 909 2268 in
924 2211 1059 2270 Deorum.
1085 2203 1118 2260 Vs
1165 2234 1170 2241 ·

147 2295 351 2353 confirmatum
365 2310 427 2364 eor,
442 2303 471 2348 et
484 2313 574 2350 cornu
588 2312 658 2350 vere
672 2295 848 2366 exaltatum3
870 2299 939 2369 quia
952 2315 1010 2352 non
1022 2297 1047 2350 in
1059 2311 1091 2357 se,
1106 2316 1115 2329 ι
1141 2244 1170 2385 e

90 2435 97 2452 ,,
146 2374 397 2452 ἰιι,1)οιιιὶῐιονῐ)εο
413 2395 476 2433 suo.
512 2373 684 2434 Dilatatum
709 2387 755 2433 est
777 2395 869 2454 super
893 2381 1097 2436 inimicatura
1124 2392 1170 2475 ἡ

144 2478 253 2520 meum:
267 2460 336 2534 quia
350 2469 379 2515 ct
392 2461 422 2515 in
436 2461 581 2537 angustiis
593 2477 792 2535 pressurarum
807 2479 903 2516 sermo
916 2461 975 2518 Dei
986 2481 1040 2519 aon
1051 2466 1121 2514 astar
1145 2484 1150 2491 ·
1169 2478 1170 2483 ¹

146 2553 245 2621 gatus,
271 2560 325 2599 nee
339 2544 370 2599 in
383 2544 574 2617 praeconibus
586 2544 732 2620 alligatis.
761 2541 895 2601 Laetatu
908 2564 985 2615 sum,
1011 2544 1096 2617 inquit,
1115 2568 1116 2571 ¹
1147 2564 1155 2569 ⁷

145 2626 350 2683 salutarituo.
388 2625 521 2682 Christus
538 2625 762 2701 cstipselesut,
789 2645 875 2701 quem
894 2627 1029 2697 Simeon,
1053 2617 1116 2679 sicrt'
1142 2646 1163 2665 ι·

145 2705 308 2786 Evangelio
322 2710 448 2784 legitur,
474 2727 567 2772 senex
582 2711 758 2783 amplectens
771 2729 911 2786 parvum,
937 2725 1081 2786 agnoscens
1123 2712 1124 2715 ’

145 2811 248 2869 gnatia,
274 2789 512 2863 Nuncdimittis,
539 2793 649 2867 inquit,
675 2791 809 2861 Domine,
826 2784 1111 2866 servumtuuminp¹¹

145 2876 280 2954 queniam
294 2873 432 2932 ciderunt
444 2875 522 2932 oculi
533 2877 592 2932 mei
603 2875 740 2932 salutare
752 2885 842 2931 tuum.
864 2876 954 2934 Dicat
966 2880 1054 2952 itaque
1155 2898 1164 2907 ·

144 2963 204 3031 sia,
232 2958 364 3020 laetata
382 2976 445 3014 sum
464 2962 494 3015 iu
512 2959 647 3015 salutari
664 2969 724 3014 tuo.
757 2956 903 3026 Quoniam
917 2979 974 3016 non
988 2970 1093 3016 estanar
1110 2946 1125 2983 ·”
1144 2960 1170 3049 Ι’

74 3101 75 3104 ,
144 3046 222 3100 sicut
235 3041 395 3116 Dominus;
412 3052 441 3099 et
454 3062 510 3098 non
524 3051 569 3124 est
582 3043 690 3112 iustus,
704 3039 782 3097 sicui
798 3040 880 3101 Deus
895 3055 1013 3100 noster:
1036 3051 1111 3110 tanqu
1156 3060 1168 3073 r

144 3137 262 3184 sanctus
277 3133 306 3180 et
320 3125 521 3196 sanctificans,
543 3127 642 3186 ,iustus
663 3134 693 3179 et
710 3123 882 3180 iustificam.
908 3123 973 3182 Non
992 3135 1034 3183 est
1048 3133 1117 3178 sanc'

141 3205 329 3288 praeteria?
355 3207 755 3280 quianemolitnisiabstc.
793 3207 930 3283 Denique
949 3211 1076 3284 sequitur:
1093 3160 1170 3301 tr}

144 3293 196 3350 lite
209 3291 340 3368 gloriari
352 3291 491 3370 superbe,
518 3289 744 3366 etnoliteloqui
759 3290 890 3361 excelsa,
916 3291 1170 3385 nequeetcallff·

143 3376 323 3450 gniioquium
343 3373 378 3428 de
393 3393 444 3430 ore
462 3384 571 3434 aestro.
608 3369 752 3442 Quoniam
766 3372 849 3433 Deus
867 3377 1053 3432 scientiarum
1063 3367 1124 3452 liulf
1166 3396 1170 3405 Δ

144 3475 207 3514 uus.
234 3457 364 3530 lpsevos
379 3457 445 3524 scit,
460 3455 549 3512 etubi
564 3474 649 3511 nemo
664 3455 734 3512 scit:
760 3458 898 3531 quoniam
916 3406 1170 3545 quiputatutq

144 3541 216 3614 quid
228 3557 308 3608 esse,
332 3557 395 3594 curu
409 3537 485 3595 nihii
498 3540 549 3609 ait,
573 3556 604 3596 se
618 3541 715 3614 ipsum
729 3541 854 3596 seducit.
882 3539 964 3596 Haec
978 3520 1124 3618 dicuntur}

118 3641 119 3646 ¹
143 3625 280 3678 versariis
291 3621 426 3679 Civitatis
438 3622 496 3678 Dei
510 3620 546 3677 ad
558 3620 749 3696 Babyloniam
763 3623 988 3695 pertinentibus,
1002 3623 1032 3677 tle
1043 3621 1123 3673 anati·
1146 3572 1170 3707 Ι

143 3711 204 3756 tute
219 3705 490 3776 praesumentibus,
515 3705 546 3759 in
562 3722 609 3774 se,
633 3721 694 3760 non
708 3705 738 3759 in
753 3703 882 3762 Domino
902 3703 1087 3784 gloriantibuti
1103 3697 1123 3780 {¹
1148 3738 1170 3793 Ι

144 3785 247 3854 quibus
262 3794 331 3842 sunt
344 3789 432 3843 etiam
446 3788 579 3843 carnales
593 3786 761 3862 Israelitae,
789 3799 923 3845 terrenae
936 3785 1091 3844 Hierusalem
1100 3787 1122 3862 ²¹.

145 3883 193 3918 rcs
210 3870 389 3944 terrigenae,
416 3873 480 3945 qui,
508 3880 540 3926 ut
554 3869 625 3927 dicit
637 3865 806 3944 Apostolus,
821 3869 998 3949 Ignorantes
1011 3867 1060 3927 aar·
1069 3861 1114 3917 Μ’
