2362 4312
208 178 281 236 DE,
297 177 513 260 crvlulTE
535 174 615 240 DEl
646 183 726 240 ΗΒ.
750 185 808 242 111.
959 193 1034 249 ΙΙ73

11 353 48 392 on
74 331 275 402 abhostibus,
302 349 363 386 non
381 331 416 388 ab
435 332 547 388 alienis.
588 332 624 390 Si
637 339 878 410 autperpctravit
903 350 953 398 aut
979 344 1034 400 im·
1115 339 1118 350 ”

8 420 104 474 erevit
131 415 198 471 hee
229 412 394 482 Romulus;
419 416 513 492 magis
538 418 602 489 ipse
627 419 685 474 suit
711 417 921 493 Romanorum,
948 437 1032 498 quam

8 504 69 558 aris
97 498 443 582 Troianorumffcaput:
470 517 523 554 eur
536 500 631 576 igitur
657 500 795 558 Troianis
821 504 895 561 irarn
912 505 1032 565 deorum

8 585 169 640 revocavit
196 582 252 637 ille
273 581 388 636 alienae
407 581 543 658 coniugis
556 592 668 656 raptor,
695 594 724 640 et
738 585 897 642 eorundem
912 588 1033 646 deorum

8 670 118 724 atelani
131 664 288 722 Romanis
300 665 441 719 invitavit
452 664 509 720 iste
522 667 570 720 tui
582 667 683 723 fratris
696 666 864 726 extinctor?
888 670 922 727 si
935 681 1033 730 autem

8 751 62 808 lud
75 751 180 806 scelus
196 765 215 802 a
229 748 314 803 facto
329 749 510 821 imperioque
522 731 642 805 Romuli
660 751 790 808 alienum
808 746 869 824 est,
894 757 1033 828 quoniam

8 836 93 890 ebuit
105 834 216 907 ntique
229 830 393 901 vindicari,
420 839 482 886 teta
504 829 560 888 hoc
578 834 628 888 illa
653 836 757 891 civitas
771 835 854 905 iecit,
878 838 957 911 quod
970 848 1033 894 tota

8 918 171 985 2ontemait3
197 923 307 970 etnon
320 915 379 972 iam
390 913 527 986 fratrem,
553 915 604 971 sed
617 926 746 989 patrem,
772 919 851 992 quod
876 922 960 992 peius
975 931 1031 992 est,

7 999 120 1056 recidit.
159 997 299 1072 Vterque
313 999 392 1052 enim
405 997 462 1052 fuit
476 998 626 1071 conditor,
652 1002 703 1057 ubi
728 1003 803 1056 alter
829 1003 939 1060 scelere
952 1006 1031 1062 abla-

7 1099 49 1142 nu
63 1101 121 1139 non
132 1083 305 1157 permissus
332 1089 378 1135 est
399 1099 469 1137 esse
493 1092 643 1160 regnator.
685 1083 753 1140 Non
767 1093 822 1155 est,
848 1088 1031 1157 utarbitror,

7 1165 75 1243 puod
90 1166 210 1222 dicatur
224 1162 300 1239 quid
313 1165 384 1219 mali
397 1162 488 1220 Troia
500 1169 652 1238 meruerit,
674 1176 708 1224 ut
721 1185 785 1224 carn
797 1167 840 1224 dii
851 1169 1031 1242 desererent,

7 1269 53 1326 pao
64 1258 169 1324 posset
182 1248 343 1324 extingui3
371 1256 401 1302 ct
414 1247 483 1322 quid
507 1248 579 1306 boni
603 1249 713 1322 Roma,
739 1260 773 1307 ut
786 1269 851 1308 earn
863 1251 905 1308 dii
916 1253 1031 1311 inhabi-
1089 1305 1091 1316 Α

7 1343 103 1404 arent,
130 1349 194 1408 quo
207 1339 317 1405 posset
328 1332 446 1408 augeri:
475 1333 535 1390 nisi
548 1333 625 1408 quod
649 1335 724 1392 victi
736 1334 805 1390 inde
817 1335 976 1414 fugerunt,
1002 1347 1033 1393 et

7 1417 75 1472 read
96 1419 184 1474 istos
194 1431 274 1490 quos
299 1415 412 1488 pariter
430 1413 613 1489 deciperent,
639 1420 838 1476 contulerunt.
869 1418 937 1476 {mo
960 1439 1030 1478 vero

6 1511 28 1556 rt
39 1503 98 1556 illic
110 1507 308 1568 manserunt,
334 1495 372 1552 ad
398 1515 448 1554 eos
460 1516 542 1555 mere
570 1519 624 1557 suc
638 1499 839 1574 decipiendos,
864 1505 915 1576 qui
927 1521 1031 1560 rursus

6 1583 112 1640 candem
124 1593 229 1639 terras
240 1579 436 1652 habitarent,
453 1590 483 1638 et
506 1581 554 1639 hic
580 1584 697 1640 easdem
722 1592 802 1639 artes
815 1585 948 1642 fallaciae
962 1605 1032 1644 suae

6 1670 91 1748 magis
104 1668 199 1724 etiam
214 1662 401 1736 exercendo,
425 1667 585 1723 maioribus
602 1666 764 1724 honeribus
779 1669 898 1744 gloriati
912 1661 990 1726 sunt.

400 1815 422 1874 C
441 1819 467 1875 A
488 1817 521 1874 P.
548 1817 614 1875 ,Ἠ
626 1818 654 1875 1.’

115 1914 164 1968 De
176 1913 317 1968 eversione
332 1913 391 1977 Ilii,
411 1916 481 1983 qaod
492 1916 547 1968 dax
561 1913 650 1968 Marii
662 1914 788 1968 Fimbria
803 1914 912 1967 excidit,

63 2005 151 2063 Certe
166 2006 252 2062 enirn
264 2005 400 2060 civilibus
414 2005 472 2061 ianr
484 2005 567 2076 bellis
581 1993 779 2078 scatentibus,
806 2004 876 2080 quid
893 2005 1032 2062 miserum

7 2092 192 2146 commiserat
204 2087 310 2159 llium,
336 2097 399 2143 uta
416 2087 562 2161 Fimbria,
586 2088 786 2146 Marianarum
799 2091 926 2163 partium
938 2087 1031 2144 homi-

6 2194 39 2229 ne
63 2174 206 2248 pessimo,
236 2179 438 2243 everteretur,
468 2174 560 2229 multe
590 2173 719 2230 ferocius
753 2184 841 2249 atque
873 2172 1031 2246 crudelius,

5 2276 89 2331 quam
101 2258 174 2312 olim
187 2274 206 2311 a
220 2251 364 2312 Graecis?
390 2254 465 2312 Nam
490 2266 562 2313 tune
575 2258 701 2316 etmulti
720 2257 789 2314 inde
814 2257 974 2334 fugerunt,
1003 2268 1033 2312 et

5 2342 89 2395 multi
112 2340 259 2413 captivati
285 2340 388 2394 saltem
413 2341 445 2396 in
471 2341 613 2396 servitute
628 2341 778 2398 vixerunt.
802 2338 910 2397 xPorro
934 2349 1032 2396 autem

9 2422 134 2478 Fimbria
144 2425 231 2498 prius
260 2420 388 2477 edictum
412 2424 582 2497 proposuit,
609 2441 648 2479 ne
670 2425 919 2498 cuiparceretur3
944 2433 1031 2497 atque
1080 2485 1088 2506 Ι

13 2499 109 2561 urbem
120 2517 218 2566 totam
229 2514 410 2580 cunctosque
422 2507 455 2562 in
470 2524 503 2562 ea
524 2504 658 2563 homines
670 2507 809 2564 inccndio
825 2509 1030 2564 concremavit.

10 2588 72 2645 Hoc
84 2592 191 2646 meruit
204 2589 311 2659 Ilium,
339 2607 400 2644 non
419 2607 436 2645 a
450 2589 571 2646 Graecis
585 2608 658 2665 quos
672 2607 726 2646 sua
736 2592 908 2647 irritaverat
920 2591 1030 2666 iniqui-

8 2683 79 2744 tate,
105 2673 158 2729 scd
172 2691 189 2729 a
204 2671 348 2729 Romanis
363 2689 437 2746 quos
456 2691 510 2730 sua
537 2675 699 2730 calamitate
723 2683 948 2751 propagaverat:
975 2675 1031 2730 diis

9 2759 61 2812 illis
85 2757 294 2820 communibus
318 2754 355 2811 ad
379 2753 451 2812 haee
477 2757 643 2832 repellenda
658 2755 732 2814 nihil
756 2758 941 2830 iuvantibus,
967 2776 1031 2828 seu,

9 2841 79 2913 qnod
89 2857 196 2898 verum
210 2849 268 2916 est,
284 2837 359 2896 nihil
370 2840 545 2897 valentibus.
578 2839 727 2915 Numquid
739 2850 770 2896 et
779 2850 850 2900 tune
863 2841 1032 2898 abscessere
1062 2895 1067 2910 Ι

13 2941 101 2980 omnes
114 2924 216 3000 adytis
231 2924 353 2998 arisque
367 2924 479 2979 relictis
506 2924 558 2994 dii,
586 2924 691 2999 quibua
714 2923 788 2980 illud
813 2923 949 2998 oppidum
970 2933 1031 2980 ste-

14 3017 94 3080 terat,
118 3017 191 3084 post
210 3008 354 3080 antiquos
375 3005 556 3063 Graecorum
569 3009 655 3085 ignes
673 3009 833 3082 ruinasque
846 3004 1030 3082 reparatum?

13 3087 41 3144 Si
52 3102 142 3149 autern
156 3093 382 3158 abscesserant,
410 3108 527 3146 causam
539 3092 673 3166 require:
699 3100 729 3146 ct
741 3091 952 3164 oppidanorum
965 3091 1031 3165 qui·
1091 3101 1101 3111 ‘

13 3172 65 3231 den
75 3185 184 3252 quanto
200 3175 327 3232 invenio
339 3173 505 3247 meliorem,
531 3183 613 3230 tanto
628 3172 802 3230 deteriorem
810 3175 943 3232 deorum.
971 3171 1032 3236 lui
1102 3207 1104 3210 -

15 3259 74 3316 enin
86 3271 194 3319 eontra
206 3257 376 3316 Fimbriam
388 3266 487 3327 portas
514 3259 691 3329 clauserant,
716 3265 751 3314 ut
764 3256 863 3334 Syllae
877 3262 1031 3313 servarent

14 3341 134 3422 integram
149 3327 332 3403 eivitatc'm:
358 3335 426 3394 hinc
436 3357 488 3400 eor
502 3341 596 3400 iratus
609 3340 758 3412 incendit,
776 3344 825 3398 vel
837 3341 933 3415 potius
947 3333 1031 3411 peni-

12 3433 47 3480 tus
57 3432 210 3489 exstinxit,
261 3419 371 3480 Adhuc
385 3430 481 3478 autem
493 3425 647 3479 meliorum
666 3425 794 3499 partium
806 3423 938 3479 civilium
950 3419 1032 3495 Sylla

11 3505 124 3590 illeuit,
151 3511 264 3580 adhue
293 3503 387 3558 armis
412 3507 619 3578 rempublicam
643 3525 817 3582 recuperare
843 3504 1031 3560 moliebatur:

10 3587 86 3656 lenm
110 3603 281 3660 honorum
308 3586 462 3644 initiorum
491 3589 621 3645 nondum
648 3593 739 3647 malos
766 3594 889 3644 eventus
921 3581 1031 3643 habuit.
1091 3604 1093 3610 ’

11 3673 100 3744 illidet
123 3705 142 3743 ο
177 3676 307 3739 melius
339 3667 417 3724 eires
442 3672 522 3728 illius
545 3674 626 3729 urbis
645 3673 743 3729 lacere
755 3665 937 3745 potuerunti
963 3671 1033 3744 quid

10 3751 149 3830 florentius?
188 3753 279 3839 quid
308 3748 443 3808 fidelium
476 3755 545 3829 quid
571 3754 703 3812 Romana
727 3752 877 3830 parentela
901 3750 1032 3830 dignius,

9 3854 58 3910 lus„
71 3849 206 3917 menori
231 3849 361 3898 causae
378 3830 575 3895 Romanorum
595 3839 742 3895 civitatem
756 3851 890 3904 servare,
917 3845 946 3892 et
961 3856 1031 3894 eon-
