2266 4312
108 211 170 272 aco
336 167 945 266 n1v1rvnnrr1rvcvsr1u1'
1035 249 1037 254 .

11 347 15 356 ⁸
103 360 167 432 *Qut
181 358 260 416 cuim
272 356 363 430 dixit,
387 355 498 433 Siquis
511 377 568 416 non
584 367 708 414 renatas
718 357 828 428 fuerit
841 377 879 416 ee
891 378 969 436 uque
980 370 1010 417 et
1022 357 1113 437 spirtu

59 481 61 492 ι
108 453 230 512 sancto,
257 461 315 499 non
328 441 455 498 intrabit
470 443 635 518 teregnum
649 441 811 497 coelorum:
837 444 896 498 elia
910 445 1112 500 senteutiaistur

108 528 181 585 fecit
194 535 344 599 exceptos,
357 523 407 580 uhi
419 542 479 580 non
492 527 587 582 minus
601 526 780 602 generaliter
794 525 881 596 dixit,
897 524 959 594 Qui
968 547 1012 583 nee
1025 527 1112 596 confes-

109 605 161 668 sas
167 610 272 681 fuerit
285 627 384 664 corum
396 605 568 678 homiuibus,
582 607 741 679 confitebor
756 619 785 666 et
798 628 852 685 ego
867 629 931 666 eum
944 607 1112 673 coreeuPatm

44 751 45 756 ,
108 713 170 751 meo
189 695 240 769 qui
257 693 288 750 in
306 689 395 746 coelis
414 699 469 748 est.
495 689 535 746 Et
556 693 613 748 ulie
635 694 713 748 lcco:
742 689 803 760 Qus·
817 694 993 769 perdiderit
1015 695 1111 748 terme
1132 726 1133 739 ι

110 796 193 835 suam
207 783 412 852 propietate,
438 775 567 832 inveniet
584 794 656 834 eam.
682 773 761 832 Hinc
781 785 826 834 ost
841 775 920 850 qued
933 777 1109 850 scriptumest:

109 858 248 918 Pretiosa
262 860 292 913 in
305 867 461 933 conspectu
474 855 595 916 Domini
607 875 686 914 mors
701 869 872 926 tunctorum
885 861 958 918 etus.
975 857 1049 926 Quid
1060 857 1108 912 enin
1130 898 1133 901 .

109 943 264 1017 pretiosius
283 959 370 1024 quam
386 959 481 1012 mors,
503 960 555 1015 per¹
572 959 658 1016 quam
670 940 704 996 fit
716 951 750 996 ut
763 950 794 996 et
806 941 916 998 delicta
934 945 1030 998 omnia
1042 940 1107 996 dimit·
1126 908 1133 1035 Ι

110 1035 223 1095 tantur,
238 1033 267 1080 et
278 1025 383 1080 merita
396 1026 569 1082 cumulatius
582 1020 763 1101 augeanturi
780 1023 882 1099 Neque
896 1026 976 1082 enim
988 1027 1056 1082 tanti
1065 1028 1106 1078 suut

5 1165 9 1172 f
111 1109 219 1179 meriti,
233 1109 360 1182 quicum
370 1117 494 1166 mortem
505 1105 621 1174 differre
631 1127 691 1164 non
703 1117 834 1182 possent,
848 1107 989 1183 baptizati
1000 1117 1067 1176 suut,
1077 1103 1104 1158 tlt

111 1193 237 1266 lotisque
251 1190 384 1260 omnihus
399 1193 526 1264 peccetis
544 1209 581 1246 ex
593 1189 648 1246 hac
661 1192 724 1249 vita
737 1193 941 1268 emigrarunt,
960 1193 1104 1267 quamtum

45 1281 48 1287 ’
111 1274 144 1332 hi
155 1277 207 1350 qui
219 1284 351 1352 mortem,
366 1293 432 1330 cum
442 1283 575 1348 possent,
588 1273 653 1330 ideo
667 1292 727 1332 non
741 1273 934 1346 distulerunt,
953 1277 1020 1350 quia
1030 1274 1102 1330 mde-

111 1367 182 1416 runt
195 1357 342 1416 Christum
355 1356 520 1416 confitendo
537 1357 624 1414 finire
636 1358 743 1429 vitam,
760 1376 853 1432 ,quam
871 1377 938 1414 cum
956 1357 1071 1436 negando
1082 1347 1101 1406 tl

113 1444 176 1499 cius
190 1442 363 1516 baptismum
376 1442 539 1515 pervenire.
563 1439 647 1507 Quod
659 1442 759 1516 utique
772 1443 800 1496 si
811 1441 968 1512 fecissent,
989 1435 1100 1500 otiante

113 1529 155 1582 eis
170 1528 202 1582 in
216 1528 266 1582 illo
281 1527 396 1582 lavacro
408 1524 618 1594 dimitteretur,
639 1524 716 1598 quod
728 1527 833 1582 timere
846 1526 951 1580 mortis
965 1525 1103 1602 negaverant

112 1609 276 1681 Christum3
294 1611 397 1683 inquo
411 1609 528 1664 lavacro
543 1617 572 1662 et
584 1609 642 1662 illis
656 1607 769 1664 facinus
783 1617 843 1664 tam
856 1610 982 1665 immane
995 1608 1099 1662 dimissu

112 1703 168 1768 est,
181 1695 231 1768 qui
243 1691 411 1750 occiderant
425 1689 581 1750 Christum.
604 1689 663 1747 Sed
676 1690 791 1764 quando
805 1693 870 1748 sine
883 1691 1097 1763 abundantiugnr

112 1780 171 1836 tiae
184 1776 312 1851 Spiritus
327 1777 420 1845 illius,
438 1777 489 1849 qui
502 1775 549 1830 ubi
563 1776 626 1832 vult
638 1768 743 1847 opipari,
756 1783 873 1832 tantum
887 1774 1030 1832 Christum
1039 1781 1105 1827 umen

113 1869 249 1935 possent,
275 1868 310 1915 ut
323 1877 388 1914 cum
401 1859 433 1914 in
446 1867 528 1916 tanto
541 1860 620 1918 vitae
633 1858 802 1914 discrimine
815 1861 898 1934 tenta
911 1859 964 1916 suh
978 1876 1024 1932 spe
1034 1850 1112 1912 ιιιιιιζ

114 1959 223 2021 negare
237 1960 296 1998 non
309 1936 447 2014 possenti
479 1939 557 1997 Mors
577 1943 669 2018 igitur
685 1942 814 2014 pretiose
829 1951 1011 2010 sanctorum,
1035 1935 1097 2012 quil*
1130 1986 1133 2027 Ι

115 2046 180 2083 cum
197 2033 279 2080 tanta
298 2025 393 2100 gratie
410 2031 456 2077 cst
466 2025 626 2100 praemissa
645 2035 673 2078 ct
685 2033 859 2100 praerogata
873 2043 951 2080 mors
965 2021 1066 2089 Christi,
1085 2038 1100 2061 ι
1129 2064 1133 2113 Ι

115 2109 152 2166 ad
166 2127 232 2164 eum
246 2104 453 2180 acquirendum
466 2124 548 2161 suam
561 2126 621 2163 non
635 2105 844 2164 cunctarentur
857 2107 1029 2182 impendere,
1040 2106 1062 2159 iu
1075 2124 1086 2139 ἰ
1100 2148 1101 2151 ¹

115 2210 183 2246 usus
198 2191 346 2244 redactum
360 2205 424 2242 esse
437 2191 627 2261 monstravit,
655 2188 732 2266 quod
746 2187 782 2243 ad
794 2207 920 2263 poenam
932 2188 1098 2265 peccantistl·
1131 2206 1133 2219 ²

115 2284 162 2328 tea
176 2273 272 2328 suerat
284 2272 490 2343 constitutum,
517 2281 549 2328 ut
562 2268 629 2328 inde
643 2273 772 2327 iustitiae
785 2272 899 2328 fructus
914 2273 1025 2328 uberior
1036 2279 1096 2325 nasu·

114 2365 205 2414 retur.
238 2353 317 2411 Mors
331 2373 401 2432 ergo
417 2373 475 2410 non
489 2354 553 2413 ideo
567 2355 674 2414 honum
686 2355 780 2410 videri
793 2354 889 2427 dohet,
911 2359 977 2431 quia
989 2358 1018 2410 in
1029 2357 1100 2408 mnu!
1120 2394 1133 2453 Ι

115 2441 274 2516 utilitatem
286 2457 345 2493 non
358 2439 389 2494 vi
403 2456 465 2510 sua,
488 2437 539 2493 scd
553 2437 651 2494 divina
665 2439 858 2513 opitulatione
873 2458 1012 2496 converso
1024 2444 1065 2502 est;
1084 2448 1100 2475 ι’
1122 2468 1133 2531 4⁴

79 2595 80 2598 Ἴ
115 2541 189 2598 quac
203 2531 272 2577 tunc
286 2520 442 2576 metuenda
455 2523 603 2596 proposita
617 2531 676 2591 est,
691 2539 728 2575 nc
740 2531 893 2596 peccatum
908 2522 1096 2578 committerent
1129 2552 1133 2559 ·

115 2625 195 2662 nunc
217 2604 400 2680 suscipienda
421 2615 615 2679 proponatur,
641 2615 674 2660 ut
690 2614 840 2678 peccatum
857 2624 918 2662 non
938 2605 1096 2661 committatur
1130 2636 1133 2637 ν

94 2699 95 2704 ’
115 2689 355 2764 commissumque
369 2689 515 2760 deleatur,
541 2705 721 2768 magnaeque
739 2679 882 2747 vidtoriac
902 2689 997 2746 dehita
1013 2679 1097 2742 iustitia

38 2803 42 2812 =
113 2775 207 2850 palmo
220 2771 366 2830 reddetur.
903 2793 904 2796 ¹

487 2853 555 2914 CA
579 2853 611 2910 P.
653 2853 781 2912 vill:
831 2911 834 2918 ,

104 2965 109 2976 ’
148 2953 224 3018 Quod
233 2951 261 3004 in
271 2951 371 3038 ponetis
378 2951 484 3022 primae
494 2950 588 3032 sumtis
595 2968 645 3071 pap
655 2951 927 3072 cleritatesutceptio,
937 2940 1079 3006 exemerit
1128 2964 1133 2969 ¹

423 3059 429 3072 ..
505 3031 623 3073 esorttse
642 3030 746 3072 suuteo.
864 3031 866 3036 ·

176 3109 210 3167 Si
224 3111 301 3166 enim
317 3109 486 3187 diligentius
502 3110 735 3181 consideremus,
761 3112 850 3188 ctiam
869 3129 937 3168 cum
954 3111 1058 3186 quisque
1068 3109 1096 3172 ΡΝ

22 3183 24 3190 1
113 3195 238 3254 ueritate
257 3192 381 3248 fideliter
402 3203 430 3248 et
447 3192 631 3250 laudabiliter
647 3195 785 3265 moritur,
805 3213 886 3250 mors
906 3204 1028 3251 cavetur.
1058 3180 1095 3240 lli·

114 3281 218 3355 quippe
232 3277 340 3351 aliquid
354 3278 416 3331 cius
431 3278 600 3350 suscipitur,
615 3297 651 3334 ne
662 3285 723 3332 tota
735 3279 900 3356 contingat,
915 3289 945 3334 et
960 3264 1095 3350 secunduli·

37 3411 41 3420 .
85 3389 89 3406 ν
104 3381 209 3436 super,
223 3379 298 3435 quae
312 3378 458 3434 nunquam
470 3358 599 3432 liniatur,
613 3359 741 3416 accedat.
758 3359 927 3436 Suscipitur
941 3363 1016 3417 enim
1026 3354 1096 3412 unilt²⁰

114 3463 132 3500 a
145 3463 266 3518 corpore
279 3443 440 3516 separatio,
465 3462 501 3498 ne
515 3443 578 3498 Dco
594 3444 629 3499 eh
643 3445 739 3499 anima
762 3455 896 3519 separato
917 3446 1003 3501 etiam
1017 3443 1095 3516 ipstil‘

113 3537 231 3601 peretur
245 3537 411 3601 scorpiuro,
436 3543 470 3584 ac
483 3528 525 3582 sic
538 3529 628 3583 totius
641 3525 767 3584 hominis
785 3530 879 3602 prime
891 3538 984 3585 morte
1000 3516 1096 3602 courplti⁸

92 3671 93 3674 Ἴ
115 3609 244 3666 secundo
257 3612 383 3684 excipiat
395 3611 579 3684 sempiterna.
615 3613 758 3679 Quocirca
775 3630 853 3668 nrors
871 3612 999 3688 quidem,
1014 3616 1042 3662 ut
1053 3598 1094 3686 llll

31 3712 37 3718 ⁸
115 3709 180 3748 cum
193 3709 256 3748 cam
269 3695 426 3748 morientes
439 3694 599 3767 patiuntur,
613 3713 733 3771 cumque
746 3697 778 3751 in
789 3697 833 3752 cis
841 3707 875 3752 ut
883 3697 1038 3756 ,moriantur
1047 3683 1095 3739 fucit

116 3777 227 3830 nemini
249 3776 324 3831 hona
349 3786 409 3846 est,
434 3776 485 3832 scd
505 3777 687 3834 laudabiliter
711 3781 851 3836 toleratur
873 3798 927 3852 pro
948 3770 1055 3834 tenente

117 3854 303 3930 adipiscendo
316 3858 401 3917 bono.
444 3859 519 3918 Cum
532 3879 601 3918 vero
614 3862 646 3918 in
659 3880 694 3918 ea
706 3871 790 3934 suut,
813 3864 864 3940 qui
875 3865 934 3918 ism
945 3853 1039 3918 mortui
1049 3855 1094 3904 ΙΙΙ*
