2362 4312
223 208 276 301 un
298 197 517 300 otvrrarn
541 241 619 300 nm
644 233 734 297 nra:
754 239 795 299 rr.
982 253 1019 306 ιι
1068 253 1075 276 ι

55 398 125 476 lqiom
143 395 310 454 aversandam
334 403 366 449 ct
379 393 580 450 detestandam
593 347 696 449 talium
714 393 871 451 anulinum
884 398 1020 471 placatio-

51 497 109 551 aen,
127 479 300 536 basiabalas'
292 498 324 534 m
338 478 409 533 deos
423 478 608 533 illecebrosas
632 485 720 551 atque
740 467 931 550 erumnosas,
952 479 1021 538 haec

48 565 192 640 igioniniosa
206 562 324 617 deorum
337 561 417 616 facte
429 563 476 617 vel
489 561 632 615 scelerate
645 563 834 638 turpiterque
859 561 1023 635 comtissa,

45 650 77 702 rel
85 648 223 702 sceleratius
240 646 416 718 turpiusque
441 643 584 714 conficta,
611 639 705 700 oc'ulis
719 654 749 701 ct
761 647 883 703 auribus
897 647 1022 720 publicis

20 760 23 781 ι
44 731 176 786 sintartota
188 728 333 784 discebat.
352 725 425 782 haee
439 728 594 782 commissa
606 727 776 785 numinibus
790 731 905 803 plaeere
920 747 1023 832 eernq·

19 809 82 869 ebat:
103 823 126 869 et
136 812 192 868 ideo
204 831 264 868 nou
277 813 373 866 solum
386 811 445 865 illis
460 803 645 883 exhibenda,
671 803 723 867 scd
743 813 801 870 sibi
826 832 942 889 quoquc
958 815 1024 869 imi·

19 896 104 952 tanda
124 895 254 953 credebat:
280 913 342 950 non
356 892 429 949 illud
443 895 544 950 nescio
559 893 629 968 quid
653 897 738 952 velut
757 893 877 954 bonum
886 907 917 954 et
930 895 1023 952 hone-

19 987 107 1060 Jtun,
128 978 191 1054 quod
202 989 263 1034 tarn
276 979 379 1052 paucis
394 986 424 1033 ct
439 986 500 1033 tarn
517 980 633 1034 occulte
645 976 798 1046 dicebatur
812 977 850 1056 (si
863 989 961 1038 tamen
980 980 1025 1036 di·
1085 975 1087 980 ’

36 1060 147 1140 sebatur),
170 1064 311 1141 armagis
324 1081 364 1118 ne
388 1061 606 1134 innotesceret,
633 1077 721 1138 quam
733 1081 771 1119 ne
785 1081 845 1122 non
857 1065 958 1137 fieret,
984 1065 1025 1121 ti·

29 1145 150 1203 meatur*
514 1213 516 1218 y
626 1217 627 1220 Ἴ

59 1231 65 1236 “
324 1227 347 1285 C
368 1219 447 1286 ιι
488 1223 522 1284 X
534 1219 693 1286 XVIII

222 1299 268 1364 De
280 1307 454 1361 Christianae
468 1308 616 1382 religionis
621 1308 793 1366 salubritate.

60 1401 118 1458 Aa·
109 1409 235 1458 astarum
261 1389 561 1456 immundissimarum
573 1387 754 1487 potestatum
766 1403 920 1459 tartarco'
911 1399 982 1482 rugo
998 1405 1028 1458 et

18 1489 130 1542 serietate
142 1486 276 1562 poenali
281 1485 347 1548 erui
360 1495 412 1555 per
426 1480 537 1538 Christi
562 1497 671 1539 nomen
686 1481 869 1572 homines,
873 1495 903 1542 et
915 1487 947 1542 in
960 1488 1027 1542 lucc

18 1571 201 1625 saluberrimae
214 1569 335 1641 pictatis
350 1567 384 1622 ab
398 1564 449 1621 illa
462 1557 737 1666 perniciosissimae
758 1569 916 1644 impietatis
940 1577 1028 1626 nocte

18 1654 162 1724 ranslcrri,
190 1660 377 1726 queruntur,
404 1659 434 1704 et
445 1651 652 1707 murmurant
643 1665 739 1724 rnrqur
753 1661 783 1707 et
794 1653 921 1730 ingrati
936 1662 965 1707 et
977 1653 1028 1707 rllo

18 1737 102 1793 clario
115 1738 231 1810 spiritu
246 1735 335 1790 altius
350 1727 580 1810 obstrictiusque
594 1736 744 1808 oppressi,
759 1736 827 1810 quia
840 1735 942 1808 populi
956 1752 1028 1790 con·

18 1831 84 1876 nunt
96 1820 134 1877 ad
149 1821 298 1876 ecclesias
313 1827 394 1873 easta
419 1818 604 1890 celebritate,
630 1816 757 1890 honesta
771 1819 927 1908 utriusque
940 1833 1030 1872 sexus

18 1907 188 1960 smetione.
217 1901 272 1958 ubi
292 1901 415 1957 audiant
437 1918 525 1975 quam
538 1901 612 1958 beno
625 1899 673 1957 hic
687 1895 724 1958 ad
736 1891 851 1975 tempsit
864 1902 965 1958 vivere
980 1899 1031 1954 de-

18 1999 90 2059 unt,
115 1997 151 2044 ut
166 1982 326 2061 posthanc
339 1985 430 2041 vitam
442 1984 526 2040 beate
521 1997 711 2060 semperque
723 1992 825 2046 vivere
846 1993 1032 2042 mereantur:

17 2074 38 2127 ai
51 2081 158 2128 sancta
173 2068 332 2142 Scriptura
346 2068 536 2142 iustitiaeque
549 2067 684 2124 doctrina
697 2069 733 2125 de
752 2069 905 2143 superiore
918 2067 1007 2124 loco'
999 2085 1031 2124 ιιι
1103 2125 1116 2148 7

17 2164 155 2228 suspectu
185 2155 323 2208 omnium
343 2160 541 2225 personante,
568 2161 598 2206 et
624 2153 677 2228 qui
702 2153 833 2226 iaciunt,
859 2149 1032 2208 audiantad

17 2241 171 2310 meusium,
186 2247 218 2292 ct
233 2237 284 2310 qui
299 2254 359 2292 non
372 2235 501 2306 faciunt,
515 2233 638 2291 audiant
651 2233 687 2316 ad
700 2237 850 2294 iudicium.
875 2236 961 2304 Quod
975 2235 1033 2292 etsi

17 2325 118 2378 eniunt
130 2320 255 2396 quidam
269 2320 372 2374 talium
384 2327 609 2393 praeceptorum
623 2321 778 2392 irrisores,
807 2323 903 2376 omnis
929 2337 1033 2376 eorum

19 2407 157 2462 emenda
171 2413 227 2460 aut
250 2403 406 2476 repentina
428 2403 633 2458 hnmutatione
659 2403 832 2477 deponitur,
860 2411 913 2460 aut
925 2405 1032 2459 timore

17 2490 47 2543 el
68 2487 179 2561 pudore
207 2488 420 2559 comprimitur.
462 2484 544 2542 Nihil
557 2487 636 2542 enim
649 2488 691 2542 eis
705 2496 791 2562 turpe
805 2507 839 2544 ac
851 2487 1033 2566 flagitiosum

17 2571 186 2645 sectandum
204 2569 439 2644 imitandumque
451 2572 629 2643 proponitur
637 2595 650 2642 ,·
672 2571 723 2627 ubi
735 2574 803 2628 reri
813 2571 871 2628 Dei
884 2579 936 2626 aut
948 2587 1033 2642 prae·
1055 2567 1058 2576 ⁴
1084 2573 1089 2584 “

17 2667 77 2729 epta
90 2659 306 2724 insinuantur,
332 2662 384 2708 aut
395 2655 537 2710 miracula
550 2663 725 2727 narrantur,
752 2665 804 2713 aut
818 2655 895 2712 dona
908 2653 1031 2710 laudan-

17 2759 56 2812 rr,
84 2749 139 2796 ant
160 2737 307 2795 beneficia
320 2737 517 2809 postulantur.

360 2868 481 2926 ona.
523 2857 682 2928 xxrx.

126 2981 170 3024 De
179 2943 335 3022 obiiciendo
344 2968 418 3017 culto
429 2963 536 3019 deorum
546 2967 698 3022 cohortatio
708 2958 746 3021 ud
753 2967 895 3024 Romanos.
913 2981 917 2987 '
1011 2989 1015 2994 ·

53 3075 138 3134 Haec
153 3077 257 3149 potius
272 3065 465 3146 concupisce,
491 3091 508 3130 o
530 3074 644 3132 indoles
664 3075 797 3133 Romano
821 3078 1032 3149 laudabilis,o

17 3163 155 3239 rogenies
182 3153 384 3236 Regulos-uin,
411 3155 636 3230 Scaevolarum,
666 3157 853 3236 Scipionum,
879 3161 1031 3218 Fabricio-

17 3264 76 3302 ιιι.
105 3243 185 3300 haec
199 3244 301 3315 potius
316 3243 507 3313 concupisce,
521 3241 593 3298 haec
607 3237 641 3299 ab
655 3245 705 3299 illa
718 3246 889 3318 turpissima
903 3246 1033 3300 vanitate

17 3315 421 3384 tlallacissimadaemonum
433 3327 617 3403 malignitate
643 3326 785 3384 discerne.
829 3327 863 3386 Sa
876 3326 967 3402 qurd
959 3347 990 3383 m
1004 3338 1034 3382 te

17 3412 142 3470 rudabile
156 3407 338 3466 naturaliter
352 3407 474 3481 emin'et,
494 3411 615 3466 nonnisi
626 3429 697 3467 rora
709 3413 818 3485 pietate
832 3419 975 3492 purgatur
988 3420 1033 3466 at-

17 3515 48 3552 re
62 3495 239 3568 perficitur3
267 3491 417 3564 impietate
431 3501 529 3548 autem
546 3490 725 3567 disperditur
739 3503 769 3550 et
781 3495 912 3568 punitur
946 3492 1034 3551 Nunc

17 3599 52 3636 ιιι
74 3581 155 3657 elige
180 3573 256 3651 quid
277 3575 425 3652 sequaris,
451 3586 559 3632 utnon
579 3578 667 3650 inte,
696 3576 792 3633 sedin
806 3575 1035 3650 Deorerosiae
1093 3603 1097 3614 ¹

17 3664 54 3718 llo
78 3679 187 3717 errore
213 3655 357 3713 lauderis
398 3649 484 3715 Tunc
499 3661 576 3714 enim
588 3661 642 3715 tibi
656 3661 751 3737 gloria
765 3659 915 3733 popularis
929 3641 1035 3732 adluit,
1124 3703 1128 3716 .

17 3745 50 3800 cd
67 3747 191 3802 occulto
206 3739 324 3796 iudicio
339 3725 453 3796 divinae
465 3742 668 3816 providentiae
679 3761 750 3822 vera
763 3743 868 3820 religio
882 3760 969 3817 quam
982 3745 1035 3799 eli·

17 3845 79 3890 reres
94 3823 204 3884 defuit.
251 3819 484 3898 Expergisccro,
512 3823 574 3879 dics
590 3833 652 3895 est3
679 3814 757 3881 sicut
770 3836 942 3898 experrecta
957 3846 987 3880 es
1003 3828 1035 3882 iu

17 3909 190 3981 puibusdam,
205 3905 246 3962 de
261 3920 386 3978 quorum
397 3909 510 3966 virtute
521 3907 666 3980 perlecta,
681 3918 710 3963 et
725 3928 777 3983 pro
791 3908 849 3966 fide
864 3927 934 3964 vera
948 3911 1036 3965 ctiam
1072 3989 1073 3994 ἵ
1124 3991 1128 3998 Ὗ

686 3991 747 4052 Ea
