2340 4312
178 173 262 281 ‘ue
283 136 503 292 ciamare
525 222 608 294 uer
629 221 716 280 raa.»
732 219 804 281 xv.
951 218 956 240 ·
985 199 1045 288 so

25 369 87 430 tobis
105 375 247 434 rideretur
271 375 370 430 faeere
393 350 532 449 potuisse.
572 373 632 432 Sed
652 377 732 430 illurn
751 377 882 451 gigantis
902 379 1026 435 alicuius

25 450 90 512 bisse
100 458 275 516 crediderim.
306 455 381 513 Nam
394 458 603 532 praeterquod
618 466 702 516 crant
716 460 846 514 omniurn
860 463 951 516 nrulto
965 479 1026 516 rna-
1121 519 1125 525 ,

25 544 79 611 tec,
95 561 173 617 quarn
187 549 291 596 nostra
304 549 376 594 tunc
390 557 527 614 corpora,
552 544 688 618 gigantes
702 543 790 618 longe
804 545 927 597 caeteris
942 552 1025 597 ante-

25 631 85 678 'aut
122 625 205 680 Sicut
223 624 289 678 aliis
311 621 415 678 deinde
434 626 601 697 nostrisque
619 625 797 696 temporibus
816 643 884 680 rora
898 625 1025 699 quidem,

25 700 51 757 ld
69 725 205 781 uunquam
220 706 313 759 fornic
327 703 499 776 defuerunt,
514 723 587 779 quae
605 705 721 760 modurn
734 708 857 762 aliorum
870 710 1026 782 plurimum

24 790 173 858 [aederent.
200 835 203 844 .
219 786 332 842 Plinius
347 786 499 843 Secundus
513 789 696 844 doctissimus
711 787 813 861 borno,
838 800 947 864 quanto
961 809 1023 846 mo-

24 882 40 920 Ι
56 876 198 949 magisque
210 872 353 944 praeterit
365 871 474 925 saeculi
488 885 646 941 excursus,
673 873 788 927 minora
802 885 925 947 corpora
938 881 1034 929 natu--

24 965 57 1010 nr
72 933 144 1010 ferrb
162 961 299 1010 testatur.
342 953 427 1018 Quod
441 955 529 1008 etiarn
543 951 703 1008 Homerrun
717 951 930 1012 commemorat
939 974 1025 1029 saepe
1094 965 1097 982 ⁴

26 1037 221 1093 rmineiuisse
235 1045 443 1110 conquestum,
470 1055 530 1091 non
552 1034 623 1090 haee
643 1038 726 1092 velut
748 1040 863 1111 poetica
885 1038 1025 1116 figmento

26 1121 138 1190 ridens,
164 1119 217 1174 sed
231 1113 446 1173 in'bistoric'em
463 1117 549 1174 fidem
564 1127 702 1193 tanquam
715 1121 923 1177 miraculorum
938 1133 1025 1178 natu-

24 1199 90 1258 lium
108 1204 236 1275 scriptor
256 1217 415 1276 assumens.
459 1199 583 1271 Verum,
608 1201 734 1273 utdixi,
761 1205 949 1278 antiquorum
962 1223 1025 1261 ma-

27 1285 156 1342 itudines
171 1301 326 1357 corporum
338 1285 460 1338 inventa
472 1285 643 1356 plerumque
657 1301 739 1355 ossa,
758 1288 896 1359 quoniam
910 1287 1024 1342 diutur-

37 1379 121 1436 sunt‚
151 1369 244 1422 etiam
258 1367 349 1420 multo
368 1366 578 1438 posterioribus
598 1368 727 1420 sacculis
742 1369 880 1440 produnt.
923 1371 1025 1426 Anno-

23 1451 160 1508 mentem
173 1449 371 1504 numerositas
386 1449 525 1521 cuiusque
538 1447 680 1519 bominis,
705 1452 753 1522 qui
767 1453 943 1523 temporibus
966 1454 1025 1507 illis

23 1545 56 1606 t,
83 1535 176 1588 nullis
201 1549 279 1586 nuno
301 1530 409 1586 talibus
424 1529 608 1585 documentis
628 1533 730 1586 venire
749 1533 780 1586 in
795 1537 1026 1604 experimentum

23 1625 88 1672 test.
134 1614 198 1690 Nee
218 1624 317 1669 tamen
335 1613 402 1668 ideo
419 1613 491 1667 fides
512 1631 613 1668 sacrae
626 1609 694 1668 huic
707 1612 847 1669 historiae
860 1615 1026 1692 deroganda

23 1721 40 1771 ¹,
56 1700 144 1755 cuius
159 1706 242 1752 tanto
255 1694 456 1767 impudentius
469 1702 589 1764 narr'ata
603 1703 663 1750 non
679 1696 836 1766 credimus,
851 1707 959 1771 quanto
971 1700 1026 1752 im-
1087 1723 1089 1726 ·

23 1787 56 1838 iri
84 1782 199 1837 certius
225 1779 435 1853 praenuntiata
462 1780 668 1851 conspicimus.
712 1777 794 1834 Dicit
818 1787 916 1835 tamen
940 1783 1027 1836 etiam

23 1887 58 1922 rm
72 1865 209 1932 Plinius,
226 1859 303 1916 =esse
316 1858 409 1916 adhue
423 1870 555 1938 gentem,
582 1861 632 1915 ubi
647 1860 786 1916 ducentos
796 1881 894 1930 *annos
908 1865 1026 1940 vivitur.

37 1967 113 2026 ergo
140 1943 335 2000 humanarum
354 1944 480 1998 vitarum
499 1943 723 2014 diuturnitates,
752 1962 824 2019 quas
839 1947 952 2019 experti
967 1965 1027 2003 non

23 2049 101 2102 nus,
128 2027 218 2084 hodie
232 2024 339 2083 habere
353 2023 515 2083 ereduntur
532 2028 685 2102 incognita
698 2027 780 2082 nobis
794 2030 874 2099 loeo,
901 2047 953 2084 eur
966 2047 1028 2085 non

22 2118 121 2171 ‘ruisse
146 2101 306 2166 credantur
318 2105 361 2165 et.
382 2105 529 2183 to‘nrporai
568 2110 614 2164 An
632 2125 703 2165 vero
723 2119 769 2164 est
786 2107 923 2167 credibile
938 2113 1028 2168 alicui

22 2218 44 2253 .e
59 2195 142 2271 quod
155 2193 204 2249 hie
217 2212 277 2250 non
292 2201 351 2262 est,
379 2201 409 2247 et
426 2191 599 2248 incredibile
618 2202 662 2247 est
675 2194 831 2270 aliquando
843 2194 1028 2296 fuisse-guod

22 2299 64 2338 ec
76 2298 141 2336 non
162 2271 225 2332 esti
286 2325 301 2334 ,
345 2273 353 2318 Γ

407 2339 658 2416 cunm*

22 2453 203 2529 ‘'defferentia
212 2469 281 2525 quae
291 2454 364 2506 inter
373 2453 512 2505 Hebraeae
528 2463 555 2506 et
570 2461 675 2518 costroe
689 2455 791 2508 codices
805 2455 931 2510 sidentur
946 2473 1028 2510 anao-

335 2539 398 2583 ,rum
412 2523 516 2574 carneri
532 2523 676 2574 dissonare.
1104 2537 1106 2542 ·

47 2615 199 2685 Quocirca
213 2615 269 2669 etsi
282 2616 359 2669 inter
373 2611 523 2667 Hebraeos
537 2620 567 2676 et
580 2621 697 2667 nostros
713 2612 827 2668 codices
842 2613 878 2672 de
892 2616 957 2686 ipro
971 2633 1027 2671 nu-

22 2719 64 2758 sro
78 2697 402 2778 annorum-nonnulla
418 2694 535 2750 ridetur
559 2711 623 2774 esse
647 2695 803 2765 distantia,
833 2696 910 2770 quod
923 2699 1028 2772 ignoro

22 2803 43 2840 a
55 2784 175 2844 ratione
188 2781 227 2834 sit
240 2780 364 2834 laetum:
391 2795 450 2833 non
466 2786 562 2832 tamen
576 2786 659 2832 tanta
673 2787 732 2849 est,
759 2788 792 2833 ut
811 2779 875 2834 illos
895 2776 1027 2836 hominos

22 2883 45 2922 n
58 2869 222 2941 longaevos
236 2863 326 2917 fuisse
338 2861 523 2915 dissentiant.
549 2859 624 2914 Nam
639 2863 701 2934 ipse
710 2859 795 2916 homo
804 2863 914 2934 primus
924 2860 1028 2931 Adam,

22 2959 55 3004 te
74 2965 163 3021 quern
181 2948 322 3022 gigneret
340 2943 432 2999 lilium
452 2944 502 3016 qui
525 2945 684 3016 appellatus
708 2954 752 2999 est
769 2943 858 3016 Seth,
880 2945 1027 2998 'ducentos

25 3034 114 3108 ginta
137 3047 231 3085 annos
253 3029 365 3092 vixisse
387 3027 534 3099 reperitur
554 3028 585 3078 in
605 3027 751 3084 codicibus
770 3030 894 3097 nostris,
920 3029 953 3081 in
965 3025 1028 3080 He-

22 3116 84 3170 seis
110 3122 211 3168 autem
236 3120 355 3184 eentum
380 3111 505 3185 triginta
529 3107 707 3181 perhibetur.
752 3110 812 3168 Sed
829 3119 1029 3184 posteaquam

22 3213 55 3252 ,m
70 3199 191 3273 genuit,
208 3195 410 3269 septingentos
423 3193 535 3246 vixisse
549 3191 657 3268 legitur
671 3194 702 3248 in
718 3196 845 3264 nostris,
871 3194 1028 3267 octingen-

22 3293 121 3338 eveto
140 3281 173 3334 in
187 3280 258 3334 illis.
301 3277 395 3349 Atque
412 3277 455 3329 ita
473 3276 505 3328 in
523 3275 675 3348 utriusque
694 3277 895 3332 univcrsitatis
916 3291 1029 3328 summa

25 3362 157 3420 neordet.
201 3361 244 3416 Ac
271 3358 376 3414 deinde
403 3374 456 3430 per
487 3367 699 3430 consequentes
725 3349 931 3435 generationes
960 3365 1028 3410 ante

22 3463 75 3502 lam
99 3447 242 3523 gignatur
260 3445 310 3516 qui
329 3442 415 3518 gigni
433 3449 692 3511 commemoretur,
717 3443 813 3496 minus
828 3441 939 3496 vixisse
953 3436 1029 3511 apud

22 3530 141 3584 ebraeos
155 3537 239 3602 puter
253 3527 319 3580 eius·
329 3523 481 3579 invenitur
495 3531 611 3577 eentum
625 3541 732 3579 annos:
759 3523 810 3578 sed
828 3531 929 3595 postca
943 3531 1029 3594 quarn
1119 3523 1120 3526 ’

22 3614 171 3690 egeritur
191 3610 269 3664 idern
287 3610 365 3681 ipse,
393 3615 510 3664 centurn
528 3606 623 3658 minus
643 3623 729 3678 quarn
742 3608 771 3661 in
787 3603 931 3659 Hebraeis
944 3605 1029 3658 inv'e-

22 3707 113 3752 untur
133 3697 165 3749 in
189 3693 308 3748 nostris.
352 3689 446 3762 Atque
460 3689 500 3742 ita
513 3685 581 3741 bine
596 3697 625 3741 et
643 3686 710 3748 inde
724 3689 839 3744 numeri
852 3687 1029 3741 universitas
1115 3735 1120 3742 .

22 3787 143 3834 ¹resonat.
186 3775 221 3831 ln
235 3782 430 3829 sexta-eutem
443 3771 636 3847 generatione
649 3789 792 3844 nusquam
812 3769 928 3842 utrique
949 3769 1029 3825 aodi-

22 3877 42 3914 s
55 3849 230 3937 discrepant.
275 3855 309 3913 ln
322 3856 445 3930 septimo
457 3871 527 3911 vero
535 3885 550 3926 ‚v
563 3853 614 3908 ubi
627 3854 677 3908 illc
691 3856 744 3929 qui
756 3862 845 3911 natus
859 3860 907 3908 est
915 3850 1042 3924 Knoob,

36 3941 78 4001 rr.
496 3957 498 3961 ,
713 3937 744 4030 u
