2362 4314
189 183 707 250 ιιιιοιιιιιιιιιιιιιι
730 171 845 308 airu
928 216 931 221 ·
975 153 1069 260 ἰοιῖ

30 343 84 400 iri
96 339 151 399 hoc
165 343 310 399 saeculum
324 337 475 399 venimus?
498 342 575 411 Quid
589 305 634 400 est
648 345 736 416 enim,
761 347 840 420 quod
859 365 923 406 cum
936 349 1035 409 labore

30 428 195 498 ninimus,
209 428 273 482 sinc
287 427 386 498 labora
400 427 612 500 obliviscimar3
633 447 700 484 cum
713 431 813 486 labore
827 429 1033 520 discimus,'s17

30 511 150 567 abore
163 511 324 582 nescimus3
339 528 406 565 cum
419 511 516 566 labore
531 512 653 592 strenui,
668 513 732 568 sine
745 513 865 569 labore'
857 504 968 572 inertes
982 535 1031 572 su·
1038 569 1039 572 ,

30 609 42 646 ι
60 590 83 649 2
103 591 211 651 Nonne
229 591 298 649 hine
319 602 437 668 apparet
454 594 486 650 in
509 594 577 669 quid
590 587 671 652 velut
688 595 816 670 pondere
829 615 881 652 suo
894 601 1035 672 proclivis

32 693 134 734 tona
147 679 188 734 sit
199 677 307 734 vitiosa
319 685 437 746 natura,
452 686 481 733 et
492 686 601 774 quanta
613 681 678 752 opo,
694 688 726 735 ιιι
737 677 807 736 hinc
819 679 994 754 liberetur,
985 702 1032 740 ιιι-
1045 737 1047 740 .
1132 691 1138 698 ’

30 757 134 822 =atl
140 760 272 832 Desidia,
286 761 440 838 segnities,
453 761 584 838 pigritia,
598 763 791 860 negligentia,
805 765 878 822 vitia
890 775 961 822 sunt
972 767 1031 836 uti-

58 843 172 922 quibus
184 845 266 921 labor
279 843 406 922 fugitur,
430 861 520 921 quum
536 845 640 902 labos
632 863 694 922 ipse
713 847 800 904 etiam
818 848 867 923 qui
883 856 927 906 est
940 853 1031 923 utilis,

30 917 249 1088 t:godibraeter
265 1013 391 1088 pueriles
407 1031 533 1112 poenas,
556 1015 620 1070 sine
639 1013 743 1089 quibus
760 983 833 1073 disci
856 1034 916 1074 non
935 1027 1032 1093 potest
1085 987 1093 999 α

30 1093 213 1154 (lmaiores
225 1099 341 1170 volunt,
367 1099 418 1173 qui
435 1099 488 1155 vix
506 1096 616 1174 aliquid
633 1100 747 1156 utiliter
765 1103 886 1172 volunt,
912 1111 984 1177 quot
1001 1113 1031 1158 et
1121 1109 1128 1138 2

30 1181 116 1238 ntis
128 1181 231 1256 poenis
245 1199 339 1259 genus
352 1183 481 1260 agitetur
494 1179 662 1254 humanum,
676 1201 763 1258 quae
756 1201 825 1242 non
838 1183 875 1240 ad
889 1187 1030 1246 malitiam

30 1265 241 1340 uitiamque!
218 1266 419 1340 iniquorum,
443 1265 496 1322 sed
516 1265 553 1322 ad
570 1265 768 1324 conditionem
780 1269 931 1344 pertinent
943 1271 1031 1326 mise·
1102 1259 1105 1264 ¹

30 1360 128 1423 nque
142 1366 335 1420 communem,
358 1351 423 1424 quis
436 1350 495 1406 ullo
510 1368 643 1407 sermone
649 1349 774 1428 digerit,
795 1352 860 1426 quis
873 1345 935 1418 ulla
949 1355 1030 1430 eogi-

30 1443 108 1487 une
122 1429 358 1514 comprehendit?
381 1433 515 1500 Quantus
529 1443 575 1491 est
587 1441 691 1506 metus,
711 1442 819 1510 quanta
832 1437 981 1492 calamitas
995 1437 1030 1493 ab

30 1505 170 1572 isacium
184 1525 272 1591 atque
289 1516 380 1588 luctu,
394 1535 412 1574 a
425 1514 538 1574 damnis
552 1526 581 1574 ct
593 1516 838 1589 damnationibus,
852 1536 870 1574 a
883 1517 1031 1592 deceptio-

30 1611 81 1654 ιιι
95 1607 124 1654 et
137 1599 295 1656 mendaciis
308 1598 468 1673 homiuum,
481 1619 499 1657 a
512 1601 727 1676 suspicionibus
740 1601 833 1668 falsis,
847 1603 882 1659 ab
896 1602 1030 1662 omnibus

30 1682 132 1738 matis
152 1674 329 1740 facinoribus
344 1693 375 1740 et
387 1684 546 1746 sceleribus
565 1681 689 1742 alienisl
725 1683 847 1752 Quando
863 1685 981 1760 quidem
993 1686 1029 1744 ab

30 1775 82 1821 ει
92 1765 291 1841 depraedatio,
307 1776 337 1823 ct
350 1770 515 1842 captivitas,
530 1777 559 1825 et
571 1770 704 1840 vinceda,
727 1777 758 1825 et
770 1783 914 1840 carceres,
933 1778 964 1826 et
977 1787 1028 1824 ex-

30 1852 305 1923 1,etcruciatus,
330 1854 530 1950 etamputatio
550 1853 760 1932 membrorum,
779 1861 809 1908 et
820 1852 947 1926 privatio
961 1870 1029 1909 sen·

30 1890 95 2005 lsi,
110 1943 147 1989 let
159 1936 308 2009 oppressio
322 1937 452 2012 corporis
465 1936 510 1992 ad
514 1936 688 1994 obscoenam
700 1934 851 1992 libidinem
863 1937 1029 2010 opprimen-

30 2016 235 2092 explendam,
259 2028 288 2074 et
300 2020 357 2074 alia
371 2021 462 2076 multe
472 2018 617 2076 horrenda
630 2037 716 2093 saepe
729 2019 929 2096 contingunt.
952 2018 1030 2086 Quid
1100 2059 1104 2066 -

30 2095 208 2157 innumeris
221 2103 335 2158 casibus
349 2119 400 2177 qus
391 2101 576 2159 forinsecus
593 2103 709 2177 corpori
721 2101 925 2172 formidantur,
938 2103 1027 2159 aesti-

30 2193 92 2239 et
104 2184 275 2262 frigoribus,
288 2187 521 2259 tempestatibus,
535 2186 690 2258 imbribus,
713 2187 920 2258 alluvionibus,
940 2205 1027 2252 coru·
1074 2241 1075 2244 ,

30 2267 135 2340 tione,
149 2269 272 2339 tonitru,
286 2267 441 2345 grandine,
453 2268 587 2342 fulmine,
600 2267 726 2326 motibus
735 2269 922 2346 hiatibusque
933 2280 1027 2326 terra·

30 2363 76 2422 m,
101 2352 338 2427 oppressionibus
360 2353 530 2424 ruinarum,
556 2353 591 2409 ab
617 2351 779 2416 offensione
803 2363 833 2411 et
853 2359 962 2429 pavore
979 2347 1049 2412 velx

30 2447 80 2490 tm
92 2437 203 2492 malitia
215 2437 423 2507 iumentorum,
437 2445 508 2492 atot
516 2437 638 2494 venenis
648 2434 796 2509 fruticum,
809 2455 958 2513 aquarum,
972 2455 1025 2493 au·

30 2529 101 2590 um,
115 2521 283 2590 bestiarum,
297 2518 455 2576 aferarum
462 2521 510 2577 vel
518 2518 720 2576 tantummodo
732 2522 864 2577 molestis
878 2522 926 2578 vel
937 2522 1026 2590 etiam
1054 2551 1055 2556 κ

30 2603 153 2659 rtifcris
167 2603 327 2675 morsibus,
342 2621 361 2658 a
373 2603 454 2672 rabie
467 2621 541 2678 quae
554 2603 703 2680 contingit
716 2620 754 2658 ex
767 2602 868 2659 rabido
880 2621 968 2676 cane,
992 2613 1026 2662 ut

30 2698 79 2742 tm
98 2686 205 2744 blanda
225 2690 254 2742 et
273 2689 366 2743 amica
387 2705 440 2744 suo
462 2687 580 2743 domino
600 2685 694 2742 bestia
712 2704 923 2762 nonnunquam
935 2684 1023 2743 vehe-
1092 2713 1093 2720 ι

30 2771 119 2826 nnus
133 2780 163 2826 et
175 2772 300 2826 amarius
313 2788 399 2846 quam
410 2773 511 2848 leones
525 2768 722 2846 draconesque
735 2779 899 2842 nsetuatur,
920 2768 1022 2834 faciat-

30 2851 221 2924 =homiuem,
244 2871 330 2930 quem
348 2854 426 2911 forte
441 2855 669 2924 attaminaverit,
693 2853 870 2932 contagione
881 2853 1024 2929 pestifera

36 2937 202 3008 rabiosum,
215 2947 248 2995 ut
260 2957 277 2994 a
289 2937 468 3013 parentibus,
483 2939 620 3016 coniuge,
634 2937 716 3009 filiis,
737 2940 823 3013 'peius
836 2939 916 2994 omni
928 2937 1021 2993 bestia
1116 2977 1127 2994 .,

30 3018 182 3078 mideturl
206 3022 285 3087 Quae
297 3024 373 3078 mala
384 3023 537 3098 patiuntur
550 3019 744 3099 navigantesl
758 3039 832 3097 quac
845 3029 962 3076 terrena
974 3021 1022 3074 iti-

30 3102 262 3184 agradientesl
296 3107 368 3173 Quis
381 3105 508 3163 ambulat
524 3105 689 3180 ubicunque
707 3124 767 3163 nou
780 3105 937 3179 inopinatis
952 3099 1020 3157 suli·
1094 3111 1104 3164 f*
1136 3117 1138 3120 ·

30 3201 89 3245 eus
102 3185 232 3246 occisast
264 3188 310 3245 De
324 3189 388 3246 foro
402 3189 527 3265 quidam
531 3189 646 3246 rediens
660 3189 790 3259 domum,
810 3189 888 3254 sanis
901 3185 1020 3258 pedibus

30 3285 52 3327 s
66 3273 181 3344 cecidit,
194 3272 297 3345 podem
310 3272 415 3351 fregit,
437 3281 467 3328 et
479 3289 516 3327 ex
528 3274 579 3328 illo
592 3274 712 3330 vulnere
725 3271 821 3328 linivit
833 3271 907 3326 harre
920 3270 1020 3325 vitam.

30 3351 67 3412 iu
79 3357 194 3414 videtur
207 3356 327 3412 sedente
340 3353 494 3413 securius?
526 3355 572 3412 De
586 3357 677 3412 sella
668 3374 700 3410 ιιι
715 3373 771 3428 qua
784 3353 902 3408 sedebat
915 3352 1021 3408 cecidit

30 3433 60 3495 Ιί
74 3437 222 3511 sacerdos,
237 3450 268 3498 et
280 3449 410 3496 mortuus
423 3449 477 3496 est.
512 3440 678 3518 Agricolae,
698 3439 755 3492 imo
769 3453 839 3492 vero
853 3454 953 3492 earnes
967 3434 1019 3492 bo-

30 3535 83 3580 ues
96 3532 169 3601 quot
181 3532 211 3579 et
224 3531 348 3600 quantos
358 3541 376 3579 a
387 3525 468 3580 coelo
480 3533 510 3579 et
522 3533 612 3590 terra,
626 3523 673 3576 vel
687 3520 875 3594 aperniciosis
886 3519 1019 3574 animali
1101 3559 1103 3564 -

30 3621 148 3665 scasas
167 3615 301 3664 metuunt
318 3625 459 3684 agrorum
476 3600 638 3662 fructibusl
670 3601 775 3659 Solent
794 3611 890 3658 tamen
909 3602 944 3657 dc
957 3602 1018 3658 fru-

30 3693 96 3749 ntis
110 3677 227 3747 tandein
239 3691 369 3747 collectis
384 3698 413 3746 et
424 3688 585 3747 reconditis
606 3704 670 3742 esse
689 3685 794 3742 securi
830 3684 889 3741 Sed
903 3686 1019 3760 quibus-

30 3789 66 3846 ιι,
87 3772 164 3849 quod
177 3775 327 3844 novimus,
351 3782 522 3849 proventum
536 3771 676 3846 optimum
689 3769 901 3826 frumentorum
913 3767 1031 3826 fluvius

30 3860 167 3934 provisus
179 3856 357 3936 fugientibus
371 3855 537 3914 honrinibus
552 3855 586 3912 de
599 3852 711 3940 horreis
727 3853 812 3910 eiecit
822 3857 912 3929 atquc
925 3853 1021 3908 abstu-
