2362 4320
83 149 93 180 b

114 227 177 282 aaa
255 219 258 228 ’
341 169 934 294 οινιᾸνιιΕιΙιΆνανεΤιΝι

117 375 215 431 raeius
230 373 357 425 essemus
370 339 546 440 uberiusque
558 365 734 422 fructuosae.
768 363 802 422 Si
816 384 946 424 essemus
959 365 1079 441 lapides,
1089 376 1128 423 'aut

117 447 238 525 fluetus,
248 460 426 521 conventos,
439 459 491 505 aut
501 447 626 519 flamma,
637 449 686 506 rel
696 448 765 523 quid
777 449 929 521 eiusmodi,
941 451 1006 506 sine
1015 453 1071 508 ullo
1081 453 1129 525 qui·

94 591 96 594 ,
119 541 184 594 dom
203 545 291 593 sensu
310 543 395 608 atque
413 535 490 602 vita,
518 542 690 588 nontamen
708 532 792 588 nobis
801 532 922 588 deesset
936 535 1022 608 quasi
1034 535 1132 608 quiden
1165 566 1166 569 ¹

119 629 290 679 nostrorum
304 620 436 672 locorum
449 625 537 689 atque
549 614 661 672 ordinis
675 617 828 689 appetitus.
851 615 926 672 Nam
940 617 1023 673 velut
1035 636 1131 673 amores

119 723 273 779 corporum
298 701 446 756 momenta
470 708 540 754 sunt
561 698 741 772 ponderum,
761 701 823 756 sive
841 699 978 754 deorsum
995 702 1132 777 gravitate,

26 781 35 844 s
118 791 180 852 sive
193 803 309 842 sursum
321 779 441 848 levitate
454 783 596 846 nitantur.
639 780 683 836 lta
695 783 774 838 enim
788 799 894 856 corpus
907 782 1052 856 pondere,
1075 786 1133 839 sieut

118 873 232 928 animus
245 885 344 924 amore
355 865 467 936 fertur,
494 883 665 940 quocunque
678 864 780 922 fertur.
825 866 973 938 Quoniam
991 867 1081 944 igitur
1094 866 1133 922 bo·-

118 956 211 1010 mines
226 969 345 1019 sumus,
371 947 408 1004 ad
426 949 521 1022 nostri
535 946 682 1020 Creatoris
701 949 859 1026 irnaginesn
873 951 982 1020 creati,
1011 952 1091 1007 euius
1103 959 1133 1006 est

119 1054 190 1108 vera
203 1035 373 1104 aeternitas,
388 1037 509 1088 aeterna
522 1027 648 1104 veritam!
656 1040 777 1088 aeterna
789 1027 903 1113 etsepa
916 1035 1038 1105 caritas,
1053 1043 1133 1109 estque

120 1113 183 1192 ipsa
197 1115 282 1194 [ipse]
297 1115 417 1178 aeterna
424 1126 460 1178 et
470 1133 541 1172 vero
554 1119 584 1170 ct
596 1132 664 1170 cara
676 1113 824 1186 Trinitas,
835 1134 933 1190 neque
941 1117 1086 1188 confusa,
1097 1136 1142 1172 new
1175 1144 1181 1153 k

28 1237 29 1244 κ
121 1213 177 1278 q'ue
196 1207 345 1274 separota3
371 1201 403 1254 in
421 1200 457 1253 iis
477 1198 593 1273 quidem
612 1198 697 1254 rebus
711 1199 878 1272 quaeinlrs
895 1217 950 1274 nos
966 1209 1056 1272 sunt,
1081 1218 1131 1277 qua

54 1353 56 1356 Ι
121 1288 200 1342 niam
213 1291 266 1338 nee
280 1284 343 1358 ipsa
356 1299 411 1337 nec
428 1283 527 1355 aliquo
544 1279 629 1337 modo
648 1291 766 1351 essent,
789 1301 846 1337 nec
858 1282 957 1357 aliqua
972 1286 1071 1358 specie¹
1083 1302 1130 1339 car·
1150 1297 1166 1336 J

121 1371 302 1436 tinerentur,
325 1383 379 1420 nec
393 1367 519 1439 aliquem
532 1363 665 1420 ordinem
678 1365 725 1420 vel
737 1374 924 1438 appeterent,
945 1369 995 1423 vel
1008 1376 1132 1434 tenerent,

121 1453 180 1508 nisi
193 1451 228 1506 ab
242 1451 292 1504 illo
306 1447 384 1504 facta
399 1456 501 1503 essent
513 1448 564 1521 qui
576 1465 686 1508 suasore
700 1456 758 1518 est,
779 1449 829 1522 qui
843 1466 954 1504 summe
969 1453 1084 1524 sapiens
1096 1459 1131 1517 est,
1156 1459 1171 1480 ,-

68 1557 70 1560 ·
103 1531 296 1610 *qui'sunime
309 1531 403 1588 bonus
419 1540 490 1602 est3¹
504 1539 646 1604 tanquam.
659 1549 711 1602 per
729 1533 826 1588 omnia
845 1549 920 1605 quae
937 1533 1012 1590 fecit
1030 1532 1132 1589 mirabib
1169 1546 1181 1547 ’

121 1618 281 1673 stabilitate
296 1625 465 1686 currentes,
480 1615 565 1688 quasi
578 1612 719 1688 prraedam
732 1615 794 1670 cius
809 1614 879 1670 alibi
891 1618 1003 1694 magis,
1017 1607 1085 1676 alibi
1094 1616 1131 1674 ni-

120 1719 175 1757 nus
199 1703 339 1775 impresso
359 1699 487 1776 vestigia
510 1697 696 1773 colligamus-3
722 1697 753 1752 in
770 1697 854 1756 nobis
873 1695 974 1768 autem
995 1702 1067 1774 ipsis
1088 1701 1130 1754 eius

26 1801 59 1850 Α
121 1785 287 1861 imaginem
301 1791 491 1851 contuentes,
517 1785 656 1854 tanquam
674 1781 771 1838 minor
789 1782 839 1836 ibe
852 1779 1053 1860 Evangelious
1076 1784 1129 1842 filiu

121 1867 158 1923 ad
171 1867 363 1938 nosmetipsos
377 1864 489 1920 reversi
501 1881 671 1940 surgamus,
691 1872 724 1918 ut
736 1861 773 1918 ad
786 1865 869 1919 illum
882 1864 1053 1938 redeamus,
1066 1882 1130 1940 aquo
1153 1936 1154 1941 Ἰ

21 1941 37 2024 '¹
121 1949 267 2024 peccando
281 1958 504 2012 recesseramus.
536 1945 578 2002 lbi
593 1953 656 2002 esse
670 1956 877 2008 nostrumnon
890 1946 1129 2014 habebitmorten,
1153 1960 1181 2043 'i

121 2035 162 2091 ibi
177 2051 265 2089 nosse
278 2039 410 2086 nostrum
422 2047 483 2086 non
495 2027 612 2086 habebit
626 2045 765 2102 errorem,
780 2031 822 2086 ibi
834 2050 932 2094 aurare
946 2043 1129 2090 nostrumnon
1158 2048 1181 2063 ¹·

121 2116 238 2172 habebit
251 2111 450 2184 offensionem.
459 2113 664 2169 ‘Nuncsautem
675 2115 732 2170 ista
743 2116 799 2180 tria
812 2124 915 2172 nostra
928 2119 1060 2190 quamvis
1072 2123 1129 2172 cern
1156 2066 1181 2205 Ε

26 2253 28 2255 ,
122 2209 289 2267 teneamus,
315 2215 370 2252 nec
387 2197 453 2251 aliis
473 2216 507 2253 ea
527 2195 677 2254 credamus
697 2199 845 2270 testibus,
865 2198 917 2254 sed
930 2218 986 2257 nos
1000 2202 1057 2274 ipsi
1067 2215 1128 2274 prae·
1156 2212 1181 2288 Ι

118 2283 218 2338 'sentia
231 2280 407 2350 sentiamus,
425 2288 512 2355 atque
526 2281 667 2336 interiore
679 2283 867 2338 veracissimo
882 2301 1037 2350 cernamus
1051 2279 1128 2354 adspe'·
1152 2294 1181 2351 F

123 2375 188 2435 etu,
214 2367 311 2419 tamen
325 2362 461 2436 quamdiu
475 2363 591 2435 futura,
616 2351 664 2420 vei
675 2371 938 2439 utrumnunquarn
952 2366 1092 2436 defutura,
1110 2369 1129 2416 et

122 2464 179 2524 quo
194 2447 219 2502 si
231 2447 321 2516 bene,
340 2463 397 2520 quo
409 2447 506 2502 autem
519 2447 630 2502 simale
643 2457 785 2524 agantur,
798 2459 978 2522 perventura
991 2453 1063 2521 sint,
1076 2464 1127 2522 quo
1148 2380 1181 2534 1

29 2593 30 2596 ¹
121 2533 201 2587 niam
219 2547 270 2604 per
287 2547 341 2585 nos
361 2531 439 2603 ipsos
459 2547 545 2586 nosse
562 2547 623 2610 nou
640 2547 807 2608 possumus,
826 2532 905 2604 alios
919 2530 989 2588 hinc
1002 2543 1087 2591 testes
1097 2527 1127 2584 rel
1148 2538 1181 2615 1

27 2673 28 2676 ,
122 2615 303 2694 quaerimus,
314 2615 363 2670 vel
375 2612 529 2684 habemus,
560 2612 598 2674 de,
608 2630 731 2687 quorum
743 2613 800 2670 fide
814 2633 865 2670 cur
878 2617 961 2672 nulla
975 2616 1074 2673 debeat
1084 2628 1126 2668 esse
1179 2640 1181 2643 v

122 2696 280 2768 dubitatio,
293 2716 354 2764 non
367 2706 413 2752 est
425 2698 496 2766 iste,
515 2696 567 2753 sed
577 2697 721 2770 posterior
735 2700 791 2753 erit
804 2698 976 2775 diligentius
991 2691 1126 2766 disserendi
1159 2716 1181 2743 w

50 2823 51 2828 κ
90 2815 91 2820 1
120 2784 211 2838 locus.
254 2781 290 2836 ln
300 2778 355 2835 hoa
368 2790 465 2836 autem
477 2780 553 2835 libro
567 2780 602 2838 de
616 2777 741 2840 Ciuitate
755 2781 833 2853 Dei,
855 2799 931 2855 quae
944 2795 1006 2840 non
1020 2777 1125 2860 peregri·
1152 2771 1156 2776 ''

122 2858 209 2921 natur
226 2867 257 2924 in
269 2862 355 2919 huius
368 2865 447 2919 ritae
459 2865 650 2932 mortalitate,
664 2860 716 2918 sed
728 2865 900 2927 immortalis
912 2883 1027 2944 semper
1039 2867 1068 2922 in
1080 2879 1126 2918 coe·

118 2949 156 3003 lis
172 2958 232 3019 est,
256 2947 360 3016 idest,
382 2945 551 3022 chngelis
564 2947 674 3004 sanctis
688 2945 752 3002 Deo
768 2944 1007 3019 cohaerentibus,
1036 2949 1080 3025 qui
1091 2959 1126 3000 nes
1148 2942 1181 3015 2³1

119 3033 241 3088 fuerunt
259 3047 402 3103 unquam,
428 3048 482 3088 nee
495 3029 589 3086 futuri
601 3038 672 3088 sunt
684 3028 865 3101 desertores,
890 3031 972 3090 inter
985 3050 1055 3107 quos
1068 3039 1093 3084 et
1102 3027 1125 3080 il·
1159 3091 1161 3094 Ι

118 3117 163 3171 los
178 3115 227 3190 qui
240 3121 390 3168 aeternam
402 3113 497 3168 lucem
510 3111 692 3182 deserentes,
708 3113 855 3172 ,tenebrae
868 3112 939 3178 faeti
950 3126 1035 3186 sunt,
1054 3113 1126 3170 Deua

1 3218 8 3225 ’
93 3211 94 3214 ’
118 3200 252 3273 primitus
273 3195 405 3251 divisisse
423 3196 481 3252 iam
494 3194 644 3266 diximus,
664 3197 715 3256 illa
732 3195 888 3256 adiuvante
899 3198 979 3272 quod
992 3198 1126 3272 coepimus,
1151 3230 1181 3285 3-

105 3291 152 3346 ‘ut
163 3298 316 3355 possumus
330 3280 518 3356 explicemus,
1108 3287 1111 3296 ¹

461 3401 491 3504 'c
512 3448 538 3507 n
558 3447 590 3506 Ρ.
618 3444 790 3510 XXIX.
1159 3523 1160 3529 Ν

117 3541 161 3595 De
176 3551 329 3596 sanctorum
339 3542 504 3612 Angelorum
520 3545 647 3608 scientia,
666 3561 719 3614 pua
732 3542 898 3596 Trinitatem
912 3544 943 3597 in
956 3545 1018 3614 ipsa
1032 3546 1085 3598 eia
1094 3537 1130 3618 de}
1169 3577 1173 3580 -

118 3621 175 3664 tate
187 3621 330 3676 assonat,
341 3621 369 3664 et
378 3631 550 3682 praeperans
560 3629 655 3672 causas
663 3613 742 3682 paim
753 3615 782 3666 in
793 3614 931 3684 operantis
945 3625 1023 3682 arte,
1033 3628 1103 3684 paon
1111 3623 1131 3662 u

282 3697 291 3704 ”
386 3683 452 3751 ipss's
463 3685 586 3760 operibus
597 3685 713 3755 artificis
723 3683 873 3736 intuentur.

182 3783 227 3840 llli
240 3787 345 3860 quippe
358 3788 467 3866 Angeli
479 3792 575 3846 saneti
588 3807 718 3862 nonper
731 3789 970 3852 verbosonantia
983 3791 1076 3850 Deum
1087 3788 1132 3844 dis-
1171 3782 1181 3835 ,¹

120 3869 204 3938 cu'nt3
223 3868 275 3924 scd
288 3885 340 3941 per
353 3872 445 3945 ipsam
457 3876 653 3947 praesentiam
664 3871 849 3932 immutabilis
863 3875 1015 3947 veritatis,
1028 3873 1080 3932 lroo
1091 3878 1133 3938 est,
1176 3842 1181 3911 1
