2362 4320
231 177 311 272 *aa
335 189 549 272 'ctvr‘rarti
564 199 650 271 'aar
671 214 752 272 ura.
774 213 815 272 x.
870 257 874 268 ,
965 225 1047 282 γιιι

26 369 95 442 paris
106 368 323 443 languoresque
336 365 448 436 sarrrrti3¹
471 365 534 424 iera
551 366 846 423 animaliaterrarum
859 376 889 422 et
900 387 1050 443 aquarum,
1109 357 1110 362 ἵ

27 452 151 507 volatilia
161 451 245 520 coeli,
258 451 351 526 ligna,
366 451 518 518 elementa,
532 449 638 520 sidera,
653 449 839 506 divinaiusra
848 449 992 522 feceruut,
1005 454 1051 508 in-

26 534 104 604 lerna
117 529 289 603 cesserunt,
313 535 422 588 mortui
434 531 619 589 revixerunt:
645 536 773 606 exeeptis
788 535 880 608 ipsius
893 533 1053 592 Salvateris

27 619 142 693 propriis
152 617 417 693 «singularibusque
427 615 588 687 miraculis,
601 619 726 672 maxim
739 619 902 674 nativitatis
917 626 946 672 ct
957 635 1055 672 resar—
1120 627 1122 636 ‘

26 703 176 773 rectionis3
188 702 221 756 ia
235 718 357 774 quorum
365 718 428 755 uuo
440 708 589 756 maternae
601 701 781 777 virginitatis
794 701 992 774 tautummodo
1007 719 1053 756 sa-

26 796 212 854 cramentum,
224 785 258 838 ia
271 785 365 840 altero
377 793 474 839 autem
484 785 570 840 etiam
582 800 681 838 eorum
691 786 781 858 quiin
791 784 850 840 line
860 784 1055 840 resurrecturi

25 878 97 939 tunt,
111 868 328 923 demonstravit
336 869 508 942 exemplum.
519 865 602 922 Haec
610 868 659 923 via
670 876 763 922 tetum
771 866 916 923 homiuem
922 867 1063 938 mundat,
1073 911 1080 918 .,
1106 933 1107 936 ¹

22 965 54 1008 et
68 950 282 1006 immortalitati
299 952 452 1006 mortalem
470 967 508 1005 ex
526 949 658 1005 amnibus
678 950 782 1025 quibus
796 962 910 1008 constat
923 945 1054 1024 partibris
1109 995 1111 1000 .

28 1044 183 1108 praeparat.
197 1033 239 1088 Vt
251 1035 330 1090 enim
342 1051 401 1090 nou
415 1035 472 1089 alia
483 1033 617 1110 purgatio
631 1035 658 1088 ei
670 1034 746 1107 perti
756 1043 956 1108 quamcretur,
971 1051 1056 1110 quam

29 1128 111 1174 vacet
118 1109 349 1174 intellectualem
360 1116 550 1192 Porphyrius,
570 1117 632 1173 ¹alia
646 1118 671 1172 ei
687 1135 773 1192 qaam
784 1120 1056 1192 veeatspiritalem,

22 1201 133 1275 aliaque
147 1201 205 1275 ipsi
219 1202 350 1275 corpori,
372 1211 526 1276 premeres
540 1209 633 1256 totum
646 1203 777 1273 suscepit
788 1204 991 1258 veracissimus
1004 1211 1056 1275 po-

22 1285 261 1359 tentissimusque
283 1283 437 1341 mundator
460 1293 547 1359 atquc
568 1287 704 1340 salvater.
730 1283 850 1341 Praeter
871 1285 947 1342 hanc
967 1287 1056 1355 viam,
1080 1327 1087 1332 .
1115 1325 1119 1328 .

22 1386 92 1442 puae
102 1369 217 1442 ,partim
230 1387 295 1423 eum
308 1367 377 1423 haee
391 1368 488 1424 futura
502 1370 757 1441 praenuntiantur,
784 1371 889 1441 partim
904 1387 968 1425 cam
980 1369 1057 1424 facta

22 1439 211 1521 auntirmiur,
225 1469 374 1526 nunqnam
387 1449 739 1528 generidefuitbumaua,
753 1453 838 1508 nemo
848 1452 988 1508 liberatus
1002 1461 1057 1524 est,

22 1543 107 1592 demo
121 1535 275 1606 liberatur,
288 1553 373 1590 nemo
387 1533 564 1594 liberabitura

82 1617 174 1684 Quod
191 1628 286 1674 autem
298 1615 478 1694 Porphyrius
497 1619 693 1674 universalem
711 1614 790 1675 viam
801 1610 914 1674 animae
931 1619 1058 1674 liberau-

22 1701 73 1758 dae
100 1700 234 1759 nondum
253 1703 284 1758 iu
307 1719 395 1758 suam
407 1702 540 1780 notitiam
557 1700 700 1757 historiali
719 1704 887 1779 cognitione
907 1703 978 1758 dicit
995 1720 1059 1758 esre
1142 1759 1144 1766 ,

22 1789 184 1862 perlatamr
201 1783 278 1860 ¹quid
292 1783 348 1840 bac
359 1783 482 1842 historia
493 1787 540 1842 vel
553 1787 696 1840 illustrius
710 1783 838 1841 inveniri
850 1794 958 1860 potest,
986 1804 1059 1859 quae

22 1872 200 1927 universum
213 1870 312 1924 orbem
325 1878 407 1924 tauto
420 1870 500 1942 apice
514 1867 695 1924 auctoritatis
710 1869 850 1939 obtinuit,
875 1871 922 1924 vel
935 1867 1059 1938 fidelius,
1110 1909 1113 1922 2
1155 1911 1156 1916 ι

22 1953 53 2010 in
68 1971 130 2028 qua
142 1944 186 2007 ita
197 1953 354 2008 nouantur
368 1954 540 2026 praeterita,
567 1963 599 2008 ut
616 1949 713 2009 futura
733 1953 820 2008 ctiam
839 1951 1059 2027 praedicantur,

22 2054 153 2111 quorum
166 2037 254 2090 multa
266 2035 397 2110 videmus
411 2038 543 2112 impleta,
562 2053 606 2090 ex
619 2037 721 2111 quibus
737 2055 770 2093 ea
784 2031 857 2110 qua'e
870 2046 984 2092 restant
997 2038 1060 2092 sine

22 2118 115 2177 dnbio
130 2137 277 2193 speremus
291 2115 454 2194 implenda?
489 2119 555 2176 Non
579 2109 656 2175 enim
671 2131 773 2198 potest
793 2119 988 2199 Porphyrius,
1013 2122 1060 2176 vel

22 2207 195 2278 quicunque
207 2201 364 2274 Platonici,
392 2203 479 2258 ctiam
494 2203 652 2259 inhaesio
670 2206 753 2278 quasi
767 2217 948 2259 terrenarum
957 2223 1061 2260 ¹rerum

22 2301 55 2342 ct
67 2287 113 2344 ad·
123 2289 209 2342 istam
222 2288 316 2342 vitam
326 2288 477 2357 mortalem
489 2288 708 2360 pertinentium,
724 2285 1061 2359 divinationempracdi-
1097 2341 1100 2346 ,

22 2375 215 2444 ctionemque
228 2379 429 2426 contemnere:
455 2371 654 2444 quedmerito
673 2373 705 2426 in
724 2373 789 2426 aliis
806 2371 1061 2428 vaticinationibus

22 2467 54 2512 et
67 2454 266 2532 quarumlibet
277 2445 428 2508 modorum
440 2455 488 2510 vel
500 2456 607 2508 artium
615 2454 848 2509 divinationibus
862 2455 981 2510 faciunt.
1001 2453 1061 2510 Ne-

22 2535 101 2616 gant
115 2538 196 2593 enim
208 2535 279 2592 haec
292 2538 339 2593 vel
352 2553 524 2612 magnorum
537 2535 701 2606 bominum,
726 2539 775 2591 vel
793 2539 892 2612 magui
907 2557 970 2592 esse
990 2547 1061 2612 pert-
1103 2541 1105 2550 ‘

22 2621 141 2684 denda:
153 2629 185 2675 et
195 2629 286 2676 recte.
321 2618 395 2675 Nam
408 2621 456 2675 vel
468 2620 642 2675 inferiorum
655 2619 729 2674 fiunt
741 2621 946 2692 praesensione
960 2638 1062 2676 causa·
1087 2633 1089 2640 ’

22 2720 103 2778 ram,
119 2707 200 2760 sicut
210 2714 273 2759 arte
282 2703 444 2759 medicinae
458 2703 629 2778 quibusdam
637 2695 876 2770 antecedentibus
891 2703 982 2778 signis
996 2706 1062 2777 plu-

26 2794 101 2846 rima
117 2798 261 2844 eventura
273 2785 435 2852 valetudini
447 2777 667 2860 praevidentur3
694 2775 741 2840 sol
754 2783 895 2840 immundi
908 2784 1073 2842 daemones

28 2892 79 2929 sua
93 2872 238 2946 disposita
251 2870 329 2926 saeta
341 2869 560 2944 praenuntiant,
576 2882 700 2944 querum
713 2869 759 2923 ius
775 2877 804 2923 et
816 2869 1004 2924 in‘nrentibus
1019 2880 1063 2925 at-

24 2976 83 3033 quc
97 2953 304 3028 cupiditatibus
318 2953 536 3026 iniquorumad
556 2971 686 3027 quaeque
706 2953 897 3029 congruentia
918 2951 995 3006 facta
1010 2951 1062 3028 da-

24 3040 130 3097 caudis
141 3034 267 3111 quodam
279 3035 362 3091 mode
374 3036 429 3092 sibi
442 3036 603 3106 vindicant,
619 3037 691 3092 etin
704 3036 825 3090 materia
837 3035 937 3090 infima
950 3035 1064 3110 fragili·
1095 3033 1098 3044 '‘

22 3125 96 3181 tatis
111 3120 266 3192 hantonae.
297 3115 363 3175 Non
376 3119 446 3174 talia
461 3120 556 3175 sancti
568 3117 700 3174 homines
714 3121 745 3180 in
759 3121 816 3174 ista
828 3119 986 3174 universali
1000 3119 1062 3173 ani-

22 3223 143 3264 marum
154 3198 373 3260 liberandarum
379 3204 427 3258 via
438 3203 615 3280 gradientes,
631 3211 767 3278 tanquam
776 3213 882 3280 magua
891 3199 1060 3276 prophetare

23 3295 189 3348 curarunt:
203 3287 334 3361 quamvis
343 3295 372 3340 et
382 3286 438 3340 ista
450 3295 504 3340 eos
513 3304 571 3342 non
580 3285 723 3363 fugerint,
737 3296 768 3341 et
780 3286 815 3341 ab
829 3287 870 3340 cis
884 3303 967 3358 saepe
981 3299 1064 3357 prac-

24 3375 108 3430 dieta
122 3373 195 3439 sint,
210 3369 246 3424 od
261 3387 365 3424 eorum
377 3362 462 3425 fidem
474 3368 648 3439 faciendam,
663 3381 736 3442 quae
750 3371 917 3426 mortalium
929 3366 1063 3422 sensibus
1113 3387 1117 3400 ι’

25 3476 88 3514 nan
114 3449 255 3529 poterant
277 3453 419 3523 intimari,
438 3471 492 3508 neo
515 3452 550 3508 ad
569 3454 799 3528 experimentum
817 3452 904 3506 celeri
925 3449 1065 3506 facilitate

26 3523 163 3614 perduci.
176 3536 235 3592 Sed
250 3538 307 3590 alia
321 3545 403 3591 eraut
415 3554 484 3592 vere
496 3553 603 3614 magna
617 3546 701 3610 atquc
710 3535 822 3604 divina,
837 3551 910 3608 quae
925 3542 1066 3605 quantum
1121 3585 1122 3590 ,

28 3623 167 3690 dabatur,
192 3620 314 3695 cognita
331 3618 388 3674 Dei
404 3621 567 3690 voluntate,
591 3619 687 3674 lutura
699 3615 897 3672 ‘nuntiabant
934 3614 1064 3672 Christus

31 3708 139 3780 quippe
154 3704 187 3758 in
201 3719 291 3766 capue
304 3709 456 3772 venturus,
471 3689 581 3776 etquae
592 3703 623 3757 in
634 3704 684 3756 illo
694 3711 753 3754 tarn
767 3699 844 3753 clara
856 3695 982 3773 perlecta
996 3709 1068 3756 suut

35 3799 119 3864 atquc
134 3789 169 3842 in
183 3787 247 3840 eius
259 3785 377 3839 nomine
389 3777 515 3860 impleta,
528 3785 707 3857 poenitentia
720 3780 869 3836 bominum
883 3794 912 3839 et
925 3780 960 3836 ad
971 3779 1067 3839 Deum

33 3872 191 3928 conversio
213 3867 406 3939 voluntatum,
432 3869 566 3940 remissio
591 3875 783 3943 peccatorum,
809 3867 904 3944 gratia
929 3866 1066 3933 iustitiae,

984 4101 991 4128 l
