<?xml version="1.0" encoding="UTF-8"?>
<!DOCTYPE html PUBLIC "-//W3C//DTD XHTML 1.0 Transitional//EN"
    "http://www.w3.org/TR/xhtml1/DTD/xhtml1-transitional.dtd">
<html xmlns="http://www.w3.org/1999/xhtml" xml:lang="en" lang="en">
 <head>
  <title>
</title>
<meta http-equiv="Content-Type" content="text/html;charset=utf-8" />
  <meta name='ocr-system' content='tesseract 3.04.00' />
  <meta name='ocr-capabilities' content='ocr_page ocr_carea ocr_par ocr_line ocrx_word'/>
</head>
<body>
  <div class='ocr_page' id='page_1' title='image "./saureliiaugusti00augugoog_0044.png"; bbox 0 0 2362 4312; ppageno 0'>
   <div class='ocr_carea' id='block_1_1' title="bbox 265 147 1081 247">
    <p class='ocr_par' dir='ltr' id='par_1_1' title="bbox 265 147 1081 247">
     <span class='ocr_line' id='line_1_1' title="bbox 265 147 1081 247; baseline 0.009 -7"><span class='ocrx_word' id='word_1_1' title='bbox 265 181 326 240; x_wconf 84' lang='lat' dir='ltr'>nn</span> <span class='ocrx_word' id='word_1_2' title='bbox 361 177 583 242; x_wconf 75' lang='lat' dir='ltr'>mutunus</span> <span class='ocrx_word' id='word_1_3' title='bbox 619 147 701 238; x_wconf 75' lang='lat' dir='ltr'>nal</span> <span class='ocrx_word' id='word_1_4' title='bbox 734 178 814 237; x_wconf 82' lang='lat' dir='ltr'>nm.</span> <span class='ocrx_word' id='word_1_5' title='bbox 847 181 870 241; x_wconf 81' lang='grc' dir='ltr'><strong>ι</strong></span> <span class='ocrx_word' id='word_1_6' title='bbox 1044 191 1081 247; x_wconf 77' lang='lat' dir='ltr'>er</span> 
     </span>
    </p>
   </div>
   <div class='ocr_carea' id='block_1_2' title="bbox 65 331 1123 749">
    <p class='ocr_par' dir='ltr' id='par_1_2' title="bbox 65 331 1123 749">
     <span class='ocr_line' id='line_1_2' title="bbox 73 331 1120 418; baseline -0.018 -16"><span class='ocrx_word' id='word_1_7' title='bbox 73 343 180 402; x_wconf 77' lang='lat' dir='ltr'>inimicis</span> <span class='ocrx_word' id='word_1_8' title='bbox 193 341 285 396; x_wconf 87' lang='lat' dir='ltr'>latere</span> <span class='ocrx_word' id='word_1_9' title='bbox 299 336 381 392; x_wconf 86' lang='lat' dir='ltr'>cives</span> <span class='ocrx_word' id='word_1_10' title='bbox 395 331 530 404; x_wconf 80' lang='lat' dir='ltr'>tuturos,</span> <span class='ocrx_word' id='word_1_11' title='bbox 556 351 594 388; x_wconf 87' lang='lat' dir='ltr'>ne</span> <span class='ocrx_word' id='word_1_12' title='bbox 606 332 834 392; x_wconf 70' lang='lat' dir='ltr'>&#39;infrmtuesum</span> <span class='ocrx_word' id='word_1_13' title='bbox 852 331 900 394; x_wconf 80' lang='lat' dir='ltr'>vel</span> <span class='ocrx_word' id='word_1_14' title='bbox 912 338 991 412; x_wconf 74' lang='lat' dir='ltr'>apud</span> <span class='ocrx_word' id='word_1_15' title='bbox 1003 343 1082 416; x_wconf 56' lang='lat' dir='ltr'>ipsos</span> <span class='ocrx_word' id='word_1_16' title='bbox 1116 403 1120 418; x_wconf 56' lang='lat'>,</span> 
     </span>
     <span class='ocr_line' id='line_1_3' title="bbox 68 414 1123 502; baseline -0.006 -18"><span class='ocrx_word' id='word_1_17' title='bbox 68 436 145 502; x_wconf 65' lang='lat' dir='ltr'>pata,</span> <span class='ocrx_word' id='word_1_18' title='bbox 172 421 248 499; x_wconf 86' lang='lat' dir='ltr'>quod</span> <span class='ocrx_word' id='word_1_19' title='bbox 274 419 370 475; x_wconf 85' lang='lat' dir='ltr'>donee</span> <span class='ocrx_word' id='word_1_20' title='bbox 396 417 552 492; x_wconf 71' lang='lat' dir='ltr'>lnerveniat</span> <span class='ocrx_word' id='word_1_21' title='bbox 568 414 614 472; x_wconf 83' lang='lat' dir='ltr'>ad</span> <span class='ocrx_word' id='word_1_22' title='bbox 631 418 795 490; x_wconf 79' lang='lat' dir='ltr'>confessor,</span> <span class='ocrx_word' id='word_1_23' title='bbox 821 415 921 494; x_wconf 84' lang='lat' dir='ltr'>portat</span> <span class='ocrx_word' id='word_1_24' title='bbox 932 423 1080 483; x_wconf 71' lang='lat' dir='ltr'>infenmm</span> <span class='ocrx_word' id='word_1_25' title='bbox 1115 467 1123 474; x_wconf 96' lang='lat'>.</span> 
     </span>
     <span class='ocr_line' id='line_1_4' title="bbox 68 499 1081 581; baseline -0.012 -15"><span class='ocrx_word' id='word_1_26' title='bbox 68 511 178 566; x_wconf 84' lang='lat' dir='ltr'>sicutex</span> <span class='ocrx_word' id='word_1_27' title='bbox 189 508 308 562; x_wconf 88' lang='lat' dir='ltr'>illorum</span> <span class='ocrx_word' id='word_1_28' title='bbox 321 517 448 560; x_wconf 89' lang='lat' dir='ltr'>numero</span> <span class='ocrx_word' id='word_1_29' title='bbox 463 500 553 556; x_wconf 82' lang='lat' dir='ltr'>etiam</span> <span class='ocrx_word' id='word_1_30' title='bbox 556 499 614 557; x_wconf 87' lang='lat' dir='ltr'>Dei</span> <span class='ocrx_word' id='word_1_31' title='bbox 628 499 739 559; x_wconf 82' lang='lat' dir='ltr'>Civitas</span> <span class='ocrx_word' id='word_1_32' title='bbox 754 502 843 559; x_wconf 86' lang='lat' dir='ltr'>habet</span> <span class='ocrx_word' id='word_1_33' title='bbox 855 523 966 578; x_wconf 85' lang='lat' dir='ltr'>secum,</span> <span class='ocrx_word' id='word_1_34' title='bbox 980 523 1081 581; x_wconf 72' lang='lat' dir='ltr'>quam.</span> 
     </span>
     <span class='ocr_line' id='line_1_5' title="bbox 66 583 1080 668; baseline -0.006 -19"><span class='ocrx_word' id='word_1_35' title='bbox 66 593 106 649; x_wconf 86' lang='lat' dir='ltr'>diu</span> <span class='ocrx_word' id='word_1_36' title='bbox 118 589 321 668; x_wconf 76' lang='lat' dir='ltr'>peregrinatur</span> <span class='ocrx_word' id='word_1_37' title='bbox 334 587 368 642; x_wconf 93' lang='lat' dir='ltr'>in</span> <span class='ocrx_word' id='word_1_38' title='bbox 380 583 504 656; x_wconf 88' lang='lat' dir='ltr'>mundo,</span> <span class='ocrx_word' id='word_1_39' title='bbox 528 599 679 668; x_wconf 79' lang='lat' dir='ltr'>connexos</span> <span class='ocrx_word' id='word_1_40' title='bbox 693 587 900 645; x_wconf 87' lang='lat' dir='ltr'>communione</span> <span class='ocrx_word' id='word_1_41' title='bbox 913 605 1080 652; x_wconf 81' lang='lat' dir='ltr'>saeramen-</span> 
     </span>
     <span class='ocr_line' id='line_1_6' title="bbox 65 668 1080 749; baseline -0.01 -16"><span class='ocrx_word' id='word_1_42' title='bbox 65 687 160 747; x_wconf 86' lang='lat' dir='ltr'>torum,</span> <span class='ocrx_word' id='word_1_43' title='bbox 183 691 246 730; x_wconf 40' lang='lat' dir='ltr'>nee*</span> <span class='ocrx_word' id='word_1_44' title='bbox 256 689 361 728; x_wconf 84' lang='lat' dir='ltr'>seeum</span> <span class='ocrx_word' id='word_1_45' title='bbox 379 668 497 738; x_wconf 79' lang='lat' dir='ltr'>futuros</span> <span class='ocrx_word' id='word_1_46' title='bbox 512 669 545 724; x_wconf 91' lang='lat' dir='ltr'>in</span> <span class='ocrx_word' id='word_1_47' title='bbox 570 673 691 725; x_wconf 73' lang='lat' dir='ltr'>aeterna</span> <span class='ocrx_word' id='word_1_48' title='bbox 717 679 798 728; x_wconf 85' lang='lat' dir='ltr'>sorte</span> <span class='ocrx_word' id='word_1_49' title='bbox 815 681 1003 743; x_wconf 85' lang='lat' dir='ltr'>sanctorum,</span> <span class='ocrx_word' id='word_1_50' title='bbox 1030 678 1080 749; x_wconf 82' lang='lat' dir='ltr'>qui</span> 
     </span>
    </p>
   </div>
   <div class='ocr_carea' id='block_1_3' title="bbox 7 753 1080 833">
    <p class='ocr_par' dir='ltr' id='par_1_3' title="bbox 7 753 1080 833">
     <span class='ocr_line' id='line_1_7' title="bbox 7 753 1080 833; baseline -0.002 -18"><span class='ocrx_word' id='word_1_51' title='bbox 7 760 9 790; x_wconf 77' lang='lat'>⁵</span> <span class='ocrx_word' id='word_1_52' title='bbox 65 760 199 833; x_wconf 78' lang='lat' dir='ltr'>partimin</span> <span class='ocrx_word' id='word_1_53' title='bbox 211 757 343 825; x_wconf 85' lang='lat' dir='ltr'>occulto,</span> <span class='ocrx_word' id='word_1_54' title='bbox 371 753 638 830; x_wconf 73' lang='lat' dir='ltr'>partiminaperto</span> <span class='ocrx_word' id='word_1_55' title='bbox 651 763 746 810; x_wconf 77' lang='lat' dir='ltr'>sunta·</span> <span class='ocrx_word' id='word_1_56' title='bbox 762 755 814 829; x_wconf 84' lang='lat' dir='ltr'>qui</span> <span class='ocrx_word' id='word_1_57' title='bbox 825 757 916 814; x_wconf 84' lang='lat' dir='ltr'>etiam</span> <span class='ocrx_word' id='word_1_58' title='bbox 928 775 995 813; x_wconf 87' lang='lat' dir='ltr'>eum</span> <span class='ocrx_word' id='word_1_59' title='bbox 1007 757 1080 830; x_wconf 78' lang='lat' dir='ltr'>ipsis</span> 
     </span>
    </p>
   </div>
   <div class='ocr_carea' id='block_1_4' title="bbox 11 834 1116 916">
    <p class='ocr_par' dir='ltr' id='par_1_4' title="bbox 11 834 1116 916">
     <span class='ocr_line' id='line_1_8' title="bbox 11 834 1116 916; baseline -0.002 -18"><span class='ocrx_word' id='word_1_60' title='bbox 11 877 14 890; x_wconf 67' lang='grc' dir='ltr'>ι</span> <span class='ocrx_word' id='word_1_61' title='bbox 63 844 178 898; x_wconf 85' lang='lat' dir='ltr'>inimicis</span> <span class='ocrx_word' id='word_1_62' title='bbox 189 834 330 896; x_wconf 83' lang='lat' dir='ltr'>adversus</span> <span class='ocrx_word' id='word_1_63' title='bbox 344 836 455 905; x_wconf 88' lang='lat' dir='ltr'>Deum,</span> <span class='ocrx_word' id='word_1_64' title='bbox 481 837 567 892; x_wconf 87' lang='lat' dir='ltr'>euius</span> <span class='ocrx_word' id='word_1_65' title='bbox 581 846 800 896; x_wconf 39' lang='lat' dir='ltr'>sacramentum*</span> <span class='ocrx_word' id='word_1_66' title='bbox 808 849 929 916; x_wconf 81' lang='lat' dir='ltr'>gerunt,</span> <span class='ocrx_word' id='word_1_67' title='bbox 948 857 1080 896; x_wconf 87' lang='lat' dir='ltr'>murmu-</span> <span class='ocrx_word' id='word_1_68' title='bbox 1115 847 1116 850; x_wconf 75' lang='grc'>’</span> 
     </span>
    </p>
   </div>
   <div class='ocr_carea' id='block_1_5' title="bbox 66 917 1101 1081">
    <p class='ocr_par' dir='ltr' id='par_1_5' title="bbox 66 917 1101 1081">
     <span class='ocr_line' id='line_1_9' title="bbox 66 917 1101 994; baseline -0.002 -14"><span class='ocrx_word' id='word_1_69' title='bbox 66 945 125 981; x_wconf 81' lang='lat' dir='ltr'>rare</span> <span class='ocrx_word' id='word_1_70' title='bbox 137 944 193 980; x_wconf 92' lang='lat' dir='ltr'>non</span> <span class='ocrx_word' id='word_1_71' title='bbox 209 923 359 992; x_wconf 85' lang='lat' dir='ltr'>dubitant;</span> <span class='ocrx_word' id='word_1_72' title='bbox 375 917 472 976; x_wconf 88' lang='lat' dir='ltr'>&#39;modo</span> <span class='ocrx_word' id='word_1_73' title='bbox 501 939 569 976; x_wconf 90' lang='lat' dir='ltr'>eum</span> <span class='ocrx_word' id='word_1_74' title='bbox 590 921 656 976; x_wconf 82' lang='lat' dir='ltr'>illis</span> <span class='ocrx_word' id='word_1_75' title='bbox 673 919 800 994; x_wconf 85' lang='lat' dir='ltr'>theatra,</span> <span class='ocrx_word' id='word_1_76' title='bbox 825 922 912 980; x_wconf 87' lang='lat' dir='ltr'>modo</span> <span class='ocrx_word' id='word_1_77' title='bbox 940 925 1101 980; x_wconf 82' lang='lat' dir='ltr'>eeclesias‘</span> 
     </span>
     <span class='ocr_line' id='line_1_10' title="bbox 69 1001 1080 1081; baseline -0.002 -16"><span class='ocrx_word' id='word_1_78' title='bbox 69 1010 201 1065; x_wconf 82' lang='lat' dir='ltr'>nobiscnm</span> <span class='ocrx_word' id='word_1_79' title='bbox 211 1008 371 1081; x_wconf 79' lang='lat' dir='ltr'>replentes.</span> <span class='ocrx_word' id='word_1_80' title='bbox 416 1001 464 1060; x_wconf 86' lang='lat' dir='ltr'>De</span> <span class='ocrx_word' id='word_1_81' title='bbox 477 1005 662 1064; x_wconf 79' lang='lat' dir='ltr'>correctione</span> <span class='ocrx_word' id='word_1_82' title='bbox 675 1013 773 1064; x_wconf 86' lang='lat' dir='ltr'>autem</span> <span class='ocrx_word' id='word_1_83' title='bbox 786 1007 978 1081; x_wconf 82' lang='lat' dir='ltr'>quorumdam</span> <span class='ocrx_word' id='word_1_84' title='bbox 992 1007 1080 1063; x_wconf 88' lang='lat' dir='ltr'>etiam</span> 
     </span>
    </p>
   </div>
   <div class='ocr_carea' id='block_1_6' title="bbox 7 1085 1080 1332">
    <p class='ocr_par' dir='ltr' id='par_1_6' title="bbox 7 1085 1080 1332">
     <span class='ocr_line' id='line_1_11' title="bbox 7 1085 1080 1164; baseline -0.005 -13"><span class='ocrx_word' id='word_1_85' title='bbox 7 1129 11 1152; x_wconf 45' lang='lat'>,-</span> <span class='ocrx_word' id='word_1_86' title='bbox 68 1094 154 1148; x_wconf 81' lang='lat' dir='ltr'>talium</span> <span class='ocrx_word' id='word_1_87' title='bbox 165 1093 254 1148; x_wconf 88' lang='lat' dir='ltr'>multo</span> <span class='ocrx_word' id='word_1_88' title='bbox 267 1091 371 1145; x_wconf 88' lang='lat' dir='ltr'>minus</span> <span class='ocrx_word' id='word_1_89' title='bbox 384 1094 431 1143; x_wconf 82' lang='lat' dir='ltr'>est</span> <span class='ocrx_word' id='word_1_90' title='bbox 443 1085 667 1160; x_wconf 83' lang='lat' dir='ltr'>desperandum,</span> <span class='ocrx_word' id='word_1_91' title='bbox 682 1090 708 1143; x_wconf 86' lang='lat' dir='ltr'>si</span> <span class='ocrx_word' id='word_1_92' title='bbox 721 1087 1014 1164; x_wconf 81' lang='lat' dir='ltr'>apudapcrtiscimos</span> <span class='ocrx_word' id='word_1_93' title='bbox 1027 1090 1080 1146; x_wconf 87' lang='lat' dir='ltr'>ad-</span> 
     </span>
     <span class='ocr_line' id='line_1_12' title="bbox 7 1171 1079 1254; baseline -0.001 -23"><span class='ocrx_word' id='word_1_94' title='bbox 7 1185 9 1254; x_wconf 71' lang='lat' dir='ltr'>f</span> <span class='ocrx_word' id='word_1_95' title='bbox 64 1177 194 1232; x_wconf 79' lang='lat' dir='ltr'>versarios</span> <span class='ocrx_word' id='word_1_96' title='bbox 207 1171 421 1248; x_wconf 85' lang='lat' dir='ltr'>praetestinati</span> <span class='ocrx_word' id='word_1_97' title='bbox 433 1172 520 1227; x_wconf 86' lang='lat' dir='ltr'>amici</span> <span class='ocrx_word' id='word_1_98' title='bbox 530 1173 666 1248; x_wconf 70' lang='lat' dir='ltr'>latitant,</span> <span class='ocrx_word' id='word_1_99' title='bbox 692 1171 789 1230; x_wconf 86' lang='lat' dir='ltr'>adhuc</span> <span class='ocrx_word' id='word_1_100' title='bbox 802 1175 899 1250; x_wconf 82' lang='lat' dir='ltr'>ignoti</span> <span class='ocrx_word' id='word_1_101' title='bbox 913 1175 1001 1231; x_wconf 79' lang='lat' dir='ltr'>etiam</span> <span class='ocrx_word' id='word_1_102' title='bbox 1014 1175 1079 1231; x_wconf 83' lang='lat' dir='ltr'>sibi.</span> 
     </span>
     <span class='ocr_line' id='line_1_13' title="bbox 7 1254 1079 1332; baseline -0.002 -17"><span class='ocrx_word' id='word_1_103' title='bbox 7 1255 10 1298; x_wconf 82' lang='grc' dir='ltr'>ἶ·</span> <span class='ocrx_word' id='word_1_104' title='bbox 62 1257 206 1332; x_wconf 77' lang='lat' dir='ltr'>Perplexae</span> <span class='ocrx_word' id='word_1_105' title='bbox 220 1259 333 1332; x_wconf 80' lang='lat' dir='ltr'>quippe</span> <span class='ocrx_word' id='word_1_106' title='bbox 345 1263 419 1310; x_wconf 91' lang='lat' dir='ltr'>sunt</span> <span class='ocrx_word' id='word_1_107' title='bbox 430 1255 507 1321; x_wconf 88' lang='lat' dir='ltr'>istae</span> <span class='ocrx_word' id='word_1_108' title='bbox 521 1254 596 1310; x_wconf 88' lang='lat' dir='ltr'>duae</span> <span class='ocrx_word' id='word_1_109' title='bbox 615 1257 751 1312; x_wconf 84' lang='lat' dir='ltr'>civitates</span> <span class='ocrx_word' id='word_1_110' title='bbox 769 1258 801 1313; x_wconf 91' lang='lat' dir='ltr'>in</span> <span class='ocrx_word' id='word_1_111' title='bbox 817 1256 874 1313; x_wconf 89' lang='lat' dir='ltr'>hoe</span> <span class='ocrx_word' id='word_1_112' title='bbox 887 1260 987 1315; x_wconf 88' lang='lat' dir='ltr'>seculo</span> <span class='ocrx_word' id='word_1_113' title='bbox 997 1299 1017 1331; x_wconf 69' lang='lat'>„</span> <span class='ocrx_word' id='word_1_114' title='bbox 1032 1258 1079 1314; x_wconf 93' lang='lat' dir='ltr'>in-</span> 
     </span>
    </p>
   </div>
   <div class='ocr_carea' id='block_1_7' title="bbox 61 1336 1080 1418">
    <p class='ocr_par' dir='ltr' id='par_1_7' title="bbox 61 1336 1080 1418">
     <span class='ocr_line' id='line_1_14' title="bbox 61 1336 1080 1418; baseline -0.001 -20"><span class='ocrx_word' id='word_1_115' title='bbox 61 1345 198 1418; x_wconf 83' lang='lat' dir='ltr'>vicemque</span> <span class='ocrx_word' id='word_1_116' title='bbox 222 1341 409 1414; x_wconf 72' lang='lat' dir='ltr'>pemixtae,</span> <span class='ocrx_word' id='word_1_117' title='bbox 435 1336 529 1400; x_wconf 83' lang='lat' dir='ltr'>donec</span> <span class='ocrx_word' id='word_1_118' title='bbox 554 1340 658 1400; x_wconf 91' lang='lat' dir='ltr'>ultimo</span> <span class='ocrx_word' id='word_1_119' title='bbox 682 1339 793 1402; x_wconf 89' lang='lat' dir='ltr'>iudicio</span> <span class='ocrx_word' id='word_1_120' title='bbox 819 1339 1009 1402; x_wconf 75' lang='lat' dir='ltr'>dirimantur:</span> <span class='ocrx_word' id='word_1_121' title='bbox 1044 1341 1080 1398; x_wconf 91' lang='lat' dir='ltr'>dc</span> 
     </span>
    </p>
   </div>
   <div class='ocr_carea' id='block_1_8' title="bbox 7 1421 1167 1500">
    <p class='ocr_par' dir='ltr' id='par_1_8' title="bbox 7 1421 1167 1500">
     <span class='ocr_line' id='line_1_15' title="bbox 7 1421 1167 1500; baseline 0.003 -18"><span class='ocrx_word' id='word_1_122' title='bbox 7 1461 9 1466; x_wconf 85' lang='lat'><em>·</em></span> <span class='ocrx_word' id='word_1_123' title='bbox 63 1445 172 1500; x_wconf 82' lang='lat' dir='ltr'>quarum</span> <span class='ocrx_word' id='word_1_124' title='bbox 183 1433 292 1481; x_wconf 87' lang='lat' dir='ltr'>exortu</span> <span class='ocrx_word' id='word_1_125' title='bbox 307 1433 337 1478; x_wconf 89' lang='lat' dir='ltr'>et</span> <span class='ocrx_word' id='word_1_126' title='bbox 349 1439 497 1496; x_wconf 85' lang='lat' dir='ltr'>procursu</span> <span class='ocrx_word' id='word_1_127' title='bbox 511 1431 540 1478; x_wconf 91' lang='lat' dir='ltr'>et</span> <span class='ocrx_word' id='word_1_128' title='bbox 553 1421 800 1496; x_wconf 22' lang='lat' dir='ltr'>debitis-finibus,</span> <span class='ocrx_word' id='word_1_129' title='bbox 827 1424 906 1499; x_wconf 88' lang='lat' dir='ltr'>quod</span> <span class='ocrx_word' id='word_1_130' title='bbox 923 1422 1081 1484; x_wconf 86' lang='lat' dir='ltr'>dicendum</span> <span class='ocrx_word' id='word_1_131' title='bbox 1163 1465 1167 1472; x_wconf 92' lang='lat'><em>·</em></span> 
     </span>
    </p>
   </div>
   <div class='ocr_carea' id='block_1_9' title="bbox 67 1504 1142 1663">
    <p class='ocr_par' dir='ltr' id='par_1_9' title="bbox 67 1504 1142 1663">
     <span class='ocr_line' id='line_1_16' title="bbox 67 1504 1142 1585; baseline -0.003 -20"><span class='ocrx_word' id='word_1_132' title='bbox 67 1511 186 1581; x_wconf 79' lang='lat' dir='ltr'>arbitror,</span> <span class='ocrx_word' id='word_1_133' title='bbox 199 1515 347 1584; x_wconf 88' lang='lat' dir='ltr'>qnantum</span> <span class='ocrx_word' id='word_1_134' title='bbox 360 1504 504 1561; x_wconf 79' lang='lat' dir='ltr'>divinitus</span> <span class='ocrx_word' id='word_1_135' title='bbox 517 1505 688 1577; x_wconf 75' lang='lat' dir='ltr'>adiurator,</span> <span class='ocrx_word' id='word_1_136' title='bbox 703 1507 867 1582; x_wconf 85' lang='lat' dir='ltr'>expediam,</span> <span class='ocrx_word' id='word_1_137' title='bbox 880 1517 1001 1582; x_wconf 82' lang='lat' dir='ltr'>propter</span> <span class='ocrx_word' id='word_1_138' title='bbox 1013 1509 1079 1585; x_wconf 76' lang='lat' dir='ltr'>glo·</span> <span class='ocrx_word' id='word_1_139' title='bbox 1141 1553 1142 1556; x_wconf 63' lang='lat'>,</span> 
     </span>
     <span class='ocr_line' id='line_1_17' title="bbox 69 1589 1080 1663; baseline -0.001 -15"><span class='ocrx_word' id='word_1_140' title='bbox 69 1591 271 1648; x_wconf 80' lang='lat' dir='ltr'>riamCiritatis</span> <span class='ocrx_word' id='word_1_141' title='bbox 290 1589 360 1660; x_wconf 65' lang='lat' dir='ltr'>Dei,</span> <span class='ocrx_word' id='word_1_142' title='bbox 389 1605 464 1663; x_wconf 87' lang='lat' dir='ltr'>quae</span> <span class='ocrx_word' id='word_1_143' title='bbox 484 1589 590 1650; x_wconf 85' lang='lat' dir='ltr'>alienis</span> <span class='ocrx_word' id='word_1_144' title='bbox 612 1607 630 1645; x_wconf 81' lang='lat' dir='ltr'>a</span> <span class='ocrx_word' id='word_1_145' title='bbox 651 1593 801 1646; x_wconf 87' lang='lat' dir='ltr'>contrario</span> <span class='ocrx_word' id='word_1_146' title='bbox 822 1593 998 1663; x_wconf 81' lang='lat' dir='ltr'>comparatis</span> <span class='ocrx_word' id='word_1_147' title='bbox 1020 1593 1080 1648; x_wconf 82' lang='lat' dir='ltr'>cla-</span> 
     </span>
    </p>
   </div>
   <div class='ocr_carea' id='block_1_10' title="bbox 7 1668 1080 1752">
    <p class='ocr_par' dir='ltr' id='par_1_10' title="bbox 7 1668 1080 1752">
     <span class='ocr_line' id='line_1_18' title="bbox 7 1668 1080 1752; baseline 0 -22"><span class='ocrx_word' id='word_1_148' title='bbox 7 1679 9 1686; x_wconf 82' lang='grc'><em>’</em></span> <span class='ocrx_word' id='word_1_149' title='bbox 69 1677 120 1731; x_wconf 83' lang='lat' dir='ltr'>rius</span> <span class='ocrx_word' id='word_1_150' title='bbox 133 1676 273 1732; x_wconf 80' lang='lat' dir='ltr'><strong>eminebit.</strong></span> <span class='ocrx_word' id='word_1_151' title='bbox 575 1693 577 1700; x_wconf 76' lang='grc'><em>’</em></span> <span class='ocrx_word' id='word_1_152' title='bbox 716 1669 743 1751; x_wconf 69' lang='lat'>(³⁸</span> <span class='ocrx_word' id='word_1_153' title='bbox 757 1673 797 1730; x_wconf 83' lang='lat' dir='ltr'>al.</span> <span class='ocrx_word' id='word_1_154' title='bbox 819 1672 902 1729; x_wconf 79' lang='lat' dir='ltr'><strong><em>GAP.</em></strong></span> <span class='ocrx_word' id='word_1_155' title='bbox 924 1668 1080 1752; x_wconf 86' lang='lat' dir='ltr'><em>XXXV.)</em></span> 
     </span>
    </p>
   </div>
   <div class='ocr_carea' id='block_1_11' title="bbox 7 1809 10 2044">
    <p class='ocr_par' dir='ltr' id='par_1_11' title="bbox 7 1809 10 2044">
     <span class='ocr_line' id='line_1_19' title="bbox 7 1809 8 1826; baseline 0 0"><span class='ocrx_word' id='word_1_156' title='bbox 7 1809 8 1826; x_wconf 88' lang='grc' dir='ltr'>Ι</span> 
     </span>
     <span class='ocr_line' id='line_1_20' title="bbox 7 1851 10 1882; baseline 0 0"><span class='ocrx_word' id='word_1_157' title='bbox 7 1851 10 1882; x_wconf 87' lang='grc' dir='ltr'>Ι</span> 
     </span>
     <span class='ocr_line' id='line_1_21' title="bbox 7 1911 8 1930; baseline 0 0"><span class='ocrx_word' id='word_1_158' title='bbox 7 1911 8 1930; x_wconf 73' lang='grc' dir='ltr'>Ι</span> 
     </span>
     <span class='ocr_line' id='line_1_22' title="bbox 7 1985 9 2002; baseline 0 0"><span class='ocrx_word' id='word_1_159' title='bbox 7 1985 9 2002; x_wconf 90' lang='grc' dir='ltr'>Ι</span> 
     </span>
     <span class='ocr_line' id='line_1_23' title="bbox 7 2007 9 2044; baseline 0 0"><span class='ocrx_word' id='word_1_160' title='bbox 7 2007 9 2044; x_wconf 88' lang='grc' dir='ltr'>Ι</span> 
     </span>
    </p>
   </div>
   <div class='ocr_carea' id='block_1_12' title="bbox 153 1803 1047 1976">
    <p class='ocr_par' dir='ltr' id='par_1_12' title="bbox 153 1803 1047 1976">
     <span class='ocr_line' id='line_1_24' title="bbox 382 1803 748 1900; baseline -0.005 -34"><span class='ocrx_word' id='word_1_161' title='bbox 382 1806 501 1880; x_wconf 73' lang='lat' dir='ltr'>CAR</span> <span class='ocrx_word' id='word_1_162' title='bbox 550 1803 748 1900; x_wconf 78' lang='lat' dir='ltr'><em>XXXVL</em></span> 
     </span>
     <span class='ocr_line' id='line_1_25' title="bbox 153 1902 1047 1976; baseline -0.004 -16"><span class='ocrx_word' id='word_1_163' title='bbox 153 1902 978 1976; x_wconf 63' lang='lat' dir='ltr'>chaituacaudemouentidirputatioaeeitdiererrndum.</span> <span class='ocrx_word' id='word_1_164' title='bbox 1045 1951 1047 1956; x_wconf 85' lang='lat'><em>.</em></span> 
     </span>
    </p>
   </div>
   <div class='ocr_carea' id='block_1_13' title="bbox 63 2005 1083 2256">
    <p class='ocr_par' dir='ltr' id='par_1_13' title="bbox 63 2005 1083 2256">
     <span class='ocr_line' id='line_1_26' title="bbox 115 2005 1082 2091; baseline -0.002 -21"><span class='ocrx_word' id='word_1_165' title='bbox 115 2013 171 2070; x_wconf 85' lang='lat' dir='ltr'>Sed</span> <span class='ocrx_word' id='word_1_166' title='bbox 182 2005 279 2072; x_wconf 73' lang='lat' dir='ltr'>tenue</span> <span class='ocrx_word' id='word_1_167' title='bbox 293 2015 436 2091; x_wconf 80' lang='lat' dir='ltr'><strong>quaedam</strong></span> <span class='ocrx_word' id='word_1_168' title='bbox 448 2011 660 2070; x_wconf 87' lang='lat' dir='ltr'>mihi&#39;dicenda</span> <span class='ocrx_word' id='word_1_169' title='bbox 678 2020 749 2070; x_wconf 88' lang='lat' dir='ltr'>sunt</span> <span class='ocrx_word' id='word_1_170' title='bbox 766 2011 922 2069; x_wconf 87' lang='lat' dir='ltr'>adversum</span> <span class='ocrx_word' id='word_1_171' title='bbox 936 2027 1003 2083; x_wconf 89' lang='lat' dir='ltr'>eos,</span> <span class='ocrx_word' id='word_1_172' title='bbox 1031 2015 1082 2086; x_wconf 83' lang='lat' dir='ltr'>qui</span> 
     </span>
     <span class='ocr_line' id='line_1_27' title="bbox 63 2096 1081 2174; baseline -0.008 -16"><span class='ocrx_word' id='word_1_173' title='bbox 63 2097 197 2158; x_wconf 55' lang='lat' dir='ltr'>&amp;manae</span> <span class='ocrx_word' id='word_1_174' title='bbox 215 2100 400 2172; x_wconf 77' lang='lat' dir='ltr'>reipublicae</span> <span class='ocrx_word' id='word_1_175' title='bbox 421 2096 518 2154; x_wconf 79' lang='lat' dir='ltr'>clades</span> <span class='ocrx_word' id='word_1_176' title='bbox 539 2098 571 2153; x_wconf 93' lang='lat' dir='ltr'>in</span> <span class='ocrx_word' id='word_1_177' title='bbox 589 2098 764 2174; x_wconf 81' lang='lat' dir='ltr'>religionem</span> <span class='ocrx_word' id='word_1_178' title='bbox 784 2105 917 2154; x_wconf 81' lang='lat' dir='ltr'>nostram</span> <span class='ocrx_word' id='word_1_179' title='bbox 935 2096 1081 2166; x_wconf 85' lang='lat' dir='ltr'>referunt,</span> 
     </span>
     <span class='ocr_line' id='line_1_28' title="bbox 68 2178 1083 2256; baseline 0 -20"><span class='ocrx_word' id='word_1_180' title='bbox 68 2198 118 2256; x_wconf 77' lang='lat' dir='ltr'>qua</span> <span class='ocrx_word' id='word_1_181' title='bbox 129 2179 182 2236; x_wconf 85' lang='lat' dir='ltr'>diis</span> <span class='ocrx_word' id='word_1_182' title='bbox 200 2184 264 2238; x_wconf 88' lang='lat' dir='ltr'>suls</span> <span class='ocrx_word' id='word_1_183' title='bbox 287 2182 455 2238; x_wconf 87' lang='lat' dir='ltr'>sacrificare</span> <span class='ocrx_word' id='word_1_184' title='bbox 472 2178 673 2256; x_wconf 85' lang='lat' dir='ltr'>prohibentur.</span> <span class='ocrx_word' id='word_1_185' title='bbox 723 2178 983 2238; x_wconf 78' lang='lat' dir='ltr'>Commemoranda</span> <span class='ocrx_word' id='word_1_186' title='bbox 1003 2181 1083 2236; x_wconf 88' lang='lat' dir='ltr'>enim</span> 
     </span>
    </p>
   </div>
   <div class='ocr_carea' id='block_1_14' title="bbox 7 2263 1086 2528">
    <p class='ocr_par' dir='ltr' id='par_1_14' title="bbox 7 2263 1086 2528">
     <span class='ocr_line' id='line_1_29' title="bbox 7 2263 1080 2344; baseline -0.002 -25"><span class='ocrx_word' id='word_1_187' title='bbox 7 2331 8 2336; x_wconf 7' lang='grc' dir='ltr'>ἵ</span> <span class='ocrx_word' id='word_1_188' title='bbox 64 2275 125 2321; x_wconf 87' lang='lat' dir='ltr'>sunt</span> <span class='ocrx_word' id='word_1_189' title='bbox 136 2283 207 2344; x_wconf 85' lang='lat' dir='ltr'>quae</span> <span class='ocrx_word' id='word_1_190' title='bbox 225 2275 256 2323; x_wconf 93' lang='lat' dir='ltr'>et</span> <span class='ocrx_word' id='word_1_191' title='bbox 267 2275 380 2340; x_wconf 86' lang='lat' dir='ltr'>quanta</span> <span class='ocrx_word' id='word_1_192' title='bbox 403 2283 559 2332; x_wconf 86' lang='lat' dir='ltr'>occurrere</span> <span class='ocrx_word' id='word_1_193' title='bbox 576 2265 744 2338; x_wconf 79' lang='lat' dir='ltr'>potuerint,</span> <span class='ocrx_word' id='word_1_194' title='bbox 769 2265 818 2320; x_wconf 83' lang='lat' dir='ltr'>vel</span> <span class='ocrx_word' id='word_1_195' title='bbox 830 2265 902 2318; x_wconf 84' lang='lat' dir='ltr'>satis</span> <span class='ocrx_word' id='word_1_196' title='bbox 921 2275 986 2318; x_wconf 77' lang='lat' dir='ltr'>esse</span> <span class='ocrx_word' id='word_1_197' title='bbox 998 2263 1080 2319; x_wconf 82' lang='lat' dir='ltr'>vide-</span> 
     </span>
     <span class='ocr_line' id='line_1_30' title="bbox 7 2345 1081 2429; baseline -0.001 -27"><span class='ocrx_word' id='word_1_198' title='bbox 7 2359 9 2422; x_wconf 60' lang='lat' dir='ltr'>l</span> <span class='ocrx_word' id='word_1_199' title='bbox 65 2348 164 2404; x_wconf 76' lang='lat' dir='ltr'>buntur</span> <span class='ocrx_word' id='word_1_200' title='bbox 174 2351 265 2421; x_wconf 81' lang='lat' dir='ltr'>mala,</span> <span class='ocrx_word' id='word_1_201' title='bbox 293 2349 434 2426; x_wconf 82' lang='lat' dir='ltr'>quaeilla</span> <span class='ocrx_word' id='word_1_202' title='bbox 448 2349 552 2410; x_wconf 74' lang='lat' dir='ltr'>civitas</span> <span class='ocrx_word' id='word_1_203' title='bbox 564 2347 703 2424; x_wconf 73' lang='lat' dir='ltr'>penulit,</span> <span class='ocrx_word' id='word_1_204' title='bbox 730 2347 778 2429; x_wconf 81' lang='lat' dir='ltr'>vel</span> <span class='ocrx_word' id='word_1_205' title='bbox 795 2345 909 2402; x_wconf 89' lang='lat' dir='ltr'>adeius</span> <span class='ocrx_word' id='word_1_206' title='bbox 924 2348 1081 2424; x_wconf 77' lang='lat' dir='ltr'>imperium</span> 
     </span>
     <span class='ocr_line' id='line_1_31' title="bbox 7 2427 1086 2528; baseline 0 -42"><span class='ocrx_word' id='word_1_207' title='bbox 7 2445 14 2528; x_wconf 51' lang='grc' dir='ltr'><em>ζ</em></span> <span class='ocrx_word' id='word_1_208' title='bbox 71 2432 231 2502; x_wconf 75' lang='lat' dir='ltr'>pertinentes</span> <span class='ocrx_word' id='word_1_209' title='bbox 244 2433 434 2507; x_wconf 86' lang='lat' dir='ltr'>provinciae,</span> <span class='ocrx_word' id='word_1_210' title='bbox 460 2440 619 2506; x_wconf 86' lang='lat' dir='ltr'>antequam</span> <span class='ocrx_word' id='word_1_211' title='bbox 641 2448 743 2487; x_wconf 86' lang='lat' dir='ltr'>eorum</span> <span class='ocrx_word' id='word_1_212' title='bbox 766 2429 911 2488; x_wconf 82' lang='lat' dir='ltr'>sacrificia</span> <span class='ocrx_word' id='word_1_213' title='bbox 935 2427 1086 2502; x_wconf 66' lang='lat' dir='ltr'>prohibita</span> 
     </span>
    </p>
   </div>
   <div class='ocr_carea' id='block_1_15' title="bbox 7 2675 11 2686">
    <p class='ocr_par' dir='ltr' id='par_1_15' title="bbox 7 2675 11 2686">
     <span class='ocr_line' id='line_1_32' title="bbox 7 2675 11 2686; baseline 0 0"><span class='ocrx_word' id='word_1_214' title='bbox 7 2675 11 2686; x_wconf 74' lang='grc' dir='ltr'><em>ν</em></span> 
     </span>
    </p>
   </div>
   <div class='ocr_carea' id='block_1_16' title="bbox 7 2893 10 2914">
    <p class='ocr_par' dir='ltr' id='par_1_16' title="bbox 7 2893 10 2914">
     <span class='ocr_line' id='line_1_33' title="bbox 7 2893 10 2914; baseline 0 0"><span class='ocrx_word' id='word_1_215' title='bbox 7 2893 10 2914; x_wconf 90' lang='grc' dir='ltr'>Ι</span> 
     </span>
    </p>
   </div>
   <div class='ocr_carea' id='block_1_17' title="bbox 62 2505 1082 3008">
    <p class='ocr_par' dir='ltr' id='par_1_17' title="bbox 62 2505 1082 3008">
     <span class='ocr_line' id='line_1_34' title="bbox 72 2505 1081 2592; baseline 0.003 -25"><span class='ocrx_word' id='word_1_216' title='bbox 72 2513 193 2571; x_wconf 76' lang='lat' dir='ltr'>inurent:</span> <span class='ocrx_word' id='word_1_217' title='bbox 217 2509 295 2592; x_wconf 89' lang='lat' dir='ltr'>quae</span> <span class='ocrx_word' id='word_1_218' title='bbox 308 2519 408 2572; x_wconf 84' lang='lat' dir='ltr'>omnia</span> <span class='ocrx_word' id='word_1_219' title='bbox 433 2515 537 2588; x_wconf 84' lang='lat' dir='ltr'>procul</span> <span class='ocrx_word' id='word_1_220' title='bbox 561 2513 649 2570; x_wconf 91' lang='lat' dir='ltr'>dubio</span> <span class='ocrx_word' id='word_1_221' title='bbox 664 2505 748 2570; x_wconf 79' lang='lat' dir='ltr'>nobis</span> <span class='ocrx_word' id='word_1_222' title='bbox 774 2513 952 2584; x_wconf 88' lang='lat' dir='ltr'>tribuerent,</span> <span class='ocrx_word' id='word_1_223' title='bbox 977 2515 1004 2568; x_wconf 83' lang='lat' dir='ltr'>sl</span> <span class='ocrx_word' id='word_1_224' title='bbox 1022 2515 1081 2570; x_wconf 82' lang='lat' dir='ltr'>lana</span> 
     </span>
     <span class='ocr_line' id='line_1_35' title="bbox 69 2598 1080 2675; baseline 0 -24"><span class='ocrx_word' id='word_1_225' title='bbox 69 2599 106 2652; x_wconf 80' lang='lat' dir='ltr'>rel</span> <span class='ocrx_word' id='word_1_226' title='bbox 117 2599 171 2654; x_wconf 80' lang='lat' dir='ltr'>illie</span> <span class='ocrx_word' id='word_1_227' title='bbox 185 2601 313 2657; x_wconf 84' lang='lat' dir='ltr'>clareret</span> <span class='ocrx_word' id='word_1_228' title='bbox 325 2609 429 2655; x_wconf 86' lang='lat' dir='ltr'>nostra</span> <span class='ocrx_word' id='word_1_229' title='bbox 441 2599 565 2675; x_wconf 82' lang='lat' dir='ltr'>religio,</span> <span class='ocrx_word' id='word_1_230' title='bbox 591 2600 639 2655; x_wconf 83' lang='lat' dir='ltr'>vel</span> <span class='ocrx_word' id='word_1_231' title='bbox 657 2599 699 2652; x_wconf 89' lang='lat' dir='ltr'>ita</span> <span class='ocrx_word' id='word_1_232' title='bbox 713 2601 764 2653; x_wconf 85' lang='lat' dir='ltr'>eos</span> <span class='ocrx_word' id='word_1_233' title='bbox 783 2615 801 2652; x_wconf 86' lang='lat' dir='ltr'>a</span> <span class='ocrx_word' id='word_1_234' title='bbox 818 2598 1080 2674; x_wconf 73' lang='lat' dir='ltr'>sacris&#39;saerilegis</span> 
     </span>
     <span class='ocr_line' id='line_1_36' title="bbox 64 2680 1082 2757; baseline -0.002 -21"><span class='ocrx_word' id='word_1_235' title='bbox 64 2680 225 2754; x_wconf 80' lang='lat' dir='ltr'>prohiberet.</span> <span class='ocrx_word' id='word_1_236' title='bbox 269 2682 387 2740; x_wconf 84' lang='lat' dir='ltr'>Deinde</span> <span class='ocrx_word' id='word_1_237' title='bbox 400 2680 626 2738; x_wconf 85' lang='lat' dir='ltr'>monstrandum</span> <span class='ocrx_word' id='word_1_238' title='bbox 639 2689 695 2752; x_wconf 88' lang='lat' dir='ltr'>est,</span> <span class='ocrx_word' id='word_1_239' title='bbox 719 2683 793 2757; x_wconf 82' lang='lat' dir='ltr'>quos</span> <span class='ocrx_word' id='word_1_240' title='bbox 809 2691 914 2736; x_wconf 86' lang='lat' dir='ltr'>corum·</span> <span class='ocrx_word' id='word_1_241' title='bbox 924 2691 1033 2756; x_wconf 80' lang='lat' dir='ltr'>mores,</span> <span class='ocrx_word' id='word_1_242' title='bbox 1051 2689 1082 2734; x_wconf 86' lang='lat' dir='ltr'>et</span> 
     </span>
     <span class='ocr_line' id='line_1_37' title="bbox 63 2763 1081 2842; baseline -0.001 -23"><span class='ocrx_word' id='word_1_243' title='bbox 63 2783 140 2838; x_wconf 82' lang='lat' dir='ltr'>quam</span> <span class='ocrx_word' id='word_1_244' title='bbox 152 2768 187 2823; x_wconf 73' lang='lat' dir='ltr'>olo</span> <span class='ocrx_word' id='word_1_245' title='bbox 200 2783 321 2823; x_wconf 86' lang='lat' dir='ltr'>causam</span> <span class='ocrx_word' id='word_1_246' title='bbox 332 2763 520 2823; x_wconf 72' lang='lat' dir='ltr'>verusDeus</span> <span class='ocrx_word' id='word_1_247' title='bbox 537 2763 575 2821; x_wconf 86' lang='lat' dir='ltr'>ad</span> <span class='ocrx_word' id='word_1_248' title='bbox 587 2763 756 2842; x_wconf 86' lang='lat' dir='ltr'>augendum</span> <span class='ocrx_word' id='word_1_249' title='bbox 773 2764 928 2837; x_wconf 84' lang='lat' dir='ltr'>imperium</span> <span class='ocrx_word' id='word_1_250' title='bbox 940 2763 1081 2820; x_wconf 82' lang='lat' dir='ltr'>adiuvare</span> 
     </span>
     <span class='ocr_line' id='line_1_38' title="bbox 62 2847 1081 2926; baseline 0 -25"><span class='ocrx_word' id='word_1_251' title='bbox 62 2847 189 2926; x_wconf 83' lang='lat' dir='ltr'>dignatus</span> <span class='ocrx_word' id='word_1_252' title='bbox 203 2859 266 2922; x_wconf 89' lang='lat' dir='ltr'>est,</span> <span class='ocrx_word' id='word_1_253' title='bbox 290 2852 325 2906; x_wconf 91' lang='lat' dir='ltr'>in</span> <span class='ocrx_word' id='word_1_254' title='bbox 338 2851 423 2906; x_wconf 88' lang='lat' dir='ltr'>cuius</span> <span class='ocrx_word' id='word_1_255' title='bbox 437 2855 583 2922; x_wconf 77' lang='lat' dir='ltr'>potestate</span> <span class='ocrx_word' id='word_1_256' title='bbox 593 2855 668 2904; x_wconf 77' lang='lat' dir='ltr'>&#39;sunt</span> <span class='ocrx_word' id='word_1_257' title='bbox 685 2866 781 2925; x_wconf 84' lang='lat' dir='ltr'>regna</span> <span class='ocrx_word' id='word_1_258' title='bbox 795 2848 921 2904; x_wconf 76' lang='lat' dir='ltr'>omniat·</span> <span class='ocrx_word' id='word_1_259' title='bbox 937 2859 1081 2921; x_wconf 85' lang='lat' dir='ltr'>quamque</span> 
     </span>
     <span class='ocr_line' id='line_1_39' title="bbox 63 2929 1078 3008; baseline -0.002 -21"><span class='ocrx_word' id='word_1_260' title='bbox 63 2931 125 2988; x_wconf 86' lang='lat' dir='ltr'>nihil</span> <span class='ocrx_word' id='word_1_261' title='bbox 144 2951 193 2988; x_wconf 86' lang='lat' dir='ltr'>eos</span> <span class='ocrx_word' id='word_1_262' title='bbox 207 2933 380 2992; x_wconf 82' lang='lat' dir='ltr'>adlevarint</span> <span class='ocrx_word' id='word_1_263' title='bbox 390 2931 437 3006; x_wconf 73' lang='lat' dir='ltr'>lli,</span> <span class='ocrx_word' id='word_1_264' title='bbox 463 2951 537 3008; x_wconf 83' lang='lat' dir='ltr'>quos</span> <span class='ocrx_word' id='word_1_265' title='bbox 551 2929 622 2987; x_wconf 88' lang='lat' dir='ltr'>deos</span> <span class='ocrx_word' id='word_1_266' title='bbox 635 2941 755 3004; x_wconf 80' lang='lat' dir='ltr'>putant3</span> <span class='ocrx_word' id='word_1_267' title='bbox 781 2933 853 3006; x_wconf 89' lang='lat' dir='ltr'>quin</span> <span class='ocrx_word' id='word_1_268' title='bbox 872 2931 971 3004; x_wconf 84' lang='lat' dir='ltr'>potius</span> <span class='ocrx_word' id='word_1_269' title='bbox 985 2948 1078 3004; x_wconf 89' lang='lat' dir='ltr'>quan-</span> 
     </span>
    </p>
   </div>
   <div class='ocr_carea' id='block_1_18' title="bbox 7 3011 1080 3094">
    <p class='ocr_par' dir='ltr' id='par_1_18' title="bbox 7 3011 1080 3094">
     <span class='ocr_line' id='line_1_40' title="bbox 7 3011 1080 3094; baseline -0.006 -22"><span class='ocrx_word' id='word_1_270' title='bbox 7 3083 10 3094; x_wconf 28' lang='lat'>,</span> <span class='ocrx_word' id='word_1_271' title='bbox 62 3023 115 3072; x_wconf 84' lang='lat' dir='ltr'>tum</span> <span class='ocrx_word' id='word_1_272' title='bbox 139 3016 314 3091; x_wconf 83' lang='lat' dir='ltr'>decipiendo</span> <span class='ocrx_word' id='word_1_273' title='bbox 338 3026 369 3073; x_wconf 86' lang='lat' dir='ltr'>et</span> <span class='ocrx_word' id='word_1_274' title='bbox 394 3011 522 3073; x_wconf 76' lang='lat' dir='ltr'>fallendo</span> <span class='ocrx_word' id='word_1_275' title='bbox 549 3015 717 3071; x_wconf 86' lang='lat' dir='ltr'>nocuerint.</span> <span class='ocrx_word' id='word_1_276' title='bbox 760 3013 915 3072; x_wconf 74' lang='lat' dir='ltr'>Postremo</span> <span class='ocrx_word' id='word_1_277' title='bbox 940 3013 1080 3070; x_wconf 79' lang='lat' dir='ltr'>advertus</span> 
     </span>
    </p>
   </div>
   <div class='ocr_carea' id='block_1_19' title="bbox 7 3115 9 3150">
    <p class='ocr_par' dir='ltr' id='par_1_19' title="bbox 7 3115 9 3150">
     <span class='ocr_line' id='line_1_41' title="bbox 7 3115 9 3150; baseline 0 0"><span class='ocrx_word' id='word_1_278' title='bbox 7 3115 9 3150; x_wconf 93' lang='grc' dir='ltr'>Ι</span> 
     </span>
    </p>
   </div>
   <div class='ocr_carea' id='block_1_20' title="bbox 7 3527 9 3640">
    <p class='ocr_par' dir='ltr' id='par_1_20' title="bbox 7 3527 9 3640">
     <span class='ocr_line' id='line_1_42' title="bbox 7 3527 9 3586; baseline 0 0"><span class='ocrx_word' id='word_1_279' title='bbox 7 3527 9 3586; x_wconf 98' lang='grc' dir='ltr'>Ι</span> 
     </span>
     <span class='ocr_line' id='line_1_43' title="bbox 7 3587 9 3640; baseline 0 0"><span class='ocrx_word' id='word_1_280' title='bbox 7 3587 9 3640; x_wconf 91' lang='grc' dir='ltr'>Ι</span> 
     </span>
    </p>
   </div>
   <div class='ocr_carea' id='block_1_21' title="bbox 60 3097 1083 3755">
    <p class='ocr_par' dir='ltr' id='par_1_21' title="bbox 60 3097 1083 3755">
     <span class='ocr_line' id='line_1_44' title="bbox 61 3097 1080 3177; baseline -0.005 -24"><span class='ocrx_word' id='word_1_281' title='bbox 61 3117 105 3154; x_wconf 85' lang='lat' dir='ltr'>eos</span> <span class='ocrx_word' id='word_1_282' title='bbox 116 3098 247 3173; x_wconf 84' lang='lat' dir='ltr'>dicetur,</span> <span class='ocrx_word' id='word_1_283' title='bbox 274 3101 326 3177; x_wconf 88' lang='lat' dir='ltr'>qui</span> <span class='ocrx_word' id='word_1_284' title='bbox 349 3097 598 3156; x_wconf 71' lang='lat' dir='ltr'>manifestissimis</span> <span class='ocrx_word' id='word_1_285' title='bbox 623 3097 811 3168; x_wconf 75' lang='lat' dir='ltr'>documentis</span> <span class='ocrx_word' id='word_1_286' title='bbox 830 3097 976 3156; x_wconf 76' lang='lat' dir='ltr'>consumti</span> <span class='ocrx_word' id='word_1_287' title='bbox 989 3097 1080 3168; x_wconf 84' lang='lat' dir='ltr'>atque</span> 
     </span>
     <span class='ocr_line' id='line_1_45' title="bbox 61 3179 1081 3260; baseline -0.005 -24"><span class='ocrx_word' id='word_1_288' title='bbox 61 3185 179 3240; x_wconf 85' lang='lat' dir='ltr'>convicti</span> <span class='ocrx_word' id='word_1_289' title='bbox 192 3179 340 3246; x_wconf 89' lang='lat' dir='ltr'>conantur</span> <span class='ocrx_word' id='word_1_290' title='bbox 351 3179 496 3260; x_wconf 77' lang='lat' dir='ltr'>asserere,</span> <span class='ocrx_word' id='word_1_291' title='bbox 521 3179 583 3240; x_wconf 86' lang='lat' dir='ltr'>non</span> <span class='ocrx_word' id='word_1_292' title='bbox 595 3183 715 3255; x_wconf 85' lang='lat' dir='ltr'>propter</span> <span class='ocrx_word' id='word_1_293' title='bbox 727 3185 807 3239; x_wconf 80' lang='lat' dir='ltr'>vitae</span> <span class='ocrx_word' id='word_1_294' title='bbox 819 3181 984 3254; x_wconf 84' lang='lat' dir='ltr'>praesentis</span> <span class='ocrx_word' id='word_1_295' title='bbox 998 3179 1081 3232; x_wconf 50' lang='lat' dir='ltr'>utili*</span> 
     </span>
     <span class='ocr_line' id='line_1_46' title="bbox 60 3262 1082 3348; baseline -0.013 -22"><span class='ocrx_word' id='word_1_296' title='bbox 60 3275 154 3340; x_wconf 68' lang='lat' dir='ltr'>tatem,</span> <span class='ocrx_word' id='word_1_297' title='bbox 180 3269 232 3325; x_wconf 88' lang='lat' dir='ltr'>sed</span> <span class='ocrx_word' id='word_1_298' title='bbox 250 3277 373 3348; x_wconf 80' lang='lat' dir='ltr'>propter</span> <span class='ocrx_word' id='word_1_299' title='bbox 386 3271 543 3341; x_wconf 84' lang='lat' dir='ltr'>eanr&#39;quae</span> <span class='ocrx_word' id='word_1_300' title='bbox 556 3266 623 3338; x_wconf 87' lang='lat' dir='ltr'>post</span> <span class='ocrx_word' id='word_1_301' title='bbox 640 3275 764 3322; x_wconf 85' lang='lat' dir='ltr'>mortem</span> <span class='ocrx_word' id='word_1_302' title='bbox 777 3263 878 3322; x_wconf 84' lang='lat' dir='ltr'>futura</span> <span class='ocrx_word' id='word_1_303' title='bbox 890 3272 953 3333; x_wconf 85' lang='lat' dir='ltr'>cst,</span> <span class='ocrx_word' id='word_1_304' title='bbox 981 3262 1082 3316; x_wconf 54' lang='lat' dir='ltr'>colens</span> 
     </span>
     <span class='ocr_line' id='line_1_47' title="bbox 61 3347 1080 3424; baseline -0.006 -22"><span class='ocrx_word' id='word_1_305' title='bbox 61 3347 107 3405; x_wconf 90' lang='lat' dir='ltr'>dos</span> <span class='ocrx_word' id='word_1_306' title='bbox 130 3351 208 3408; x_wconf 86' lang='lat' dir='ltr'>deos.</span> <span class='ocrx_word' id='word_1_307' title='bbox 266 3353 368 3422; x_wconf 77' lang='lat' dir='ltr'>Quae,</span> <span class='ocrx_word' id='word_1_308' title='bbox 393 3351 453 3406; x_wconf 88' lang='lat' dir='ltr'>nisi</span> <span class='ocrx_word' id='word_1_309' title='bbox 478 3348 587 3419; x_wconf 77' lang='lat' dir='ltr'>fallor,</span> <span class='ocrx_word' id='word_1_310' title='bbox 619 3349 753 3424; x_wconf 79' lang='lat' dir='ltr'>quaestio</span> <span class='ocrx_word' id='word_1_311' title='bbox 771 3351 862 3405; x_wconf 91' lang='lat' dir='ltr'>multo</span> <span class='ocrx_word' id='word_1_312' title='bbox 890 3347 1080 3415; x_wconf 66' lang='lat' dir='ltr'>erlt‘opero·</span> 
     </span>
     <span class='ocr_line' id='line_1_48' title="bbox 60 3425 1081 3510; baseline -0.006 -25"><span class='ocrx_word' id='word_1_313' title='bbox 60 3433 123 3504; x_wconf 80' lang='lat' dir='ltr'>rior,</span> <span class='ocrx_word' id='word_1_314' title='bbox 148 3436 359 3492; x_wconf 70' lang='lat' dir='ltr'>et&#39;sublimiori</span> <span class='ocrx_word' id='word_1_315' title='bbox 372 3431 571 3510; x_wconf 84' lang='lat' dir='ltr'>disputatione</span> <span class='ocrx_word' id='word_1_316' title='bbox 582 3431 716 3508; x_wconf 78' lang='lat' dir='ltr'>dignior,</span> <span class='ocrx_word' id='word_1_317' title='bbox 744 3440 777 3488; x_wconf 90' lang='lat' dir='ltr'>ut</span> <span class='ocrx_word' id='word_1_318' title='bbox 791 3440 821 3488; x_wconf 90' lang='lat' dir='ltr'>et</span> <span class='ocrx_word' id='word_1_319' title='bbox 833 3437 939 3486; x_wconf 78' lang='lat' dir='ltr'>contra</span> <span class='ocrx_word' id='word_1_320' title='bbox 952 3425 1081 3500; x_wconf 69' lang='lat' dir='ltr'>philoso-¹</span> 
     </span>
     <span class='ocr_line' id='line_1_49' title="bbox 63 3510 1080 3590; baseline -0.01 -19"><span class='ocrx_word' id='word_1_321' title='bbox 63 3513 125 3587; x_wconf 77' lang='lat' dir='ltr'>phos</span> <span class='ocrx_word' id='word_1_322' title='bbox 137 3519 168 3575; x_wconf 94' lang='lat' dir='ltr'>in</span> <span class='ocrx_word' id='word_1_323' title='bbox 182 3537 217 3576; x_wconf 89' lang='lat' dir='ltr'>ea</span> <span class='ocrx_word' id='word_1_324' title='bbox 230 3519 420 3587; x_wconf 78' lang='lat' dir='ltr'>disseratur,</span> <span class='ocrx_word' id='word_1_325' title='bbox 439 3533 501 3572; x_wconf 89' lang='lat' dir='ltr'>non</span> <span class='ocrx_word' id='word_1_326' title='bbox 515 3515 685 3590; x_wconf 71' lang='lat' dir='ltr'>quoslibet,</span> <span class='ocrx_word' id='word_1_327' title='bbox 703 3515 756 3570; x_wconf 82' lang='lat' dir='ltr'>sed</span> <span class='ocrx_word' id='word_1_328' title='bbox 775 3516 827 3589; x_wconf 90' lang='lat' dir='ltr'>qui</span> <span class='ocrx_word' id='word_1_329' title='bbox 846 3510 922 3586; x_wconf 84' lang='lat' dir='ltr'>apud</span> <span class='ocrx_word' id='word_1_330' title='bbox 942 3511 1008 3564; x_wconf 86' lang='lat' dir='ltr'>illos</span> <span class='ocrx_word' id='word_1_331' title='bbox 1030 3515 1080 3584; x_wconf 71' lang='lat' dir='ltr'>cri-J</span> 
     </span>
     <span class='ocr_line' id='line_1_50' title="bbox 61 3593 1081 3682; baseline -0.007 -30"><span class='ocrx_word' id='word_1_332' title='bbox 61 3601 258 3660; x_wconf 77' lang='lat' dir='ltr'>ardentissima</span> <span class='ocrx_word' id='word_1_333' title='bbox 285 3603 383 3682; x_wconf 81' lang='lat' dir='ltr'>gloria</span> <span class='ocrx_word' id='word_1_334' title='bbox 404 3599 477 3656; x_wconf 84' lang='lat' dir='ltr'>clari</span> <span class='ocrx_word' id='word_1_335' title='bbox 500 3607 584 3669; x_wconf 83' lang='lat' dir='ltr'>sunt,</span> <span class='ocrx_word' id='word_1_336' title='bbox 606 3605 640 3653; x_wconf 87' lang='lat' dir='ltr'>et</span> <span class='ocrx_word' id='word_1_337' title='bbox 654 3597 808 3654; x_wconf 84' lang='lat' dir='ltr'>nobiscum</span> <span class='ocrx_word' id='word_1_338' title='bbox 825 3596 916 3650; x_wconf 86' lang='lat' dir='ltr'>multa</span> <span class='ocrx_word' id='word_1_339' title='bbox 938 3593 1081 3659; x_wconf 86' lang='lat' dir='ltr'>sentiunt,</span> 
     </span>
     <span class='ocr_line' id='line_1_51' title="bbox 61 3673 1083 3755; baseline -0.008 -20"><span class='ocrx_word' id='word_1_340' title='bbox 61 3683 162 3740; x_wconf 80' lang='lat' dir='ltr'>seilicet</span> <span class='ocrx_word' id='word_1_341' title='bbox 176 3687 211 3741; x_wconf 86' lang='lat' dir='ltr'>dc</span> <span class='ocrx_word' id='word_1_342' title='bbox 225 3688 346 3742; x_wconf 87' lang='lat' dir='ltr'>animae</span> <span class='ocrx_word' id='word_1_343' title='bbox 359 3682 589 3752; x_wconf 85' lang='lat' dir='ltr'>immortalitate,</span> <span class='ocrx_word' id='word_1_344' title='bbox 611 3679 732 3755; x_wconf 79' lang='lat' dir='ltr'>etquod</span> <span class='ocrx_word' id='word_1_345' title='bbox 745 3679 827 3735; x_wconf 85' lang='lat' dir='ltr'>Dens</span> <span class='ocrx_word' id='word_1_346' title='bbox 842 3673 1083 3734; x_wconf 74' lang='lat' dir='ltr'>verumundum</span> 
     </span>
    </p>
   </div>
   <div class='ocr_carea' id='block_1_22' title="bbox 8 3756 1082 3840">
    <p class='ocr_par' dir='ltr' id='par_1_22' title="bbox 8 3756 1082 3840">
     <span class='ocr_line' id='line_1_52' title="bbox 8 3756 1082 3840; baseline -0.009 -21"><span class='ocrx_word' id='word_1_347' title='bbox 8 3801 9 3810; x_wconf 30' lang='grc' dir='ltr'>Ι</span> <span class='ocrx_word' id='word_1_348' title='bbox 64 3765 228 3840; x_wconf 77' lang='lat' dir='ltr'>condiderit,</span> <span class='ocrx_word' id='word_1_349' title='bbox 258 3779 292 3825; x_wconf 89' lang='lat' dir='ltr'>et</span> <span class='ocrx_word' id='word_1_350' title='bbox 305 3768 341 3822; x_wconf 92' lang='lat' dir='ltr'>de</span> <span class='ocrx_word' id='word_1_351' title='bbox 354 3765 540 3840; x_wconf 82' lang='lat' dir='ltr'>providentia</span> <span class='ocrx_word' id='word_1_352' title='bbox 552 3766 634 3837; x_wconf 84' lang='lat' dir='ltr'>elus,</span> <span class='ocrx_word' id='word_1_353' title='bbox 658 3771 715 3837; x_wconf 79' lang='lat' dir='ltr'>qua</span> <span class='ocrx_word' id='word_1_354' title='bbox 729 3762 901 3816; x_wconf 82' lang='lat' dir='ltr'>universum</span> <span class='ocrx_word' id='word_1_355' title='bbox 915 3756 992 3833; x_wconf 87' lang='lat' dir='ltr'>quod</span> <span class='ocrx_word' id='word_1_356' title='bbox 1012 3775 1082 3810; x_wconf 90' lang='lat' dir='ltr'>eon-</span> 
     </span>
    </p>
   </div>
   <div class='ocr_carea' id='block_1_23' title="bbox 55 3833 1084 3932">
    <p class='ocr_par' dir='ltr' id='par_1_23' title="bbox 55 3833 1084 3932">
     <span class='ocr_line' id='line_1_53' title="bbox 55 3833 1084 3932; baseline -0.013 -28"><span class='ocrx_word' id='word_1_357' title='bbox 55 3833 139 3921; x_wconf 76' lang='lat' dir='ltr'>¹didit,</span> <span class='ocrx_word' id='word_1_358' title='bbox 163 3856 251 3932; x_wconf 80' lang='lat' dir='ltr'>regit.</span> <span class='ocrx_word' id='word_1_359' title='bbox 301 3849 361 3908; x_wconf 86' lang='lat' dir='ltr'>Sed</span> <span class='ocrx_word' id='word_1_360' title='bbox 381 3850 520 3925; x_wconf 81' lang='lat' dir='ltr'>quoniam</span> <span class='ocrx_word' id='word_1_361' title='bbox 539 3856 568 3905; x_wconf 88' lang='lat' dir='ltr'>et</span> <span class='ocrx_word' id='word_1_362' title='bbox 587 3847 644 3922; x_wconf 76' lang='lat' dir='ltr'>ipsi</span> <span class='ocrx_word' id='word_1_363' title='bbox 670 3845 779 3900; x_wconf 82' lang='lat' dir='ltr'>inillis</span> <span class='ocrx_word' id='word_1_364' title='bbox 807 3859 881 3916; x_wconf 84' lang='lat' dir='ltr'>quae</span> <span class='ocrx_word' id='word_1_365' title='bbox 902 3847 1004 3908; x_wconf 85' lang='lat' dir='ltr'>&#39;contra</span> <span class='ocrx_word' id='word_1_366' title='bbox 1030 3855 1084 3893; x_wconf 85' lang='lat' dir='ltr'>nos</span> 
     </span>
    </p>
   </div>
   <div class='ocr_carea' id='block_1_24' title="bbox 0 0 1186 4312">
    <p class='ocr_par' dir='ltr' id='par_1_24' title="bbox 0 0 1186 4312">
     <span class='ocr_line' id='line_1_54' title="bbox 0 0 1186 4312; baseline 0 1"><span class='ocrx_word' id='word_1_367' title='bbox 0 0 1186 4312; x_wconf 95' lang='lat' dir='ltr'> </span> 
     </span>
    </p>
   </div>
  </div>
 </body>
</html>
