2362 4320
264 209 321 270 DE
344 207 558 268 CIV-ITATE
582 208 663 268 DEI
683 197 762 268 ΜΒ.
786 207 828 266 Χ.
1002 217 1063 276 233

27 365 157 424 veritate
171 370 331 420 certemus:
350 361 378 416 ei
392 361 596 428 suavissimum
608 359 757 418 eslelemus-
769 360 935 432 incensum,
954 381 1018 428 cunr
1032 367 1063 420 in

32 451 91 504 eius
105 455 267 521 conspeetu
279 447 328 518 pie
342 451 503 518 renetoque
517 462 615 500 emere
628 443 798 522 degressus:
824 437 852 498 ei
866 443 942 500 done
956 435 1018 502 eius
1032 450 1064 503 in
1133 437 1136 444 ⁴

30 532 124 602 uobis,
140 547 253 604 nosque
266 529 344 602 ipsos
356 546 508 596 voremus,
523 536 552 582 et
564 525 725 584 reddimus:
740 529 767 584 ei
780 525 987 587 benefieiorum
1001 532 1064 586 eius

34 613 267 671 sollennitetibus
286 612 372 670 fertis
393 619 426 666 et
447 609 547 666 diebus
571 610 836 670 stamedienses
859 630 1064 689 sacramusque

33 699 215 767 memoriam,
230 714 268 750 ne
279 696 430 754 volumine
443 703 605 766 temporum
618 694 735 772 ingrate
748 694 885 770 subrepat
898 695 1021 754 oblivio:
1037 697 1065 750 ei

35 780 229 838 sacrificemus
252 777 381 858 hostiens
399 773 572 833 humilitatis
591 786 619 832 et
636 777 728 834 leudis
751 778 782 834 in
805 795 856 834 ern
879 779 976 834 eordis
994 780 1065 856 igne
1092 831 1095 834 .

37 864 163 920 fervidae
176 863 316 918 eeritetis.
324 861 378 922 Ad
389 859 469 916 *hune
481 859 650 931 videndum,
664 863 741 919 sieut
754 860 846 918 rideri
859 850 965 935 potest,
980 863 1064 935 eique
1148 925 1149 932 χ

39 945 255 1016 cohaerendum,
269 946 305 1000 eb
315 946 590 1016 erunipeeeetorum
602 953 633 999 et
646 943 833 1018 cupiditatum
846 947 987 1000 urelerum
999 945 1064 1001 lube
1101 935 1107 944 “

39 1029 218 1103 mundemur,
227 1029 331 1084 eteius
342 1029 462 1088 nomine
475 1045 690 1082 consecremur.
705 1025 769 1101 lpse
780 1030 858 1082 enim
868 1027 934 1084 fons
945 1039 1063 1084 nostrae

40 1111 233 1182 beatitudinis,
257 1113 322 1186 ipse
336 1112 430 1167 omnis
444 1111 630 1182 appetitionis
643 1119 690 1164 est
702 1110 779 1180 linis.
806 1110 893 1170 Hune
908 1114 1063 1189 eligentes,

39 1198 80 1252 rel
89 1196 187 1271 petius
202 1196 376 1272 religentes,
390 1187 578 1254 amiserimus
591 1195 671 1260 enirn
684 1195 883 1272 negligentes:
901 1193 977 1252 hune
992 1214 1062 1272 ergo
1119 1255 1125 1262 ,

35 1281 207 1356 religentes,
228 1277 308 1333 unde
321 1286 352 1332 et
363 1277 468 1353 religio
482 1275 560 1332 dieto
572 1271 754 1351 perhibetur,
779 1277 893 1337 adeum
907 1277 1063 1334 dilectione

35 1355 185 1432 teudinus,
198 1369 233 1416 ut
244 1359 443 1436 perveniendo
457 1361 654 1436 quiescemus:
676 1360 742 1422 ideo
753 1361 845 1432 beati,
861 1363 928 1438 quie
940 1364 991 1418 illo
1004 1361 1063 1418 line

35 1446 161 1522 persenti.
185 1444 303 1500 Bonum
315 1443 553 1514 enirn'nestruei,
571 1441 606 1500 de
620 1444 702 1500 euius
715 1443 775 1500 fine
787 1446 866 1500 inter
878 1444 1063 1520 philosophos

36 1547 136 1620 usgue
149 1529 300 1586 eontentio
315 1536 373 1598 est,
387 1527 498 1582 nullurn
513 1537 557 1582 est
570 1526 659 1602 eliud,
673 1545 759 1601 quens
772 1527 815 1588 illi
829 1526 996 1584 eoheerere:
1012 1549 1063 1586 cu·
1139 1569 1145 1582 ι

36 1614 176 1681 insenius
191 1613 290 1671 anime
303 1610 512 1668 intelleetuslis
525 1611 710 1684 incorporeo,
724 1610 751 1664 si
763 1609 821 1664 dici
834 1618 941 1684 potest,
955 1614 1063 1685 emple-

38 1713 82 1766 xu,
93 1697 172 1752 veris
186 1696 325 1770 impletur
336 1691 587 1767 foeuunduturque
600 1692 768 1750 virtutibus.
798 1691 864 1748 Hoc
877 1693 985 1762 bonum
994 1694 1063 1749 dili-

38 1799 100 1856 gere
111 1781 145 1834 in
157 1788 221 1836 totu
235 1776 334 1856 eorde,
348 1777 380 1832 in
391 1784 453 1832 tete
463 1777 569 1846 anime,
585 1777 653 1832 etin
666 1785 729 1832 tete
738 1776 849 1832 virtute
861 1777 1063 1850 praecipimur.

38 1863 76 1920 lu
86 1862 140 1918 hoe
152 1862 265 1918 bouum
277 1859 430 1930 debemus,
445 1869 475 1914 et
487 1876 504 1914 e
517 1859 621 1934 quibus
636 1858 784 1935 diligimur
797 1859 875 1928 dnei,
890 1866 920 1916 et
933 1878 1003 1933 quos
1020 1861 1072 1916 ‹li-2

39 1948 149 2024 ligimus
162 1941 359 2002 duoerenSie
377 1943 562 2016 eomplentur
580 1941 635 2000 dno
653 1944 703 1998 illo
715 1951 886 2016 preeeepte,
912 1943 1064 2016 inquibus

40 2039 92 2086 tote
104 2029 167 2086 Lex
179 2026 290 2102 pendet
303 2035 334 2082 et
343 2023 522 2100 Prophetae:
548 2079 550 2100 ξ
562 2023 681 2100 Diliges
695 2023 852 2086 Dominum
871 2023 967 2084 Deum
985 2036 1065 2082 tuum

41 2115 136 2170 intuto
150 2112 239 2168 eorde
253 2119 316 2178 too,
343 2118 373 2166 et
386 2111 417 2167 in
430 2119 496 2168 tota
509 2109 610 2166 auium
624 2118 694 2178 tue,
711 2118 751 2172 ,et
763 2110 794 2164 in
808 2119 874 2168 totu
887 2118 982 2166 mente
996 2119 1067 2183 tue5
1116 2165 1119 2174 ,

42 2206 67 2252 et
82 2197 186 2272 diliger
198 2195 472 2272 proximum-tuum
489 2201 629 2270 tauquam
648 2201 678 2248 te
695 2193 800 2268 perone
825 2189 864 2247 Vt
883 2192 960 2250 enirn
978 2190 1064 2248 home

42 2297 96 2334 sere
109 2275 233 2356 diligere
246 2283 359 2346 nosset,
373 2275 550 2331 constitutus
563 2283 609 2328 est
621 2275 649 2328 ei
661 2273 746 2344 finis,
758 2293 815 2349 quo
828 2275 954 2331 referret
968 2278 1064 2354 omniu

41 2380 103 2436 quse
115 2370 230 2440 egeret,
243 2368 277 2416 ut
290 2359 392 2420 beetur
407 2366 493 2414 esset.
508 2355 574 2416 Nou
585 2359 664 2414 enim
677 2359 727 2432 qui
740 2376 771 2412 se
786 2357 893 2434 diligit,
908 2357 986 2415 aliud
1000 2378 1065 2414 esse

42 2442 192 2521 rult‘quem
205 2444 319 2500 beatus.
342 2440 401 2498 Hie
414 2450 513 2498 autem
520 2439 593 2496 finis
608 2448 653 2496 est
666 2439 824 2498 adhaerere
837 2440 911 2496 Deo.
933 2440 994 2496 lem
1006 2444 1063 2518 igi·
1088 2452 1090 2456 ’

42 2539 80 2584 tur
91 2530 196 2586 scienti
209 2527 333 2605 diligere
347 2544 379 2580 se
397 2525 508 2598 ipsum,
535 2541 601 2580 eune
617 2522 777 2580 mandetur
791 2523 826 2578 de
844 2525 978 2597 proximo
998 2524 1063 2580 dili-

44 2614 126 2687 gende
140 2615 218 2668 sieut
229 2611 381 2682 seipsum,
395 2607 464 2682 quid
477 2605 557 2662 uliud
570 2605 739 2676 eundern,
754 2607 813 2662 nisi
826 2615 859 2662 ut
873 2608 910 2677 ei,
924 2618 1065 2680 quantuni
1091 2661 1097 2670 ,

44 2706 135 2767 potest,
149 2691 336 2754 commendet,
346 2691 527 2767 diligendum
540 2685 653 2746 Deum?
673 2689 730 2746 Hie
744 2698 789 2744 est
801 2687 859 2743 Dei
871 2691 978 2762 cultus,
991 2689 1063 2748 haee

46 2795 101 2834 rere
111 2765 234 2856 religio,
256 2773 328 2834 huee
338 2785 423 2832 reete
436 2775 546 2850 pietur,
569 2772 640 2828 huee
655 2780 769 2830 tuntum
782 2770 847 2830 Deo
861 2771 957 2828 debite
970 2768 1069 2830 serui-¹

45 2871 90 2916 tur.
112 2859 419 2935 Quaecunque‘igitur
432 2858 604 2918 moneris
617 2864 746 2931 potestas
760 2854 940 2934 quantalibet
952 2859 1063 2913 virtute

43 2945 170 3016 praedite,
185 2945 279 3000 si'nos
293 2941 391 3022 diligit
404 2940 480 3002 sieut
492 2959 525 2996 se
538 2941 644 3014 ipsam,
664 2940 692 2993 ei
708 2941 773 2996 vult
785 2956 850 2994 esre
863 2937 1011 3011 subditos,
1031 2952 1064 2996 ut

42 3025 106 3084 betti
119 3029 229 3096 simus,
254 3025 302 3082 eui
323 3032 352 3079 et
370 3025 432 3098 ipse
451 3013 565 3079 subdite
582 3021 667 3086 beate
681 3031 734 3078 est.
758 3019 792 3080 Si
814 3039 885 3097 ergo
908 3039 970 3078 non
993 3024 1064 3078 eolit
1134 3089 1135 3096 ἵ

40 3108 135 3182 Deum,
148 3111 257 3166 misere
269 3108 326 3177 est,
335 3097 408 3180 ¹quie
420 3103 484 3164 Deo
497 3107 641 3180 privetur:
655 3106 680 3158 ri
693 3114 791 3160 eutern
803 3105 874 3160 colit
884 3101 989 3174 Deum,
1004 3122 1063 3164 non

40 3197 92 3250 nlt
103 3213 136 3250 se
148 3194 206 3250 eeli
219 3209 273 3266 pro
287 3189 362 3246 Dee.
389 3187 435 3248 Illi
450 3191 529 3246 eninr
541 3190 636 3265 petius
650 3187 768 3244 divinoe
780 3188 945 3261 sententiue
959 3183 1063 3242 suffre-

39 3288 125 3352 grtur,
139 3287 169 3334 et
182 3275 350 3330 dilectionis
358 3272 572 3341 viribusievet,
584 3289 645 3344 ‘que
655 3271 794 3346 seriptum
804 3278 863 3326 est:
878 3266 1065 3338 Suerifieenr

39 3361 88 3418 sos
101 3357 321 3426 eradicabitur,
336 3358 397 3414 uiri
407 3353 612 3420 Domineeole',
756 3349 839 3423 (set.
856 3347 938 3406 ΟΑΡ.
953 3346 1022 3425 IV.)

525 3504 557 3560 P.
579 3497 581 3504 ¹
594 3501 613 3560 ΙΙ
626 3501 660 3559 V.

247 3597 384 3670 Quodnisi
393 3505 523 3656 verdldw
534 3599 697 3672 sucrificium
708 3597 844 3660 debeatur.

89 3703 177 3772 Nm,
191 3697 298 3760 utalia
311 3712 390 3750 nunc
402 3702 532 3762 teeeens,
545 3709 621 3765 quee
634 3688 784 3761 pertinent
794 3685 831 3740 ed
845 3683 997 3760 religionis
1011 3685 1063 3756 ul».

32 3789 175 3862 reqnium‚
200 3797 261 3855 quo
276 3779 382 3833 colitur
394 3775 490 3846 Deum
517 3774 692 3830 sueriiieiunr
710 3776 788 3824 certe
805 3768 900 3824 nullus
914 3764 1064 3824 hominurn

30 3879 71 3924 ert
83 3870 132 3945 qui
146 3865 258 3926 nudent
272 3860 369 3916 dieere
383 3859 498 3928 deberi,
518 3858 575 3912 nisi
588 3854 662 3911 Deo.
691 3843 780 3908 Multo
794 3850 918 3925 denique
932 3847 967 3904 de
978 3851 1067 3922 leultn
