2362 4320
179 215 242 273 aaa
401 210 504 270 nrvr
523 189 714 270 sarasan
736 207 985 272 rvcrsrrnr

163 357 247 420 ¹'num
266 381 329 420 esso
343 366 515 422 temeritatis
530 375 560 421 et
575 352 684 432 fastris,
704 362 831 440 gaudere
848 364 1015 437 nidoribus,
1035 367 1166 422 mlulation

180 448 233 502 bus
248 452 326 520 capi,
342 459 372 504 et
386 443 501 503 caetera
516 467 590 522 quae
603 446 637 501 de
650 445 704 500 hoc
719 465 827 522 genere
842 447 988 501 fallacium
1003 450 1166 524 malignatur

180 547 235 601 quc
254 532 421 602 spirituum,
439 531 488 603 qui
511 532 691 584 extrinsecus
705 531 734 583 in
750 531 876 584 animam
896 530 1035 598 veniunt,
1053 528 1166 594 humano

179 629 235 685 que
244 629 349 666 ‘sensus
364 613 472 683 sopitos
486 613 681 685 vigilantesve
696 610 912 678 deludunt‚non
926 617 1065 684 tanquam
1076 611 1128 666 sibi
1141 630 1166 684 pe

179 710 266 748 suasa
284 693 451 762 confirmat,
480 693 530 746 sed
549 700 608 747 tarn
625 694 754 747 tenuiter
772 693 935 764 suspicatur
955 703 1006 746 aut
1023 692 1146 761 dubitat,

126 819 128 824 .
175 765 250 828 baec
262 775 337 828 alios
351 782 463 828 asserat
476 776 597 848 opinari.
611 773 739 840 Difficile
752 775 858 848 quippe
871 773 929 828 fuit
943 783 1025 828 tanto
1041 771 1166 848 philosop

179 865 313 910 cunctam
329 854 498 910 diabolicam
513 857 681 910 societatem
696 856 743 912 vel
759 856 909 924 nosse,rel
924 855 1054 911 fidenter
1074 874 1166 930 arguor

138 983 140 988 .
179 939 263 1009 quam
275 937 419 1008 quaelibet
433 933 548 992 anicula
562 935 728 991 Christiana
741 955 796 990 nec
811 953 873 988 esse
881 933 992 1008 [nosse]
1000 947 1159 1005 cunctatur,

162 1080 164 1085 y
178 1011 323 1071 liberrime
338 1015 504 1071 detestatur.
535 1017 600 1072 Nisi
614 1017 690 1070 forte
704 1019 771 1085 iste,
785 1027 815 1070 et
828 1017 933 1087 ipsum,
946 1017 979 1071 ad
993 1009 1082 1092 quem
1096 1019 1165 1073 scrib

179 1099 357 1153 Anebontem
372 1107 511 1171 tanquam
524 1101 626 1153 talium
641 1116 788 1154 sacrorum
811 1099 1075 1170 praeclarissimum
1094 1104 1164 1155 antis

98 1197 102 1211 ¹
179 1190 252 1248 tem,
272 1188 302 1234 et
315 1181 386 1234 alios
401 1180 502 1234 talium
516 1199 634 1253 operum
649 1187 784 1254 tanquam
799 1179 965 1252 divinorum
980 1191 1009 1235 et
1023 1181 1061 1234 ad
1076 1179 1141 1236 deos
1156 1201 1166 1237 e

180 1261 282 1316 londos
296 1262 500 1332 pertinentium
515 1261 706 1317 admiratores
721 1259 935 1317 verecundatur
948 1260 1107 1318 offendere.

234 1341 380 1416 „Sequitur
394 1339 505 1412 tamen,
525 1353 554 1398 et
565 1361 599 1399 ca
611 1343 691 1400 velut
708 1342 880 1417 inquirendo
899 1353 1121 1416 commemorat,
1136 1363 1166 1418 qa

180 1425 274 1480 sobrie
289 1423 471 1480 considerata
482 1425 571 1480 tribui
585 1443 641 1479 non
655 1433 778 1498 possunt
790 1427 848 1480 nisi
862 1428 1000 1502 malignis
1015 1436 1046 1483 et
1060 1425 1166 1482 fallacib

132 1543 140 1556 s
180 1507 381 1581 potestatibus.
425 1509 545 1572 Quaerit
559 1509 637 1563 enim
651 1521 702 1561 cur
714 1515 850 1580 tanquam
868 1508 1037 1564 melioribus
1056 1511 1166 1565 invocat

138 1611 144 1616 ’
180 1591 263 1663 quasi
277 1589 613 1663 peioribusimperetur,
632 1598 665 1643 ut
681 1590 789 1643 iniusta
807 1587 933 1645 hominis
950 1595 1107 1664 praecepta
1125 1609 1166 1645 ιιι

163 1680 320 1745 quantur:
347 1689 400 1726 cur
414 1680 598 1727 attrectatum
611 1690 644 1726 rc
659 1669 789 1726 Veneres
804 1689 862 1726 non
877 1673 1036 1729 exaudiant
1050 1677 1166 1748 impreca

180 1763 341 1838 tcmweum
355 1752 458 1828 ipsi·ad
471 1755 598 1811 incestos
611 1753 741 1828 quosque
754 1755 924 1813 concubitus
940 1756 1089 1829 quoslibet
1107 1756 1166 1810 duct

179 1854 240 1892 non
253 1844 415 1892 morentur:
443 1853 494 1890 cur
507 1835 701 1891 animantibus
716 1853 785 1890 suos
805 1838 952 1891 antistites
968 1848 1104 1910 oportere
1122 1839 1165 1892 abs

173 1923 251 1972 'nere
270 1917 458 1986 denuntient,
484 1935 521 1972 ne
543 1916 693 1990 vaporibus
712 1918 1007 1992 profectocorporeis
1035 1922 1166 1992 polluantr

180 2001 238 2074 ipsi
252 2019 321 2057 vero
336 2009 365 2055 et
383 2001 447 2055 aliis
465 2001 619 2074 vaporibus
640 2000 798 2054 illiciantur
818 2011 847 2056 et
865 1999 1017 2066 nidoribus
1036 2001 1166 2057 hostiaria

181 2101 303 2156 cumque
317 2100 335 2137 a
348 2082 498 2138 cadaveris
511 2091 646 2138 contactu
659 2079 846 2160 prohibeatur
863 2085 1022 2156 inspector,
1042 2084 1165 2157 plerumq

180 2164 232 2219 illa
245 2163 431 2220 cadaveribus
452 2166 655 2238 celebrentur:¹
676 2163 744 2237 quid
762 2166 818 2234 sit,
837 2164 915 2239 quod
932 2183 990 2220 non
1011 2159 1166 2221 daemonis

89 2277 91 2296 ι
181 2247 270 2300 alicui
284 2247 397 2301 animae
411 2245 550 2320 defuncti,
564 2246 615 2302 sed
630 2248 685 2321 ipsi
698 2248 751 2300 soli
765 2256 794 2302 et
805 2249 892 2302 lunae
905 2256 956 2302 aut
967 2249 1130 2323 cuicunque
1142 2265 1166 2300 co

96 2325 100 2334 “
162 2329 314 2398 xlentium,
332 2324 417 2384 homo
434 2328 554 2388 cuilibet
574 2331 644 2386 vitio
665 2326 807 2385 obnoxius
829 2329 956 2385 intendit
973 2333 1085 2400 minas,
1104 2325 1166 2402 eosq

181 2411 298 2464 territat
307 2407 403 2480 salso,
422 2421 456 2464 ut
468 2412 510 2466 eis
524 2421 696 2485 extorqueat
711 2413 873 2468 veritatem.
916 2411 991 2467 Nam
1006 2405 1155 2469 et'coelum

183 2491 320 2547 collidere
340 2493 546 2559 comminatur,
574 2503 604 2549 et
622 2503 737 2548 caetera
754 2495 861 2549 similia
878 2493 990 2550 homini
1008 2493 1166 2569 impossibili

181 2583 214 2629 ut
227 2574 270 2627 illi
283 2571 323 2627 dii
336 2582 474 2648 tanquam
487 2575 721 2646 insipientissimi
732 2578 814 2648 pueri
832 2577 912 2630 falsis
931 2585 961 2630 et
979 2576 1113 2632 ridiculis
1131 2593 1166 2630 cor

41 2695 43 2702 ι
137 2719 138 2724 ¹
182 2655 388 2711 minationibus
402 2657 510 2723 territi,
525 2652 602 2729 quod
616 2657 921 2732 imperaturelliciant.
941 2656 1023 2714 Dicit
1038 2662 1124 2714 ctiam
1138 2661 1166 2710 sb

181 2735 503 2811 psisreraercmonem
517 2737 660 2812 quendam
672 2739 773 2792 talium
785 2754 931 2810 sacrorum
946 2743 994 2795 vel
1006 2744 1105 2814 potius
1119 2757 1166 2794 sacr

181 2822 325 2896 legiorum
338 2823 479 2894 peritum,
498 2838 533 2875 ea
550 2839 623 2894 quae
640 2818 714 2892 apud
728 2817 887 2894 Aegyptios
908 2831 979 2876 sunt
996 2823 1141 2878 celebrata
1156 2839 1166 2874 r

180 2903 325 2973 moribus,
343 2904 391 2957 uel
411 2901 445 2957 dc
464 2901 556 2972 lside,
578 2901 677 2958 uelde
695 2899 814 2956 Osiride
831 2904 935 2958 marito
953 2906 1031 2974 eius,
1055 2906 1166 2960 maxim

178 2986 239 3040 vim
257 2982 362 3038 habere
382 2984 506 3065 cogendi
524 2981 607 3054 deos',
625 2992 659 3039 ut
670 2983 947 3062 faciantimperata,
962 2986 1079 3059 quando
1094 2987 1166 3060 illeq

165 3067 355 3150 ,carminibus
373 3069 467 3141 cogit,
485 3084 520 3121 ea
537 3084 569 3122 se
585 3064 710 3140 prodere
726 3065 774 3120 vel
785 3076 915 3121 evertere
935 3070 1140 3136 comminatur,
1156 3085 1166 3120 ι

180 3149 312 3204 scotiam
327 3146 453 3220 Osiridis
467 3148 595 3204 membra
609 3148 814 3221 dissipaturum
827 3148 998 3204 terribiliter
1017 3150 1103 3220 dicit,
1123 3151 1146 3204 si
1161 3151 1166 3202 l

179 3249 246 3285 cere
259 3231 548 3304 iussaneglexerint.
590 3227 671 3286 Haec
685 3240 771 3302 atque
784 3228 951 3285 huiusmodi
964 3249 1041 3287 vana
1060 3243 1090 3288 et
1107 3235 1164 3286 insa

181 3311 237 3368 diis
249 3311 395 3367 hominem
408 3314 536 3382 minari,
548 3329 602 3366 nec
621 3310 811 3385 quibuslibet,
830 3311 881 3366 sed
899 3315 969 3385 ipris
989 3315 1158 3370 coelestibus

108 3457 110 3460 ¹
180 3396 293 3450 siderea
310 3397 378 3450 lucc
399 3393 595 3470 fulgentibus,
607 3391 664 3448 laec
682 3395 746 3448 sine
764 3391 882 3462 ellectu,
899 3394 949 3448 sed
973 3398 1103 3452 violenta
1128 3405 1166 3467 pot

161 3533 165 3538 ,
180 3486 255 3534 state
269 3487 435 3553 cogentem,
452 3487 540 3551 atque
552 3475 597 3530 lris
611 3476 774 3553 terroribus
787 3475 823 3531 ad
841 3473 975 3532 iacienda
994 3495 1068 3550 quae
1085 3477 1165 3533 volae

179 3557 503 3631 perducentem,‘rnerito
510 3557 687 3633 Porphyrius
702 3557 874 3614 admiratur:
888 3556 947 3614 imo
961 3577 1031 3615 vero
1047 3560 1099 3615 snb
1113 3577 1166 3633 sper

180 3643 312 3696 mirantis
327 3651 356 3698 et
369 3660 474 3698 causas
488 3657 586 3696 rerum
598 3643 700 3696 talium
713 3643 906 3714 requirentis,
928 3641 978 3696 dat
996 3643 1124 3718 intelligi
1140 3639 1166 3695 ill

179 3720 250 3775 lra'ec
264 3741 351 3795 agere
374 3725 507 3797 spiritus,
531 3739 652 3794 quorum
670 3741 762 3798 genus
781 3726 914 3796 superius
936 3723 987 3778 sub
1005 3727 1127 3779 aliorum
1144 3739 1166 3791 op

184 3805 300 3858 natione
316 3805 485 3878 descripsit,
498 3823 574 3873 non,
587 3815 620 3859 ut
634 3807 695 3878 ipse
708 3807 820 3880 posuit,
833 3815 955 3877 natura,
974 3807 1025 3862 sed
1036 3807 1110 3864 vitio
1124 3803 1166 3860 loll
