2340 4320
209 193 270 254 on
291 180 509 253 eivrrsrn
533 195 613 254 on1
640 195 719 256 ιιιι.
742 196 794 254 ιι.
818 205 819 210 ¹
857 159 870 196 ²
963 201 1021 272 raa

19 350 107 417 Pnna,
132 356 168 404 nt
179 347 313 417 subacta,
339 365 377 402 ne
390 365 422 402 se
436 357 628 420 commoveat,
643 348 866 424 comprimatur-3
885 348 940 406 dea
952 349 1023 407 Per-

16 434 87 490 tunda
98 434 138 490 ibi
151 431 222 505 quid
235 427 325 486 facit?
349 429 523 508 Erubescat,
537 439 585 486 eat
597 429 692 488 foras:
719 442 788 509 agat
801 432 910 510 aliquid
923 429 952 490 et
962 453 1022 490 uia-

13 521 78 573 ritus.
92 515 182 571 Valde
196 513 387 570 inhonestum
400 522 455 583 est,
468 523 502 568 ut
515 513 591 588 quod
601 525 724 585 vocatur
736 517 797 585 illa,
810 517 930 588 impleat
942 519 1023 591 quis-

12 619 80 675 quam
89 601 151 666 ,nisi
165 599 226 652 ille.
264 595 325 653 Sed
338 596 415 652 forte
428 587 494 651 ideo
508 598 661 669 toleratur,
680 600 748 673 quia
759 597 814 666 dea
827 598 934 656 dieitur
947 618 1022 670 esse,

10 703 55 741 non
66 683 145 738 deus.
172 681 250 736 Nam
263 682 290 736 si
301 681 449 736 masculus
467 678 651 752 crederetur,
663 751 667 758 1
679 690 708 738 et
719 679 886 738 Pertundas
899 701 1022 740 vocare-

10 779 58 836 nr,
81 767 174 820 maius
195 774 302 820 eontra
320 780 457 836 cumpro
477 766 578 820 uxoris
596 757 737 837 pudicitia
753 775 888 838 posceret
899 768 1022 823 maritus

10 852 141 918 auxilium,
169 867 259 923 quam
272 847 353 902 foeta
372 857 475 903 eontra
487 845 647 904 Silvanum
682 847 740 905 Sed
761 848 829 924 quid
847 847 902 906 hoe
917 845 1023 919 dicam,
1113 867 1116 874 ’

12 952 66 1004 euru
75 933 111 988 ibi
124 933 210 986 sit.et
224 929 349 1006 Priapus
362 932 470 986 nimius
482 933 644 1002 masculus,
670 949 758 1006 super
770 934 856 988 euius
873 934 1022 991 immanis-

14 1019 141 1071 simum'et
166 1016 375 1087 turpissimum
389 1015 533 1070 fascinum
551 1015 652 1070 sedere
671 1033 747 1071 nova
766 1025 858 1089 nupta
876 1010 1022 1086 iubeatur',

14 1117 77 1155 nore
86 1097 296 1155 honestissimo
310 1107 341 1152 et
352 1098 578 1174 religiosissimo
590 1095 806 1155 matronaruml
845 1133 847 1142 ‹

57 1181 128 1238 Eunt
140 1180 253 1252 adhuc,
268 1191 299 1236 et
311 1181 427 1236 civilem
439 1179 617 1260 theologiam
627 1201 644 1238 a
653 1181 800 1260 theologia
812 1181 959 1254 fdbulosa,
973 1202 1024 1240 ur-

11 1266 45 1321 bes
57 1283 71 1322 a
81 1265 220 1336 theatris,
248 1265 357 1339 templa
369 1283 385 1320 a
398 1265 511 1335 scenis,
538 1282 622 1321 sacra
633 1265 804 1340 pontificum
817 1285 834 1322 a
847 1267 1025 1323 carminibus

9 1359 152 1423 pactarum,
169 1349 268 1405 »velut
279 1366 328 1402 res
341 1345 478 1404 honestas
492 1367 510 1404 a
522 1349 670 1423 turpibus,
697 1368 816 1406 veraces
830 1369 847 1406 a
859 1347 1025 1422 fallacibus,

10 1452 91 1509 graves
105 1433 266 1503 alaribus,
281 1433 399 1496 seriasa
409 1430 541 1502 ludicris,
554 1431 730 1505 appetendas
741 1451 759 1488 a
770 1431 953 1506 respuendis,
967 1451 1026 1508 qua

9 1529 111 1588 pssunt
124 1519 217 1592 quasi
230 1524 377 1572 conentur
388 1515 548 1579 subtilitate
559 1515 738 1584 discernere.
752 1515 946 1593 latelligimus
955 1517 1026 1591 quid
1091 1517 1093 1528 '

9 1612 91 1678 egent:
117 1604 205 1656 illam
217 1598 391 1658 theatricam
404 1607 434 1652 et
446 1587 607 1663 'fabulosam
625 1597 803 1675 theologiam
821 1599 855 1656 ab
874 1601 931 1656 ista
946 1601 1027 1656 civili

8 1685 114 1754 pendere
127 1691 301 1752 noverunt,
328 1690 357 1736 et
370 1683 398 1755 ei
411 1679 447 1735 dc
466 1682 644 1738 carminibus
662 1691 815 1754 poetarum
832 1677 971 1754 tanquam
989 1680 1026 1737 de

9 1770 106 1840 speculo
119 1768 290 1836 resultare3
304 1774 334 1820 ct
344 1764 408 1821 ideo
419 1765 478 1820 ista
491 1766 635 1839 exposita,
649 1783 736 1839 quam
749 1763 886 1820 dansnare
898 1781 960 1818 non
972 1763 1025 1819 au-

8 1847 68 1922 dent,
80 1853 167 1907 illam
181 1851 249 1906 cius
265 1849 423 1924 imaginem
435 1849 555 1904 liberius
570 1857 701 1926 arguunt
711 1858 741 1903 et
750 1845 979 1922 reprehendunt,
993 1855 1028 1904 ut
1118 1879 1122 1892 s

7 1936 42 2005 qui
52 1942 224 2012 agnoscunt
237 1930 308 2006 quid
319 1932 422 2002 velint,
430 1940 466 1994 ,et
477 1930 553 1988 hanc
566 1934 661 2005 ipsam
672 1933 778 1990 faeiem
792 1933 875 1988 euius
890 1931 940 1986 illa
953 1931 1025 1984 ima-

7 2027 97 2094 pacet,
111 2016 319 2086 detestentur3
333 2031 420 2088 quam
430 2023 527 2072 tamen
538 2015 579 2088 dii
588 2017 644 2090 ipsi
656 2023 795 2092 tanquam
805 2017 836 2082 in
848 2013 949 2072 eodem
960 2031 1025 2087 spe*
1043 2045 1044 2048 ¹

7 2101 57 2156 rulo
70 2120 101 2156 ee
115 2103 275 2156 intuentes
289 2100 331 2154 ita
344 2097 484 2175 diligunt,
503 2093 599 2174 ut'qui
612 2101 768 2174 qualesque
781 2101 843 2156 sint
856 2100 887 2154 in
901 2107 1026 2172 utraque

7 2187 94 2240 nelias
105 2182 284 2244 rideantur.
318 2179 401 2236 Vnde
415 2182 504 2236 ctiam
517 2185 643 2240 cultores
658 2201 727 2238 suos
741 2183 919 2240 terribilibus
934 2181 1024 2255 impe-

7 2270 48 2322 iis
71 2270 301 2341 compulerunt,
327 2273 361 2320 ut
385 2264 598 2347 immunditiam
617 2265 783 2343 theologiae
800 2266 949 2322 fabulosae
969 2265 1026 2321 sibi

7 2351 135 2422 dicarent,
162 2353 195 2406 in
210 2351 275 2404 suis
288 2348 513 2406 solennitatibus
527 2359 683 2423 ponerent,
708 2351 739 2404 iu
752 2350 838 2406 rebus
852 2348 960 2405 divinis
972 2347 1026 2406 ha-

7 2433 115 2504 berent3
136 2443 227 2508 atque
242 2433 285 2488 ita
298 2440 328 2488 et
340 2450 373 2486 se
392 2432 472 2504 ipsos
491 2431 736 2510 immundissimos
760 2433 878 2508 spiritus
902 2425 1025 2489 manile,

7 2518 73 2571 stirs
86 2536 146 2572 esse
160 2517 346 2586 docuerunt,
361 2507 390 2571 et
403 2513 488 2571 huius
501 2516 630 2572 urbanae
643 2514 809 2592 theologiae
821 2517 902 2574 velut
916 2517 1025 2572 electae
1104 2571 1105 2576 ,

7 2610 29 2654 et
38 2601 174 2674 probatae
187 2601 271 2655 illam
281 2597 463 2668 theatricam,
476 2599 616 2656 abiectam
628 2609 717 2676 atque
730 2599 922 2672 reprobatam,
935 2619 1025 2656 mem-

7 2703 77 2739 orum
88 2693 267 2758 partemque
279 2681 430 2752 fecerunt;
445 2691 479 2736 ut
492 2701 558 2738 cum
572 2684 611 2746 sit
623 2685 762 2740 universa
775 2679 875 2756 turpis
883 2691 913 2738 et
925 2683 1026 2762 fallax,

7 2777 80 2841 itque
92 2770 125 2823 in
140 2785 174 2822 se
189 2767 344 2822 contineat
356 2766 572 2823 commentitios
586 2764 672 2838 deos,
699 2783 759 2822 una
776 2783 844 2838 pars
863 2767 926 2822 eius
941 2768 980 2822 sit
995 2769 1026 2823 in

8 2853 86 2906 iteris
100 2850 307 2920 sacerdotum,
332 2850 426 2904 altera
438 2849 470 2904 in
484 2849 658 2910 carminibus
671 2847 832 2924 poctarum.
858 2847 961 2905 Vtrum
974 2847 1026 2905 ha·
1111 2865 1117 2888 ¹

7 2945 59 2989 icat
72 2944 102 2989 et
115 2935 192 2990 alias
206 2941 317 3006 partes,
331 2933 388 2988 alia
401 2933 535 3005 quaestio
549 2940 607 2988 est:
631 2949 709 2994 nunc
718 2939 839 3006 propter
852 2931 1026 2988 divisionem

7 3016 155 3088 fanonis,
182 3025 213 3071 et
228 3016 370 3072 urbanam
385 3024 415 3071 et
427 3011 599 3074 theatricam
612 3013 788 3092 theologiam
801 3014 941 3072 adunam
954 3017 1026 3071 civi-
1071 3023 1072 3028 ’
1108 3035 1124 3052 ·‘

7 3120 48 3156 em
60 3102 226 3175 pertinere,
240 3100 324 3169 satis,
336 3107 369 3153 ut
382 3099 497 3171 opinor,
508 3097 635 3154 ostendi.
650 3097 744 3169 Vnde,
765 3100 832 3173 quia
845 3107 916 3156 sunt
928 3098 1028 3154 ambae

10 3186 97 3240 imilis
111 3182 321 3257 turpitudinis,
334 3179 533 3251 absurditatis,
548 3180 746 3258 indignitatis,
759 3182 908 3251 falsitatis,
922 3180 1028 3236 absita
1071 3209 1073 3214 ·
1151 3157 1155 3162 Ι

7 3270 64 3323 iris
77 3267 244 3345 religiosis,
258 3273 292 3321 ut
304 3267 366 3320 sivo
380 3264 414 3319 ab
427 3261 492 3334 hac,
507 3265 569 3320 siae
578 3265 672 3320 abillo
681 3267 743 3322 vita
754 3273 888 3338 speretur
897 3272 1026 3322 aeterna.

55 3350 218 3424 .l)enique
236 3357 267 3402 et
284 3346 455 3419 ipsevarro
476 3365 701 3405 commemorare
721 3359 750 3405 ct
767 3364 938 3406 enumerare
957 3345 1027 3402 deos

7 3436 90 3509 eoepit
103 3453 122 3489 a
136 3432 336 3506 conceptione
349 3428 487 3500 hominis,
510 3449 635 3505 quorum
648 3449 803 3502 numerum
816 3447 939 3485 exorsus
952 3440 998 3484 est
1010 3450 1028 3485 a

7 3532 78 3587 ιιιο;
91 3533 220 3590 eamque
233 3514 340 3568 seriem
350 3510 488 3587 perduxit
500 3529 595 3588 usque·
605 3513 642 3569 ad
655 3513 795 3588 decrepiti
808 3511 935 3582 hominis
947 3531 1026 3572 mor-

7 3619 60 3670 em,
74 3609 105 3655 et
120 3598 195 3654 deos
209 3595 249 3656 ad
262 3597 356 3668 ipsum
368 3594 514 3652 honsinem
525 3597 706 3674 pertinentes
720 3596 825 3654 clausit
838 3594 875 3650 ad
885 3593 1028 3654 Naeuium

7 3683 83 3753 leam,
109 3699 188 3757 quae
203 3679 238 3734 in
253 3677 402 3734 funeribus
421 3695 523 3738 senum
542 3688 691 3738 cantatur:
717 3677 823 3736 deinde
841 3680 937 3752 coepit
956 3679 1026 3740 deos

7 3765 63 3820 ilios
76 3761 263 3827 ostendere,
282 3763 333 3834 qui
344 3761 535 3834 pertinerent,
561 3780 622 3818 non
637 3763 673 3818 ad
687 3763 782 3837 ipsum
794 3759 956 3835 homiuem,
976 3764 1028 3820 sed

7 3845 29 3902 od
42 3865 73 3902 ea
86 3865 164 3924 quae
178 3849 260 3900 sunt
271 3838 416 3920 ιιιιιιιιιιιιἸ
436 3845 521 3902 sicuti
535 3853 580 3902 cst
592 3844 708 3918 victus„
729 3846 870 3922 vestitus,
897 3855 928 3906 et
940 3865 1031 3927 quao-
