2340 4312
128 225 174 281 ,ιι
339 197 946 314 ἰιιιιιιιιιιιιιιιιειιιιι

132 372 306 449 mysterium
326 369 558 427 sacratissimum
575 368 651 445 quod
668 362 829 446 agebatur,
852 377 883 424 et
898 377 996 424 tantm
1013 367 1052 424 rei
1062 367 1122 445 ligura

63 519 68 528 Ι
135 459 227 512 etiam
240 458 269 511 in
283 456 409 510 veritate
423 453 494 509 iacti
508 455 593 508 aliter
606 470 666 507 non
680 462 780 525 posset
798 453 931 527 impleri,
958 453 1012 507 nisi
1023 461 1051 506 ut
1062 453 1122 506 omit
1142 464 1143 467 ’

133 541 176 596 ibi
190 549 271 595 certo
285 539 335 593 illo
354 554 475 592 numero
494 545 609 606 essent,
636 537 826 609 quaesivere
841 537 874 590 in
888 536 971 609 aquis
984 529 1122 607 naturapro
1142 534 1159 543 ’Ἰ

134 619 254 678 bibente
268 640 328 678 non
341 628 478 695 possent,
493 619 624 674 nonfuit
637 622 694 675 iste
707 637 777 674 eura
790 621 873 674 illius
887 617 1027 689 hominis,
1038 617 1128 680 velilb·¹
1169 684 1170 691 ι

55 732 58 738 ·
134 721 201 762 rum
214 703 381 775 hominum,
408 701 459 757 scd
472 702 581 758 divina.
624 700 691 757 Non
706 703 785 757 enim
798 719 832 756 ea
847 700 912 758 Noe
927 711 1010 774 capta
1022 701 1123 756 intrauit·
1145 698 1170 717 ‘¹

107 807 109 814 ’
135 788 232 859 tebet,
247 785 299 842 red
311 787 463 842 venientia
476 794 506 840 ct
518 785 661 840 intrantia
672 785 868 858 permittebat.
902 785 949 840 Ad
961 783 1014 841 hoc
1028 780 1145 840 enisum

134 869 177 926 let
199 869 275 944 quod
299 869 408 924 dictum
431 877 493 939 est,
520 863 681 923 Intrabunt
700 869 743 924 od
755 877 807 924 tc:
834 886 895 924 non
916 869 1028 923 scilicet
1042 784 1170 945 bouins!

56 951 58 956 ’
135 963 220 1024 actu,
233 951 286 1007 sed
301 950 359 1006 Dei
372 960 462 1016 nutu:
484 953 526 1006 ito
540 967 628 1020 sane,
642 959 675 1004 ut
688 969 748 1007 non
761 951 822 1005 illic
838 950 933 1006 luisse
947 950 1077 1006 credenda
1085 951 1123 1016 ιιιι,
1145 956 1151 963 '
1165 959 1170 962 ⁴

64 1033 73 1055 ·’
136 1053 212 1108 quac
237 1053 311 1090 sexu
339 1043 450 1090 carent.
494 1032 710 1107 Praescriptum
733 1043 778 1088 est
795 1035 885 1103 enim,
909 1043 998 1107 atque
1011 1033 1123 1098 delinitur,

135 1116 289 1174 Masculus
309 1126 339 1172 ct
349 1116 471 1186 femiae
491 1124 586 1172 crunt.
629 1115 695 1170 Alia
707 1127 778 1172 sunt
791 1117 899 1190 quippe
914 1133 989 1191 quac
1005 1115 1037 1170 de
1048 1113 1124 1189 quibus·

131 1216 193 1274 que
207 1201 294 1256 rebus
308 1201 373 1255 sine
387 1199 545 1254 concubitu
558 1199 599 1254 ita
612 1208 790 1269 nascuntur,
818 1209 852 1254 ut
863 1209 968 1272 postca
982 1196 1126 1254 concumbat

137 1291 168 1337 et
185 1291 343 1359 generent,
370 1283 448 1338 sieut
465 1298 597 1338 muscae:
626 1282 683 1336 alia
696 1299 765 1337 vero
784 1283 816 1336 in
830 1277 936 1356 quibus
949 1280 1022 1338 'nihil
1035 1278 1126 1337 sitmrit

137 1366 186 1421 vel
199 1365 341 1436 feminac,
368 1366 448 1421 sicut
461 1383 538 1438 apes.
581 1363 627 1420 Ea
638 1381 726 1438 porro
741 1381 816 1440 quae
830 1365 874 1420 sic
887 1363 998 1420 habent
1010 1365 1130 1431 semmai

137 1465 199 1506 non
211 1447 338 1504 habeant
350 1447 472 1518 foetum,
487 1449 563 1502 sicut
575 1449 646 1502 muli
660 1456 690 1501 et
701 1448 812 1517 mulae,
836 1449 945 1503 mirum
958 1448 983 1503 si
996 1449 1034 1505 ibi
1044 1446 1128 1508 menn

137 1549 174 1587 ee
188 1551 249 1588 non
261 1534 357 1606 potius
371 1540 508 1606 parentes
521 1548 621 1586 corum
635 1529 675 1586 ibi
688 1529 781 1586 fuisse
794 1527 963 1606 suffecerit,
984 1524 1127 1605 equinmrl·
1169 1518 1170 1521 ¹

90 1639 91 1646 ι
140 1615 247 1672 delicet
263 1623 351 1689 atque
370 1615 519 1670 asininum
537 1631 646 1691 genus:
660 1623 702 1669 ·et
714 1614 741 1668 si
755 1631 812 1688 qua
825 1615 884 1668 alia
897 1622 983 1684 sunt,
1010 1631 1074 1688 quac
1084 1627 1131 1666 cor·

138 1701 285 1755 mixtione
299 1697 407 1754 diversi
421 1698 546 1775 generis
550 1715 644 1773 genus
656 1696 772 1774 aliquod
782 1697 922 1773 gignunt.
968 1695 1058 1752 Sed
1038 1715 1060 1752 si
1071 1691 1170 1774 etlat¹
1146 1712 1170 1767 Ι

139 1781 177 1838 ad
191 1783 362 1858 mysterium
375 1781 556 1854 pertinebat,
575 1780 616 1834 ibi
630 1789 726 1836 erant
768 1777 866 1835 Habet
880 1781 961 1837 enim
975 1790 1004 1836 et
1015 1778 1064 1846 hoc
1074 1772 1170 1871 ιιιιιξ

139 1867 299 1922 masculam
312 1874 342 1920 et
355 1864 501 1919 feminam.
652 1891 655 1912 ι

204 1947 289 2005 Solet
308 1950 396 2003 etiam
413 1965 531 2003 movere
551 1947 725 2016 nonnullos,
747 1963 859 2045 genera
879 1964 1013 2004 escarum
1030 1880 1170 2021 quesibi!

69 2091 70 2094 ,
139 2029 247 2088 habere
260 2040 396 2106 poterant
409 2031 565 2102 animalia,
591 2048 666 2104 quae
679 2048 739 2086 non
755 2031 813 2085 nisi
824 2042 923 2086 carue
937 2050 1016 2087 veser
1008 2032 1170 2104 ἰιιιιιιιιιῃ

139 2125 240 2170 utrum
252 2122 370 2188 praeter
380 2133 532 2169 numerum
546 2115 587 2170 ibi
596 2114 742 2170 fuerint
719 2131 782 2169 sinc
792 2116 1030 2192 transgressione
1038 2105 1134 2190 mandri,
1148 2128 1170 2187 Ι

141 2213 217 2272 quac
230 2199 354 2252 aliorum
373 2196 544 2253 alendorum
565 2199 725 2253 necessitas
744 2198 806 2252 illic
825 2200 976 2275 coegisset
994 2193 1096 2252 includi:
1112 2201 1170 2261 ιιι

141 2285 230 2348 vero,
256 2278 332 2353 quod
345 2281 441 2353 potius
456 2290 501 2336 est
514 2279 704 2353 credendum,
730 2275 847 2355 praeter
868 2298 990 2352 carnes,
1017 2271 1170 2352 eliquati]

142 2371 243 2418 menta
259 2379 326 2418 csse
342 2364 510 2438 potuerint,
537 2381 611 2448 quae
634 2365 768 2420 omnibus
792 2357 997 2422 convenirent.
1037 2360 1170 2424 Naaman

66 2497 74 2512 ¹„
143 2463 222 2500 enirn
236 2446 427 2522 quammulta
440 2448 594 2517 animalia,
610 2448 725 2521 quibus
727 2466 794 2502 earo
809 2448 893 2502 erbas
907 2457 954 2503 est
960 2444 1071 2523 ,frugib
1073 2453 1170 2513 ιιιιΙ

142 2531 257 2626 misqnc
269 2539 442 2600 vescantur,
463 2539 492 2584 et
505 2533 631 2585 maxime
645 2530 701 2586 lico
715 2540 801 2605 atque
816 2534 975 2587 castaneis
1018 2525 1083 2596 Quid
1093 2535 1133 2596 ιιιι
1159 2539 1170 2589 Ι

142 2614 265 2681 ιιιίιιιιιι,
280 2615 306 2666 si
318 2632 337 2668 ι
340 2613 364 2667 ir
377 2615 435 2668 ille
441 2615 557 2686 sapiens
573 2623 602 2668 ct
614 2615 723 2683 iustus,
743 2614 831 2668 etiam
845 2612 989 2670 divinitus
1003 2610 1138 2672 admonius,
1157 2618 1170 2670 ι

141 2693 213 2776 quid
227 2697 332 2769 cuique
346 2677 537 2772 congrueret,
557 2697 620 2751 sinc
634 2695 768 2752 carnibus
783 2706 881 2770 aptam
895 2700 1001 2772 cuique
1012 2711 1097 2775 geuerl
1092 2685 1135 2742 ill·
1160 2684 1170 2755 l

121 2781 123 2786 “
143 2781 274 2835 moniam
286 2779 473 2853 praeparavit
486 2788 516 2834 ct
529 2775 716 2835 recondidit?
742 2779 872 2854 quidest
884 2790 999 2853 autem,
1025 2798 1074 2854 quo
1089 2765 1142 2830 ιιιιι
1161 2782 1170 2837 l

42 2936 44 2942 Ι
144 2881 206 2918 non
224 2871 344 2939 cogeret
362 2857 472 2916 famesl
499 2872 551 2917 aut
558 2863 632 2959 'quid
646 2881 706 2918 non
720 2881 810 2918 suave
824 2880 859 2917 ac
873 2865 990 2919 salubre
1004 2865 1144 2931 funerepus,
1163 2850 1170 2931 l

145 2956 191 3002 set
202 2945 364 3018 Deus‚qur
377 2946 479 3012 etiam
493 2954 528 2999 ut
541 2963 605 3000 erne
619 2945 683 3000 cibo
696 2948 846 3016 viverent
861 2945 963 3002 drvma
976 2936 1136 3002 facmtateb
1165 2950 1170 3073 ι

144 3039 248 3098 naret,
275 3029 333 3083 nisi
350 3037 382 3082 ut
399 3037 589 3100 pascerentur
609 3030 698 3084 etiam
715 3027 770 3084 hoe
789 3029 956 3103 implendae
975 3030 1079 3108 figurae
1093 3015 1143 3077 bul

144 3113 279 3188 mysterii
294 3107 483 3167 conveniret?
507 3110 574 3166 Non
589 3109 687 3167 autem
702 3112 737 3166 ad
750 3112 1008 3189 praefigurandam
1020 3105 1138 3170 Ecclesia!
1168 3112 1170 3141 ι

144 3197 292 3271 pertinere
316 3203 376 3249 tam
397 3195 571 3268 multiplicia
595 3212 692 3249 rerum
712 3197 803 3292 signa·
817 3206 986 3272 gestarum,
1014 3197 1066 3252 nisi
1085 3183 1170 3245 ιἰιιιιι

147 3281 364 3348 contentiosae,
392 3295 476 3332 nemo
493 3279 673 3350 permittitur
692 3277 814 3351 opinari
858 3277 920 3334 lar'n
935 3283 1014 3336 enim
1026 3270 1139 3358 gonterii

145 3349 307 3418 Ecclesiam
319 3363 521 3435 repleverunt,
547 3361 705 3434 mundique
718 3370 753 3416 et
771 3361 929 3434 immundi,
957 3363 1046 3419 donec
1067 3363 1139 3416 ιιιιιι

145 3447 335 3519 perveniatur
350 3442 386 3498 ad
399 3444 503 3512 finem,
518 3446 560 3499 ita
573 3446 635 3499 eius
650 3446 772 3499 unitatis
784 3443 910 3518 quadam
924 3447 1086 3522 compagine
1097 3450 1139 3493 ιιι

146 3529 298 3599 tinentur,
312 3537 345 3583 ut
358 3545 395 3582 ex
407 3525 465 3582 hoc
473 3545 532 3582 uno
523 3527 798 3600 manifestissimo,
813 3529 902 3583 etiam
916 3528 952 3583 de
962 3529 1139 3594 caeteriaqw

148 3610 299 3666 obscurius
315 3613 462 3684 aliquanto
477 3610 554 3666 dicta
568 3621 646 3682 sunt,
662 3621 691 3666 ct
702 3610 848 3667 difficilius
859 3614 983 3689 agnosci
996 3617 1100 3688 queunt,
1109 3599 1140 3653 ιι

146 3690 235 3747 bitari
249 3693 293 3748 fas
307 3696 425 3749 nonsit
459 3696 541 3760 Quae
555 3713 621 3751 cum
635 3697 676 3750 ita
690 3696 764 3766 sint,
793 3696 819 3750 si
832 3714 889 3750 nec
904 3699 1030 3753 inaniter
1041 3696 1140 3776 ἱιιιιιι·

148 3775 258 3846 scripta
272 3795 336 3832 esse
349 3787 451 3851 putare
464 3751 776 3852 ‹pruisquam‘veldurus
789 3777 924 3851 audebit,
938 3799 994 3835 nec
1005 3763 1140 3846 nibilsigssl

148 3852 236 3910 licere
258 3877 321 3916 curn
342 3869 426 3935 gesta
446 3862 522 3934 sint,
547 3879 601 3917 nec
623 3865 687 3918 sola
706 3861 784 3919 dieta
806 3879 871 3919 esse
886 3863 1084 3944 significative,
1104 3860 1139 3906 na
