2362 4312
151 201 305 296 ,ια’χ
393 201 996 292 owrcmmm1numsmm

183 361 353 418 memoriam
366 356 477 416 fraudis
491 358 569 413 illius
584 355 767 414 Circensium
781 359 977 432 spectaculum
991 357 1117 427 mansit,
1144 365 1147 412 l

182 447 263 500 noris
278 445 420 500 tamenin
434 443 483 496 illa
497 442 616 497 civitate
632 451 662 496 ct
683 439 805 514 imperio
819 460 879 498 non
902 442 1011 514 placuit
1036 441 1147 516 exempl

140 593 142 602 χ
183 529 356 603 faciliusque
369 524 494 582 Romani
506 525 538 580 in
551 522 606 580 hoc
620 534 806 595 erraverunt,
834 534 867 579 ut
879 525 946 596 p'ost
970 525 1051 582 illam
1076 525 1147 600 iniqr

184 621 244 666 tem
258 610 354 667 Deum
368 609 422 665 sibi
436 606 590 664 Romulum
604 616 828 679 consecrarent,
843 625 930 682 quam
943 609 1021 664 utin
1035 607 1147 663 feminis

184 693 297 768 piendis
310 691 420 768 factum
434 693 496 746 cius
509 681 683 746 imitandum
694 692 760 768 lege
773 692 833 746 ulla
845 692 893 746 vel
905 685 986 745 nrorc
999 693 1147 764 permittet

102 769 103 772 ¹
184 774 311 832 Ex›hoc
336 769 400 830 iure
427 793 460 830 ao
484 775 562 830 bono
587 783 654 847 post
680 775 832 848 expulsum
846 765 1025 840 cumlib'cris
1038 777 1103 831 suis
1116 793 1147 829 re

184 859 392 936 Tarquinium,
420 858 501 913 cuius
515 856 594 912 filius
606 855 772 912 Lucretiam
786 867 886 931 stupro
899 858 1044 922 violenter
1062 876 1147 932 oppre

182 941 245 1015 rat,
271 940 372 998 lunius
387 939 495 996 Brutus
511 942 612 996 consul
625 939 746 996 Lucium
759 938 951 1016 Tarquinium
965 939 1144 997 Collatinum

35 1082 37 1090 s
100 1065 102 1069 -
178 1028 273 1083 iritum
287 1025 415 1080 eiusdem
429 1023 583 1079 Lucretiae
602 1023 744 1100 collegam
757 1042 856 1096 suum,
882 1024 990 1080 bonum
1015 1035 1103 1100 atque
1129 1027 1147 1079 ii

184 1119 300 1166 centem
311 1111 422 1179 virum,
435 1115 553 1181 propter
567 1124 673 1162 nomen
687 1117 717 1162 et
728 1108 974 1182 propinquitatem
987 1106 1147 1183 Tarquinio

185 1195 282 1270 coegit
295 1192 469 1269 magistratu
483 1205 515 1244 se
529 1189 680 1262 abdicare,
707 1208 763 1246 nec
776 1193 876 1247 vivere
894 1193 926 1246 in
940 1192 1059 1249 civitate
1071 1210 1147 1266 pern

55 1255 56 1258 Ἴ
110 1279 112 1283 ’
185 1275 269 1343 Quod
286 1277 389 1332 'scelus
416 1275 534 1329 favente
560 1274 608 1329 vel
631 1274 761 1347 patiente
774 1276 879 1348 populo
898 1274 984 1344 fecit,
1009 1293 1097 1351 aquo
1112 1295 1147 1350 po

185 1360 366 1416 consulatum
391 1358 468 1414 idem
482 1355 661 1428 Collatinus,
689 1358 765 1413 sicut
778 1360 865 1412 etiam
879 1359 941 1431 ipse
954 1357 1080 1431 Brutus,
1095 1378 1147 1415 acc

183 1451 238 1498 rat.
281 1433 328 1497 Ex
341 1439 396 1498 hoc
411 1443 475 1497 iure
489 1457 522 1495 ao
536 1439 612 1495 bono
626 1439 740 1496 Marcus
756 1439 894 1497 Camillus
912 1442 989 1496 illius
1008 1444 1147 1516 temporis

184 1527 338 1604 egregius,
366 1525 415 1601 qui
442 1513 598 1594 Veientes,
625 1525 815 1600 gravissimos
840 1522 940 1580 hostes
966 1527 1065 1600 populi
1091 1524 1147 1582 Ros

182 1618 249 1686 post
263 1606 422 1669 decennale
433 1607 556 1677 bellum,
575 1625 631 1683 quo
646 1605 794 1665 Romanus
810 1610 958 1664 exercitus
971 1611 1059 1674 toties
1072 1611 1147 1665 male

155 1695 156 1700 ’
183 1691 301 1771 gnando
320 1693 458 1770 ,graviter
482 1689 605 1745 afflictus
632 1701 697 1761 est,
723 1694 781 1746 iam
793 1693 857 1765 ipsa
870 1689 962 1747 Roma
976 1692 1011 1747 dc
1025 1693 1120 1748 salute
1134 1693 1147 1748 d

93 1847 97 1852 ,Ἰ
183 1786 265 1848 tante
279 1787 366 1850 atque
380 1774 561 1849 trepidante,
588 1773 726 1829 facillime
745 1777 914 1848 superavit,
938 1794 1096 1850 eorumque
1116 1795 1147 1832 ιιι

184 1857 433 1934 opulentissimam
459 1859 551 1930 cepit,
578 1857 689 1912 invidia
711 1857 937 1932 obtrectatorum
964 1861 1083 1924 virtutis
1104 1877 1147 1916 sut

62 1935 65 1942 ¹
114 1955 118 2012 ζ
183 1939 342 1999 insolentia
368 1941 552 1997 tribunorum
564 1939 655 2012 plebis
669 1958 737 1994 reus
750 1940 861 2012 factus,
890 1951 949 1998 tam
962 1944 1111 2020 ingratam
1124 1962 1147 1998 sc

74 2055 83 2078 ·,
183 2045 269 2101 quam
278 2025 454 2080 liberaverat
467 2021 634 2092 civitatem,
661 2032 694 2086 ut
708 2023 742 2078 dc
756 2042 808 2079 sua
821 2023 1006 2082 damnatione
1033 2028 1147 2082 certissi

90 2173 111 2188 y,
143 2145 156 2160 κ
182 2111 215 2164 in
241 2108 377 2174 exsilium
396 2113 500 2180 sponte
518 2104 697 2177 discederet,
724 2117 755 2163 et
768 2105 1005 2165 decem‘millibus
1020 2101 1097 2164 aeris
1112 2111 1147 2166 ab

91 2227 97 2239 ι
184 2193 272 2247 etiam
285 2190 487 2246 damnaremur:
512 2206 581 2244 mox
594 2190 701 2244 iterum
712 2207 730 2248 ,a
744 2190 837 2247 Gallis
849 2192 959 2248 vindex
972 2194 1084 2266 patriae
1099 2193 1147 2249 fut

181 2277 327 2351 ingratae.
359 2271 452 2330 Multa
465 2289 691 2329 commemorare
705 2274 763 2330 iam
774 2275 857 2351 piget
869 2275 954 2331 foeda
968 2286 997 2332 et
1010 2277 1138 2348 iniusta,

85 2399 87 2408 ,
106 2372 109 2380 ’
183 2359 235 2415 bus
254 2355 420 2434 agitabatur
445 2357 497 2411 illa
522 2356 642 2432 ciuitas,
669 2375 735 2418 cum
746 2368 882 2433 potentes
895 2360 1008 2433 plebem
1021 2359 1077 2414 sibi
1091 2361 1147 2432 sub

183 2449 377 2510 conarentur,
402 2440 541 2514 plebsque
553 2441 613 2506 illis
628 2441 711 2496 subdi
723 2452 892 2512 recusaret,
913 2452 943 2498 ct
956 2443 1110 2517 utriusque
1124 2463 1147 2518 pc

184 2523 355 2582 defensores
380 2525 474 2601 magis
501 2523 604 2579 studiis
630 2534 754 2601 agerent
773 2544 870 2583 amore
886 2526 1039 2596 vincendi,
1065 2543 1147 2601 quam

97 2675 99 2684 s
182 2627 270 2682 quum
282 2617 312 2664 et
324 2608 432 2664 bonum
446 2608 598 2682 quicquam
614 2609 788 2684 cogitarent.

534 2733 861 2814 onr.xvni

182 2857 257 2920 Quae
267 2856 298 2907 de
309 2853 426 2906 tactibus
437 2852 630 2917 Romanorum,
651 2864 701 2906 aut
719 2863 792 2908 tactu
812 2833 976 2924 compressis,
996 2866 1046 2910 aut
1065 2874 1147 2912 secar

320 2937 322 2940 ·
432 2924 568 2987 resolutis,
592 2923 717 2976 Sallustii
724 2925 827 2991 prodat
837 2925 962 3008 historic,

230 3030 346 3105 ‚ltaque
366 3028 477 3088 habebo
490 3031 625 3102 modum,
652 3040 682 3086 et
695 3033 792 3104 ipsum
805 3031 978 3090 Sallustium
991 3044 1098 3092 testem
1110 3053 1147 3110 pc

181 3114 338 3184 adhibebo,
364 3116 416 3188 qui
430 3133 496 3170 curn
509 3116 541 3170 in
554 3113 640 3170 laude
654 3113 854 3173 Romanorum
868 3117 1008 3190 dixisset,
1034 3119 1115 3194 uqde
1129 3139 1147 3176 n

180 3202 238 3256 iste
253 3214 349 3254 sermo
362 3207 446 3254 ortus
461 3207 516 3268 est,
532 3195 604 3269 „lus
618 3198 869 3272 bonumqueapud
883 3219 933 3257 eos
947 3220 1008 3258 non
1022 3204 1138 3280 legibus

142 3341 144 3344 ,
184 3285 230 3360 gis
245 3300 332 3357 quam
345 3277 452 3336 natura
465 3281 613 3352 valebat,“
626 3281 800 3354 praedicans
814 3284 887 3340 illud
893 3295 1018 3358 tempus,
1034 3305 1092 3361 quo
1107 3305 1147 3360 cxj

181 3369 222 3424 sis
235 3361 355 3443 regibus
369 3363 581 3420 incredibiliter
596 3365 699 3421 civitas
711 3366 795 3422 brevi
814 3371 918 3424 aetatis
938 3371 1035 3441 spatio
1053 3371 1147 3442 plurin

182 3451 289 3506 crevit:
316 3447 394 3506 idein
416 3457 514 3503 tamen
540 3449 692 3522 inprime
718 3447 858 3506 historiae
872 3469 942 3506 suae
956 3452 1031 3507 libro
1045 3462 1138 3527 atquc

182 3533 245 3588 eius
272 3530 395 3588 exordio
421 3531 546 3601 latetur,
574 3533 662 3587 etiam
685 3542 757 3589 tunc
781 3553 847 3590 eum
860 3534 896 3589 ad
909 3535 1046 3590 consules
1060 3554 1146 3614 areg

180 3625 260 3669 esset
272 3615 609 3692 translatalrespubliea,
635 3627 703 3688 post
714 3633 837 3690 parvum
852 3617 1057 3688 intervallum,
1084 3621 1147 3676 iniu

178 3695 369 3768 validiorum,
397 3708 427 3754 ct
453 3699 489 3755 ob
511 3717 559 3754 eas
579 3698 790 3758 discessionem
802 3701 894 3776 plebis
909 3720 926 3756 a
939 3699 1095 3772 Patribus,
1122 3705 1147 3758 al

180 3797 237 3854 que
251 3781 282 3835 in
296 3781 367 3842 urbe
382 3779 582 3839 dissensiones
597 3781 699 3838 fuisse.
743 3782 819 3840 Nam
845 3804 911 3840 cum
937 3785 1053 3856 optimis
1078 3803 1145 3840 mor

178 3872 209 3922 et
233 3864 360 3940 maxima
387 3865 544 3924 concordia
570 3867 709 3942 populum
722 3864 886 3924 Romanum
912 3869 989 3924 inter
1004 3866 1147 3926 secundm
