2362 4312
258 251 317 310 DE
354 247 578 342 cii'lrarss
613 247 808 308 DElvlrlB.
844 247 865 306 l.
1044 257 1082 312 17

11 413 41 446 ω·
122 403 217 463 Rident
234 405 307 478 haee
333 407 395 476 illi,
430 411 536 460 contra
556 421 629 478 quoa
660 403 873 474 defendendam
889 399 1080 479 'suscepimus

11 496 41 530 ¹¹²
78 489 203 546 Civitatem
216 490 282 547 Dei.
330 487 542 544 Verumtamen
556 487 724 560 sepultarae
743 506 842 544 curam
864 488 953 542 ctiam
978 507 1079 548 eorum

76 572 206 648 philosophi
233 581 480 630 contemserunt:⁴
505 579 646 646 etusaepe
666 573 800 627 universi
822 573 989 643 exercitus,
1012 573 1079 630 dum

75 675 113 730 pro
124 668 227 714 terrena
241 659 340 732 patria
354 663 559 726 morerentur,
583 654 633 709 ubi
646 663 749 728 postea
769 657 919 726 iacerent,
945 657 995 734 pel
1013 659 1078 730 qui-

76 740 113 794 bua
123 741 209 796 bestiis
223 759 294 796 esea
307 740 430 810 fierent,
450 756 512 815 nou
524 748 713 795 curaverunt.
758 735 914 814 Licuitque
928 738 964 794 dc
979 737 1033 795 hac
1048 759 1079 795 re

11 844 40 877 ee
75 827 145 894 poetis
156 825 345 898 plausibiliter
360 823 474 879 dicere:
659 893 662 898 1

121 907 196 963 Coelo
209 910 340 986 tegitur,
365 909 418 982 qui
432 925 494 962 non
508 905 595 962 habet
613 925 727 964 urnam.

13 1003 39 1039 a
79 989 168 1055 Quanto
178 995 269 1048 miuus
284 992 399 1047 debent
412 990 448 1045 de
463 991 633 1064 corporibus
652 993 810 1065 insepultis
826 993 970 1070 insultare
991 990 1077 1049 Chri-

11 1087 38 1122 e·
78 1075 166 1147 etiams,
189 1077 294 1150 quibus
311 1085 345 1130 et
359 1077 454 1149 ipsius
470 1076 567 1130 carnis
582 1083 612 1128 et
625 1075 821 1153 membrorum
837 1077 967 1132 omnium
979 1075 1076 1130 reform

11 1152 38 1206 b
75 1160 139 1214 natio
151 1178 204 1216 non
219 1162 320 1215 solum
335 1168 488 1228 exterra,
503 1175 607 1214 verum
620 1159 709 1213 etiam
721 1177 758 1213 cx
774 1151 900 1216 aliorum
914 1159 1076 1214 elemento-

11 1233 38 1288 lo
74 1249 118 1296 ran
128 1245 321 1298 secretissimo
344 1243 434 1312 sinu,
458 1259 514 1315 quo
529 1233 640 1315 dilapsa
654 1241 797 1298 cadavera
815 1253 1020 1313 recesserunt,
1045 1245 1075 1299 in

11 1320 37 1370 ’ἰ-
75 1315 180 1398 tenpcris
205 1335 321 1400 puncto
340 1325 493 1382 reddenda
519 1333 549 1380 et
567 1312 796 1404 redintegranda
809 1319 1011 1400 premittitur?

11 1418 36 1452 '⁶
349 1467 351 1476 ’
414 1437 534 1534 cur.
581 1474 702 1534 x1r1.

11 1501 33 1536 s-
53 1531 54 1534 ,

11 1575 33 1619 ti
217 1573 298 1639 Qrtoe
309 1574 347 1625 eit
357 1572 434 1628 ratic
444 1567 598 1625 sauciorum
615 1585 728 1640 corpore
742 1573 893 1640 sepeliendi.
948 1615 953 1618 .

11 1668 31 1704 ¹²
116 1655 246 1721 Necideo¹
258 1674 362 1720 tamen
384 1662 606 1742 contemnenda·
627 1672 656 1717 et
676 1661 839 1718 abiicienda
860 1672 931 1718 sunt
951 1681 1076 1736 corpora

11 1751 29 1826 ἶ·
71 1740 480 1820 ieiuneturrim,⁶rnaxi1neque
504 1748 653 1804 iustorum
677 1755 766 1821 atque
791 1743 937 1815 fidelium,
971 1747 1076 1820 quibua

11 1837 26 1868 l·
69 1835 175 1904 osquam
190 1833 319 1909 organis
334 1841 365 1886 et
377 1832 458 1886 vasis
481 1829 630 1888 adomnia
650 1829 727 1886 bona
750 1846 841 1902 opera
865 1837 986 1887 sanctus
1004 1847 1076 1885 usus
1101 1893 1103 1898 ¹

11 1919 25 1940 ¹·
68 1921 97 1966 ut
106 1911 235 1986 Spiritus.
276 1913 313 1972 Si
327 1917 407 1970 enim
429 1923 553 2002 potepna
574 1915 668 1971 vestis
685 1922 722 1968 -ct
745 1913 885 1983 annulus,
911 1930 947 1968 co
962 1913 988 1967 si
1007 1912 1078 1986 quid

11 1995 24 2035 ³¹
67 1989 219 2069 huiusmodi,
247 2007 336 2056 tanto
359 1999 458 2054 carius
478 2007 525 2053 est
542 1998 687 2072 posteris,
715 2006 827 2072 quanto
845 2014 917 2074 erga
938 1997 1076 2070 parentes

12 2084 21 2118 ³
68 2082 135 2136 maior
158 2079 300 2151 affectus3
333 2079 530 2154 nullomodo
561 2084 625 2155 ipsa
635 2071 816 2154 “spernenda
842 2089 924 2136 sunt
940 2099 1076 2154 corpora,
1140 2143 1145 2160 x

13 2164 19 2216 ἑ
67 2178 118 2234 qaae
145 2167 247 2240 utiquc
277 2167 380 2221 multo
407 2165 582 2222 familiarius
610 2174 699 2239 atquc
733 2165 951 2236 coniunctius,
990 2165 1106 2239 quam*

11 2245 19 2285 f
67 2249 184 2317 quaelibet
202 2249 382 2306 indumenta
400 2257 561 2328 gestamus.
604 2247 688 2306 Haec
706 2249 785 2304 enim
803 2266 863 2304 non
881 2246 918 2302 ad
938 2259 1076 2306 ornatum
1125 2253 1133 2270 '

11 2337 16 2370 ¹
67 2331 100 2383 rel
109 2331 292 2404 adiutorium,
315 2332 395 2407 quod
408 2330 564 2388 adhibetur
578 2333 777 2403 extrinsecus,
801 2330 852 2387 scd
866 2331 904 2387 ad
915 2331 1010 2405 ipsam
1022 2351 1075 2390 ua·

11 2432 14 2441 ·
70 2413 275 2474 trumhominis
290 2417 455 2490 pertinent.
498 2414 582 2472 Vnde
596 2425 626 2473 et
649 2417 838 2489 antiquorum
863 2416 1010 2474 iustorum
1027 2415 1074 2473 su-

11 2515 14 2525 ·
72 2497 255 2557 ntraoffieiosa
268 2501 384 2574 pietate
399 2508 502 2556 curata
516 2497 603 2571 sunit,
630 2508 660 2556 et
682 2490 826 2574 orequiae
840 2500 1019 2572 celebratae,
1046 2511 1076 2557 et
1129 2509 1133 2522 '

11 2601 16 2610 ·
68 2583 190 2651 remitum
208 2586 351 2658 provisa:
378 2582 736 2658 ipsique‘dumriverent,
763 2582 798 2638 dc
813 2583 1010 2656 sepeliendis,
1026 2587 1083 2642 vel¹

11 2685 16 2694 ·
66 2664 130 2721 etiam
141 2667 360 2738 transferendis
373 2669 436 2725 suis
451 2669 624 2741 corporibus
637 2667 706 2724 filiis
720 2666 953 2740 mandaverunt,
968 2676 997 2724 ct
1012 2667 1073 2726 Το-

11 2755 17 2829 t
66 2743 108 2802 liu
131 2752 299 2823 sepeliendo
326 2761 463 2808 mortuos
490 2749 589 2808 Deum
613 2752 834 2824 promeruisse,
861 2760 938 2808 teste
959 2753 1074 2832 Angeia

11 2839 14 2869 '
66 2833 270 2892 conueniatur.
311 2833 384 2909 ¹lpse
410 2852 527 2913 quoque
551 2834 698 2892 Dominus
724 2833 772 2890 die
785 2835 874 2890 tertio
887 2849 1074 2895 resurrectu-

11 2943 13 2956 .
67 2928 109 2984 ror,
131 2919 291 2995 religiosae
316 2920 450 2974 mulieris
477 2919 588 2976 bouum
608 2937 684 2992 opus
711 2918 874 2994 praedicat,
900 2921 1075 2994 praedican-

11 3015 14 3024 .
68 2992 386 3074 dunqueoommendat,
414 2993 492 3078 quod
503 3012 693 3081 unguentum
705 3004 872 3090 preciosum
885 3023 973 3078 super
984 3025 1074 3062 mom-
1112 3060 1117 3070 ,

11 3111 13 3118 =
68 3075 167 3140 ineius
185 3083 345 3156 effuderit,
369 3096 457 3162 atquc
470 3084 529 3142 hoe
543 3086 580 3142 ad
594 3085 877 3162 eumfscpclicndum
890 3088 1004 3144 iecerit.
1035 3088 1075 3145 Et

11 3169 13 3196 ³
69 3159 225 3224 litldabiliter
239 3179 510 3240 commemorentur
523 3171 554 3227 in
567 3169 749 3248 Evangelio,
776 3171 827 3247 qui
841 3189 946 3246 corpus
961 3175 1024 3227 cius
1039 3172 1082 3229 de.

50 3287 51 3292 ,
71 3260 133 3306 eruce
144 3262 302 3326 acceptum
320 3245 480 3332 diligenter
491 3255 493 3258 ’
505 3263 593 3330 atque
618 3253 781 3310 honorilice
807 3255 964 3332 tegendum
990 3273 1073 3329 sepc-

71 3325 228 3412 liendumque
243 3346 399 3393 curarunt.
443 3336 554 3394 Verum
567 3340 642 3394 istae
661 3341 853 3394 auctoritates
873 3359 933 3396 uon
952 3337 1008 3393 hoe
1023 3339 1074 3394 ad·
1099 3371 1100 3374 =

11 3429 12 3444 ³
69 3426 171 3489 nerent,
197 3420 366 3496 qnod'iusit
379 3423 456 3477 ullus
471 3420 662 3478 cadaveribus
676 3439 796 3494 seusus,
820 3423 872 3478 sod
885 3422 921 3478 ad
935 3421 992 3478 Dei
1004 3439 1072 3494 pro-

11 3519 12 3522 *
70 3493 211 3573 ridentiam,
237 3506 289 3560 eui
316 3505 435 3577 placent
461 3505 549 3561 ctiam
574 3507 645 3561 talia
670 3507 788 3578 pietatis
813 3505 923 3576 officia,
951 3523 1080 3578 corpora

11 3601 12 3606 ¹
70 3591 362 3666 ltaqucmortuorum
387 3589 537 3661 pertinere
563 3589 750 3666 significant,
775 3598 896 3662 propter
920 3587 1004 3644 iidem
1023 3609 1073 3646 rc·

11 3683 12 3688 ’
71 3671 236 3726 ⁸11uectionis
264 3665 484 3728 adstruendam.
533 3669 590 3728 Vbi
616 3683 646 3728 et
670 3673 743 3730 illud
769 3673 925 3728 salubriter
939 3671 1073 3744 discitur,

45 3747 49 3820 i
74 3753 155 3832 litata
166 3755 263 3824 possit
277 3767 346 3808 esse
359 3756 556 3811 remuneratio
578 3763 632 3829 pr'o
648 3757 855 3830 elecmosynis,
883 3773 955 3829 quas
969 3755 1074 3813 vireu-
1089 3747 1092 3750 ¹

11 3849 13 3856 ’
76 3821 130 3914 lilla
141 3831 378 3893 etsentientibus
393 3837 578 3910 exhibemus,
605 3839 740 3911 sineque
754 3837 810 3894 hoc
823 3838 900 3912 apud
913 3837 1014 3894 Deum.
1023 3855 1074 3908 pe-

78 3913 116 3975 nt,
134 3917 203 3987 quod
216 3920 365 3982 exanimis
388 3917 540 3980 bominum
565 3919 702 3978 membris
730 3913 830 3978 officii*
845 3913 1075 3998 diligentiaeque

799 4005 824 4066 B

826 4059 832 4086 l
854 4085 855 4090 ,
