2310 4306
142 191 239 278 {DE
258 195 483 256 ClVl'lATE
505 196 689 256 DElLlB.
711 197 808 258 xlx.
849 287 861 292 „
948 205 1011 275 249

26 347 78 424 et',
101 350 151 414 sed
164 369 182 406 a
196 367 254 426 qno
272 359 372 425 posset
391 349 526 426 quicquid
539 351 643 421 vellet,
668 350 825 424 etquando
839 361 955 425 posset,
979 362 1010 410 et

27 445 119 492 ιιιιιιιι
132 434 222 490 vellet
234 434 377 489 auferret:
403 443 501 520 tamen
519 435 550 488 in
569 434 632 507 ipsa
649 450 702 502 sua
714 434 851 506 spelunca
865 436 1007 506 solitaria,
1050 469 1054 480 a
1082 451 1099 513 χ
1124 421 1127 428 ’

26 534 75 589 rs,
87 527 119 572 ut
131 515 314 594 describitur,
329 534 442 590 semper
452 517 562 578 recenti
574 515 661 572 caede
674 514 792 588 tepebat
803 514 921 588 humus:
934 516 1008 573 nihil
1043 577 1045 586 χ
1108 561 1111 576 ,

26 599 61 654 d
73 617 157 674 quam
163 611 270 674 pacem
284 598 414 668 nolebat,
429 599 461 653 in
474 615 532 672 qua
546 616 630 654 nemo
643 599 688 670 illi
699 599 837 655 molestus
850 609 939 670 essct,
953 618 1008 655 nec
1071 655 1076 670 ,

26 698 33 732 ι
59 680 181 756 quietem
194 682 240 744 ιιι
253 681 343 750 ullius
356 675 489 740 terrorve
502 677 643 738 turbaret.
670 679 743 736 Cum
757 698 878 754 corpore
891 699 944 736 suo
958 681 1008 737 de·
1022 709 1027 722 ν

26 779 179 838 crepacem
191 762 298 819 habere
311 762 459 835 cupiebat:
481 770 511 818 et
522 770 663 836 quantum
674 760 812 833 babebat,
837 772 950 820 tantum
964 765 1008 819 illi

26 863 57 900 e
69 855 138 902 crat.
158 845 296 912 ·Quando
313 844 431 920 quidem
448 843 584 904 membris
605 843 869 918 obtemperantibus
884 847 1007 918 impera·
1056 827 1063 858 'f

26 942 33 980 :
69 939 96 985 et
111 937 145 985 ut
154 946 244 984 ,suam
256 928 464 984 mortalitatem
475 927 628 984 adversum
641 945 673 982 se
686 945 724 982 cx
736 926 900 1004 indigentia
913 929 1007 984 rebel·
1022 967 1028 982 s
1047 969 1048 972 ,

26 1017 102 1081 tem,
125 1029 160 1067 ac
179 1009 354 1067 seditionem
373 1010 458 1068 famis
475 1009 512 1066 ad
525 1008 738 1080 dissociandam
750 1015 840 1085 atque
850 1010 1006 1068 excluden-
1050 1033 1057 1045 ·

26 1107 45 1147 ι
60 1093 92 1149 de
105 1111 226 1168 corpore
239 1094 367 1150 animam
378 1093 589 1164 concitantem,
610 1101 717 1166 quanta
728 1102 830 1167 posset
841 1093 1006 1151 festinatio-

26 1185 157 1247 pacaret,
170 1175 312 1251 rapiebat,
326 1173 610 1248 necabat5vorabst3
637 1173 958 1251 etquamvi'simmanis
973 1194 1007 1231 ac

26 1272 77 1330 ιι,
100 1260 165 1333 paci
182 1268 288 1316 tamon·
303 1259 469 1316 austeritas
482 1275 516 1314 ac
529 1258 630 1316 salutis
649 1258 815 1313 immaniter
829 1268 858 1314 et
869 1259 1007 1315 ferociter
1048 1251 1051 1260 ¹

26 1342 165 1399 ¹solebat:
192 1360 235 1402 ac,
240 1359 294 1416 per
305 1339 361 1396 boc
373 1341 398 1396 si
410 1359 528 1414 pacem,
553 1341 686 1415 quomis
699 1357 753 1396 suo
766 1341 905 1414 spelunca
918 1351 1007 1415 atque
1065 1379 1066 1382 =

26 1436 62 1480 se
78 1425 142 1497 ipso
162 1423 269 1488 habere
288 1425 359 1480 satis
378 1421 499 1500 agebat,
523 1441 589 1480 cum
607 1423 673 1478 aliis
688 1423 775 1480 etiam
788 1421 895 1480 habere
907 1425 1007 1494 vellet,
1082 1425 1083 1428 ’

46 1509 148 1578 malus,
162 1525 218 1562 nec
230 1514 404 1577 monstrum,
417 1523 472 1562 nec
485 1503 644 1562 semihomo
658 1513 820 1562 vocaretur.
854 1506 929 1561 At·
905 1525 932 1574 ιι
945 1508 1007 1562 eius
1025 1507 1031 1516 ’
1045 1511 1048 1578 j

26 1592 108 1660 poris
121 1589 226 1662 forma,
239 1597 270 1644 et
279 1597 409 1644 atrorum
419 1588 536 1666 ignium
542 1588 670 1645 vomitus
682 1585 717 1644 ab
732 1606 766 1648 eo
779 1587 943 1644 deterrebat
954 1587 1007 1643 ho-

25 1689 88 1728 rum
100 1674 287 1743 societatem3
313 1672 390 1728 forte
403 1679 464 1728 ιιοιι
481 1669 606 1727 nocendi
626 1667 802 1742 cupiditate,
826 1669 876 1726 sed
888 1670 1009 1727 visendi

26 1757 152 1811 emitote
165 1753 321 1812 saeviebat.
329 1752 460 1823 Verum'
451 1763 507 1816 rste
519 1773 579 1809 non
591 1753 692 1824 fuerit,
705 1741 936 1849 volquodmagis
944 1771 1007 1808 cre·
1039 1793 1042 1799 -

26 1829 103 1894 dum
118 1847 179 1926 est,
202 1838 269 1894 talis
283 1855 343 1893 non
357 1837 465 1908 fuerit,
489 1837 583 1910 qualis
598 1837 728 1892 vanitate
739 1836 854 1910 politica
865 1831 1008 1891 describi-

26 1920 119 1978 Nisi
133 1921 210 1976 enim
223 1920 309 1976 nimis
323 1929 508 1975 accusaretur
520 1917 624 1990 Cacus,
636 1936 739 1994 parum
752 1917 894 1974 Hercules
908 1917 1008 1975 lauda-

26 2019 66 2060 ιι.
91 2002 173 2059 Talis
186 2021 258 2100 ergo
268 2000 403 2073 bomo,
379 2021 442 2059 sive
457 1997 630 2068 semihomo,
649 2002 765 2072 melius,
779 2009 813 2056 ut
825 2001 898 2072 dixi,
913 1999 1008 2056 credi·
1084 2015 1089 2030 ·

32 2105 98 2143 non
111 2086 220 2143 fuisse:
234 2087 310 2142 sicut
321 2087 413 2141 multa
412 2085 565 2165 figmenta
576 2089 736 2181 poetarum.
757 2083 839 2158 Ipsae
853 2085 930 2139 enim
945 2101 1009 2139 sac-

26 2171 113 2226 simae
127 2169 218 2240 ferae,
229 2167 309 2223 unde
322 2169 372 2223 ille
384 2157 521 2240 partem
509 2165 611 2224 habuit
623 2159 766 2238 feritatis,
781 2161 863 2246 (nam
876 2177 906 2223 ct
920 2167 1043 2226 semi-1

26 2269 56 2308 ιι
70 2253 165 2308 dictus
179 2246 247 2328 esa)
261 2265 354 2330 genus
366 2252 517 2324 proprium
531 2250 651 2332 quadam
663 2269 735 2325 pace
748 2249 926 2321 custodiunt,
940 2254 1007 2307 coii-

26 2330 69 2404 lo,
94 2333 261 2412 gignendo,
283 2330 440 2408 pariendo,
464 2333 561 2388 foetus
583 2332 708 2390 fovendo
732 2341 819 2408 atque
839 2333 1006 2405 nutriendo,

26 2420 123 2474 caint
139 2418 294 2514 pleraeque
311 2415 500 2474 insociabiles
521 2423 550 2470 et
570 2416 733 2493 solivagae:
755 2435 815 2472 non
839 2417 952 2472 scilicet
975 2428 1008 2472 ut

26 2519 58 2572 a,
74 2501 166 2586 cervi,
178 2498 338 2569 columbae,
352 2497 459 2594 sturni,
474 2513 554 2570 apes,
568 2495 620 2552 sed
633 2507 666 2552 ut
677 2499 788 2568 leones,
797 2485 910 2588 vulpes,
924 2501 1006 2574 aqui·
1022 2523 1029 2530 ·
1063 2543 1065 2546 .

26 2621 32 2648 ‚
47 2581 182 2639 noctuae.
218 2584 301 2647 Quae
315 2582 393 2644 enim
407 2581 493 2656 tigris
506 2597 566 2638 oon
579 2579 649 2634 liliis
663 2580 723 2634 suis
737 2579 954 2658 immurmurat,
965 2591 1008 2640 zet

26 2675 81 2722 urta
93 2665 212 2732 feritate
223 2658 390 2722 blanditur?
413 2663 484 2728 Quis
497 2662 616 2758 milvus,
634 2661 845 2736 quantumlibet
857 2649 1006 2720 solitarius

26 2749 87 2804 inis
102 2748 306 2817 circumvolet,
330 2765 389 2801 non
408 2745 577 2821 coniugium
591 2745 725 2820 copulat,
747 2743 848 2802 nidum
862 2731 1006 2842 congerit,
1078 2739 1084 2760 “

26 2849 34 2884 ι
46 2831 195 2900 confovet,
217 2831 310 2904 pullos
324 2829 387 2899 alit,
397 2835 431 2883 et
444 2828 527 2902 quasi
540 2845 605 2884 cum
618 2845 670 2882 sua
682 2825 898 2882 matrefamilias
912 2830 1006 2883 socic-

26 2931 67 2970 cm
80 2912 267 2969 domesticam
282 2909 390 2985 quanta
401 2919 500 2984 potest
512 2927 584 2983 pace
598 2904 770 2966 conservati
785 2910 899 2975 eranto
912 2911 1007 2991 plagis
1077 2963 1079 2968 .

26 3014 63 3052 no
81 2996 176 3052 fertur
193 2981 317 3076 quodam
337 2993 422 3054 modo
441 3001 562 3054 naturae
581 3009 652 3048 suae
669 2993 781 3069 legibus
801 2990 837 3046 ad
851 2988 1007 3048 ineundam
1056 3009 1073 3070 Ι·
1101 3041 1103 3046 ,

26 3081 146 3136 ietatem
169 3095 326 3152 pacemque
346 3093 413 3132 cnm
436 3067 617 3146 hominibus,
643 3083 789 3150 quantum
809 3075 840 3130 in
862 3076 925 3148 ipso
952 3085 1007 3144 est,

26 3163 110 3238 nibus
125 3159 327 3229 obtinendum3
346 3176 413 3214 cum
425 3160 512 3214 etiam
525 3159 596 3212 mali
607 3176 659 3232 pro
671 3176 744 3232 pace
755 3159 874 3213 suorum
886 3157 1007 3233 bellige-

26 3253 54 3316 ιι,
69 3261 239 3318 omnesque,
253 3243 279 3297 si
292 3242 422 3314 possint,
436 3259 504 3296 suos
518 3240 616 3295 facero
628 3241 735 3310 velint,
759 3248 790 3295 ut
803 3241 854 3294 uni
868 3241 965 3294 cuncti
979 3248 1009 3294 et

26 3337 85 3384 scta
98 3325 280 3394 deserviaut3
303 3341 361 3397 quo
375 3332 471 3395 pacto,
487 3323 556 3390 nisi,
569 3323 601 3378 in
615 3324 677 3378 eius
689 3339 800 3395 pacem,
814 3323 861 3376 vel
874 3320 1008 3394 amando,
1081 3341 1098 3346 ff

37 3408 169 3466 timendo
183 3401 390 3470 consentiant?
426 3403 477 3462 Sic
491 3405 569 3461 enim
582 3404 715 3478 superbia
727 3421 863 3478 perverse
877 3405 1009 3480 imitatur

26 3489 189 3548 nrm0dit
201 3506 323 3585 namque
338 3506 404 3542 cum
417 3489 504 3543 sociis
518 3487 722 3566 aequalitatem
735 3485 787 3542 sub
802 3485 1008 3542 illo:scdm1-

26 3593 88 3632 rere
106 3575 171 3630 vult
190 3573 277 3627 sociis
291 3569 518 3626 dominationem
534 3587 624 3624 suam
628 3586 682 3642 pro
695 3569 755 3624 illo.
791 3567 890 3625 Odit
875 3586 946 3646 ergo
960 3568 1007 3626 iu·

26 3679 51 3715 m
64 3674 167 3732 pacem
181 3652 255 3724 Dei,
273 3661 304 3708 et
317 3661 394 3708 amat
407 3653 536 3726 iniquam
548 3669 647 3726 pacem
661 3669 751 3705 stram.
774 3648 950 3706 Nonamare
963 3659 1007 3728 ιι-

26 3761 43 3800 ιι
57 3742 289 3815 qualemcunque
302 3752 402 3810 pacem
414 3735 494 3790 nullo
503 3734 588 3790 ruodo
599 3741 704 3808 potest.
718 3732 839 3790 Nullum
850 3721 954 3810 quippe
964 3735 1027 3792 ιι-
