2340 4320
428 13 434 30 t

224 235 283 294 nn
305 231 529 312 ervrrarn
550 235 632 296 cnr
654 233 736 304 nra.
758 233 792 292 v.
851 269 906 340 ff
973 219 1030 298 nn
1108 210 1115 334 ¹,

4 399 144 448 :tumen
159 399 192 446 et
206 381 267 445 alia
279 405 370 445 eausa
388 407 456 444 erse
474 389 631 459 latentior,
656 397 776 463 propter
797 386 913 444 diversa
931 392 1034 448 merita

4 477 105 556 generis
118 474 263 544 hannani,
286 472 351 529 Deo
364 473 461 549 magis
479 482 548 527 nota
562 491 649 546 quarn
667 473 765 570 nobis,
791 469 859 527 dum
878 472 952 528 illud
963 491 1033 528 con-

4 565 48 616 Μ
59 561 137 614 inter
150 575 257 614 onmes
271 557 420 612 veraciter
430 557 510 629 pios,
534 557 681 611 neminem
694 557 759 610 sine
773 573 843 611 vera
857 556 981 629 pietate,
1003 555 1035 611 id

4 653 51 713 eet,
61 645 124 697 reri
137 641 198 698 Dei
211 658 286 697 vero
302 641 383 695 cultu
397 657 499 695 veram
512 657 597 712 posse
608 637 714 694 babere
724 639 876 709 virtutem,
900 657 956 694 nec
970 655 1035 694 enm

4 735 92 784 reram
101 743 179 794 esre,
190 723 317 805 'quando
326 724 442 799 gloriae
452 724 547 777 *servit
559 720 711 798 humanae.
738 721 798 778 Eos
813 731 912 776 temen
927 724 978 796 qui
992 725 1033 777 ci-

4 813 52 870 {er
68 827 125 864 non
142 811 205 863 sint
217 807 532 876 Civitatis‘acternae,
559 807 682 880 quaein
701 807 792 860 neoris
811 807 904 861 literis
923 807 1035 860 nostrie

4 891 107 953 licitur
118 891 226 948 Civitas
241 890 317 958 Dei,
331 889 467 945 utiliores
482 906 546 943 esse
559 897 694 944 terrenae
708 888 837 959 Civitati,
851 889 968 962 quande
982 887 1034 944 ha-

4 973 80 1032 bent
90 973 218 1030 virtutem
231 976 281 1028 vel
296 975 401 1046 ipsam,
415 989 502 1053 quam
513 973 538 1026 ei
552 991 606 1028 noc
620 973 721 1045 ipsam.
738 971 783 1030 llli
794 981 890 1028 autem
896 974 952 1047 qui
965 991 1036 1029 vera

4 1061 114 1134 *pietate
125 1057 243 1132 praediti
258 1058 334 1112 bene
346 1057 463 1126 vivunt,
478 1057 504 1110 ri
516 1054 624 1111 habent
637 1057 791 1112 scientiam
804 1055 1035 1134 regendipopm

11 1139 68 1211 lec,
89 1140 152 1196 nihil
164 1151 210 1196 est
224 1140 344 1195 felicius
359 1140 448 1194 rebus
466 1137 619 1209 humanis,
646 1153 733 1213 quant
751 1141 777 1194 ai
790 1139 855 1195 Deo
875 1141 1035 1194 miserante
1125 1175 1130 1184 ι

4 1219 125 1280 iubeant
134 1233 321 1306 potestatem.
350 1221 439 1280 Tales
453 1231 551 1278 autem
563 1222 695 1278 homines
709 1225 833 1278 virtuter
848 1239 927 1293 suar,
942 1241 1035 1298 quan-

4 1310 181 1383 taecunque‘
173 1327 204 1363 m
217 1306 275 1362 hn‘c
288 1308 352 1363 vite
364 1307 489 1380 poscunt
500 1304 617 1376 habere,
632 1324 691 1361 non
704 1306 880 1362 tribuunt
850 1307 909 1361 nrri
918 1308 1036 1382 gratiae

4 1385 76 1461 liei,
90 1391 161 1466 quod
175 1411 225 1446 eae
242 1391 426 1471 volentibus,
446 1387 643 1459 credentibus,
669 1390 893 1463 petentibusque
908 1388 1036 1460 dederit3
1136 1469 1138 1474 Χ

4 1469 142 1550 ‘fiinulque
154 1475 348 1572 intelligunt,
365 1481 506 1562 quantum
520 1474 576 1529 sibi
589 1473 666 1528 desit
678 1471 714 1526 ad
727 1473 959 1564 perfectionem
951 1475 1036 1527 rusti-

4 1557 80 1618 'tire
76 1560 176 1632 qualis
190 1567 240 1613 eet
255 1559 289 1612 in
302 1559 422 1612 illorum
436 1565 603 1612 sanatorum
615 1541 795 1631 Angelorum
808 1557 961 1624 societate,
990 1558 1037 1611 oui

25 1657 54 1694 ce
63 1643 183 1697 nituntur
196 1651 309 1714 aptare.
347 1641 496 1708 Quantum
509 1640 580 1694 libet
593 1647 691 1693 cutem
703 1636 841 1692 laudetur
854 1646 940 1712 atque
953 1655 1037 1711 prae-

14 1721 117 1779 dicetur
127 1727 240 1794 virtue,
266 1742 342 1799 quae
357 1725 423 1778 sine
435 1737 506 1778 veru
518 1724 628 1795 pietate
642 1722 734 1776 servit
751 1719 901 1776 hominum
915 1722 1037 1796 gloriae,

18 1823 185 1881 nequaquam
197 1817 369 1864 sanctorum
385 1807 500 1882 exiguis
514 1807 609 1861 initiis
623 1797 818 1886 comparanda
829 1811 892 1873 est,
916 1821 1038 1878 quorum
1083 1817 1084 1820 ’

4 1905 75 1964 {per
86 1894 175 1966 posita
188 1901 235 1946 cst
248 1893 280 1948 in
293 1891 391 1968 gretia
404 1899 434 1944 ct
445 1889 645 1946 urirerlcordia
658 1905 721 1944 verr
713 1885 800 1943 Dei

396 2055 517 2114 CAP.
559 2047 646 2112 XX.

41 2153 96 2206 Ten
106 2155 220 2224 turpiter
230 2153 332 2208 servire
342 2154 460 2206 virtuter
465 2149 601 2275 percepto
608 2153 729 2222 gloriae,
749 2167 829 2222 quum
844 2148 964 2220 eorporis
979 2167 1021 2203 ve-

476 2231 542 2290 upta
556 2240 567 2274 ι

78 2311 170 2370 Solent
189 2311 370 2388 philosophi,
394 2313 444 2385 qui
467 2312 556 2368 finem
578 2311 649 2368 boni
665 2310 813 2368 humani
803 2327 835 2369 ιιι
852 2315 914 2388 ipse
927 2313 1037 2372 virtute

32 2397 200 2469 consaturant,
228 2395 266 2453 ad
285 2394 483 2473 ingerendum
500 2391 640 2469 pudorem
660 2396 831 2469 quibusdem
848 2394 1038 2474 philosophis,
1083 2393 1097 2474 J‘

32 2479 74 2550 qui
84 2479 188 2536 virtuter
203 2479 322 2556 quidem
335 2478 476 2556 prebent,
501 2479 552 2534 red
566 2497 615 2533 eas
627 2480 787 2552 voluptatis
802 2482 965 2554 corporalis
979 2479 1039 2534 fin'c

30 2563 173 2634 metiuntur,
187 2575 218 2620 et
231 2566 313 2618 illem
325 2566 424 2636 per'se
437 2564 529 2637 ipsam
541 2571 646 2635 putent
659 2562 861 2636 appetendam,
884 2565 957 2618 istas
970 2580 1038 2636 pro-

24 2653 79 2717 pter
88 2647 182 2719 ipram,
205 2648 336 2703 tabulam
350 2645 495 2718 oriundam
508 2642 605 2701 verbis
622 2646 761 2722 pingere,
787 2646 837 2702 nbi
854 2647 988 2720 voluptas
1006 2647 1038 2700 in
1066 2655 1072 2664 ’
1122 2683 1124 2691 ι

24 2729 82 2783 telle
93 2733 181 2806 regali
194 2732 280 2806 quasi
294 2729 420 2784 delicata
434 2728 575 2804 quaedam
588 2731 693 2805 regina
707 2729 854 2802 censidat3
878 2731 963 2804 eique
976 2729 1037 2784 vir-

24 2819 86 2865 tuter
98 2813 220 2869 famulae
235 2814 441 2882 subiicientur,
457 2813 645 2867 observantes
660 2813 723 2866 ciue
738 2821 856 2882 nutum,
880 2819 914 2864 ut
927 2809 1039 2866 iaciant

26 2893 87 2965 quod
97 2897 146 2952 illa
159 2897 364 2970 imperaverit:
377 2913 451 2968 quae
464 2895 637 2968 prudentiae
651 2895 760 2965 iubeat,
773 2904 807 2950 ut
819 2894 977 2970 vigilanter
989 2895 1036 2949 in-

11 2979 112 3049 ·peirrt,
130 2979 273 3053 quomodo
287 2981 422 3052 voluptas
434 2989 550 3055 regnet,
565 2987 595 3033 et
608 2979 688 3034 salva
702 2980 754 3044 εἰη
780 2977 912 3032 iustitiae
927 2978 1037 3047 iubeat,

21 3069 49 3113 nt
55 3071 179 3134 praestet
191 3063 335 3118 beneficia
349 3077 423 3135 quae
435 3070 532 3135 potent
543 3062 584 3116 ad¹
593 3058 798 3136 comparandas
813 3061 956 3114 amicitior
972 3069 1030 3114 cor·

17 3146 151 3214 penalibus
165 3146 325 3201 commodis
340 3146 535 3216 necessariae,
550 3146 624 3201 nrrlli
633 3141 723 3196 faciat
732 3141 881 3212 iniuriam,
896 3161 934 3198 nc
945 3137 1036 3196 offen·

17 3227 50 3280 rie
62 3229 172 3304 legibue
180 3230 317 3304 voluptas
330 3229 430 3284 vivere
444 3245 547 3284 securo
560 3237 619 3283 neri
631 3225 738 3298 possit:
752 3225 921 3308 fortitudini
927 3225 1036 3294 iubeat,

17 3319 44 3362 ut
54 3312 76 3364 ri
89 3312 173 3366 dolor
186 3313 306 3386 corpori
319 3311 468 3381 acciderit,
488 3313 537 3385 qni
550 3325 611 3362 non
625 3310 780 3381 compellat
792 3309 823 3363 in
835 3315 970 3376 mortem,
990 3314 1035 3360 tc-

17 3403 74 3448 neat
87 3393 234 3449 dominam
248 3411 347 3464 suam,
366 3394 396 3448 id
410 3403 465 3454 est,
479 3392 655 3463 voluptutem
669 3387 787 3446 fortiter
800 3392 832 3446 in
846 3391 936 3444 animi
954 3391 1037 3466 cogi-

15 3477 126 3548 tatione,
153 3486 185 3531 ut
198 3495 251 3554 per
268 3478 458 3550 pristinarum
476 3474 646 3530 deliciarum
664 3487 784 3529 cuorum
802 3471 1039 3531 recordationem

13 3559 119 3636 mitiget
130 3561 297 3636 praesentis
312 3558 417 3614 doloris
432 3559 561 3613 aeuleoe:
577 3559 785 3631 temperantiae
797 3555 910 3622 iubeat,
925 3563 959 3608 ut
972 3561 1037 3612 tan-

12 3651 66 3696 tum
79 3644 175 3716 capiat
188 3643 404 3709 alimentorrun,
419 3647 449 3695 et
461 3642 487 3695 si
501 3659 558 3715 qua
571 3639 730 3709 delectant,
749 3653 786 3694 ue
799 3655 851 3712 pcr
864 3637 1038 3695 irnmcdera-

15 3723 115 3780 tionem
129 3727 254 3780 noxium
267 3722 376 3796 aliquid
390 3723 584 3782 valetudinem
596 3721 707 3792 turbet,
735 3721 925 3792 etvcluptas‚
953 3739 1039 3794 quom
1082 3795 1085 3799 Ι

15 3807 91 3862 etiam
104 3811 136 3864 in
151 3808 287 3881 corporis
302 3807 423 3860 sanitate
436 3805 574 3880 Epicurei
588 3807 744 3861 maxucam
757 3810 888 3877 ponunt,
907 3806 1039 3877 graviter

12 3885 177 3947 offendatur.
206 3888 264 3948 lta
278 3890 400 3944 virtuter
424 3895 493 3946 eura
507 3898 569 3945 tota
588 3901 658 3942 tuae
677 3889 790 3963 gloriae
809 3885 955 3964 dignitate
966 3895 1038 3942 ‘ten-
