2400 4312
234 79 238 85 -
264 59 274 92 Λ

141 169 203 282 oie
368 195 470 270 anu
492 211 683 272 neuneu
705 182 959 272 nuovsr'nsr
992 231 994 234 ·

30 429 33 440 Χ
122 370 222 426 „dona
246 363 456 442 rependerent,
482 385 536 441 pro
554 380 677 441 quorum
696 365 806 442 divinis
823 355 960 441 operibus
980 371 1178 450 praedicandis

142 453 298 509 humanam
310 453 399 506 vitam
413 450 469 504 sibi
482 449 570 504 adimi
583 467 644 505 non
657 451 782 504 timeret.
816 449 902 506 Sicut
914 451 1064 527 Martyres
1078 459 1174 527 nostri,

97 601 105 610 ι
142 555 208 592 cum
228 537 270 590 eis
288 552 340 608 pro
358 533 481 590 erimine
500 533 680 590 obiiceretur
692 531 858 588 Christiana
871 535 994 612 religio,
1020 545 1080 609 'qua
1093 555 1172 594 nore-

142 629 211 675 rant
224 637 255 673 se
268 617 333 672 fieri
345 617 440 670 salvos
453 624 482 669 ct
496 613 724 691 gloriosissimos
738 614 769 670 in
783 626 950 686 aeternum,
976 627 1116 674 nonnam
1128 639 1171 676 ne-

143 700 240 779 gando
254 695 426 772 temporales
439 715 551 770 poenes
566 698 689 754 evadere
703 698 894 775 delegerunt,
909 683 1078 772 sedpotius
1090 703 1171 758 couti·

73 795 76 800 '
143 783 242 854 tendo,
255 780 417 856 profitendo
425 817 434 848 ,
448 780 657 854 praedicando,
672 789 702 852 et
713 785 765 854 pro
779 780 833 837 hac
847 784 945 836 omnia
956 782 1086 840 fideliter
1097 785 1173 857 forti-

143 867 246 940 terque
259 861 424 933 tolerando,
449 870 479 918 et
493 881 558 917 cum
570 861 618 938 pia'
631 866 788 920 securitate
801 865 968 936 moriendo,
981 867 1065 942 leges
1080 869 1169 941 quibus

74 953 75 958 ’
143 948 365 1025 prohibebatur,
396 945 581 1006 crubescere«
598 950 820 1020 compulerunt,
845 950 1011 1024 mutarique
1039 950 1168 1005 feceruut.

143 1031 239 1088 Huiu's
262 1038 360 1094 autem
381 1027 544 1103 philosophi
555 1029 700 1086 Platonici
723 1032 922 1104 copiosissima
941 1040 972 1086 et
989 1031 1169 1088 disertissima

70 1111 73 1114 ’
144 1123 241 1170 exstat
254 1113 363 1183 oratio,
391 1131 449 1186 qua
462 1113 573 1168 crimen
586 1114 693 1168 artium
705 1115 885 1189 magicarum
898 1131 915 1168 a
928 1132 960 1169 se
974 1115 1102 1171 alienum
1115 1133 1168 1170 esse

145 1197 286 1267 defendit,
313 1213 405 1270 seque
419 1196 505 1251 aliter
520 1214 580 1252 non
594 1197 660 1251 vult
668 1197 860 1260 innocentem
872 1197 980 1268 videri,
1007 1200 1067 1253 nisi
1081 1218 1114 1254 ea
1126 1217 1167 1254 ne-

109 1297 112 1302 ’
144 1281 241 1358 gando
256 1297 331 1354 quae
344 1297 405 1335 nen
418 1287 541 1352 possunt
554 1278 589 1334 ab
603 1280 761 1335 innocente
775 1281 925 1334 committi.
963 1281 1002 1336 At
1016 1284 1113 1336 omnia
1124 1282 1167 1335 rni-

145 1365 245 1420 racula
257 1371 426 1439 magorum,
452 1379 525 1435 quos
538 1372 619 1418 recte
632 1357 723 1416 sentit
737 1379 801 1416 esse
815 1361 1012 1435 damnandos,
1041 1365 1167 1420 doctrinis

93 1457 107 1520 J
144 1447 221 1502 liunt
235 1455 264 1500 ct
277 1445 413 1518 operibus
425 1443 613 1515 daemonum,
628 1443 821 1518 quos'riderit
834 1456 1021 1502 curcenseat
1035 1446 1166 1504 honorau-

145 1530 214 1600 dos,
239 1530 421 1585 necessarios
441 1545 491 1581 cos
511 1537 644 1590 asserens
658 1527 840 1601 perferendis
854 1529 890 1596 ad
904 1528 974 1583 deos
988 1532 1099 1586 nostris
1112 1548 1165 1604 pre·

145 1614 244 1682 cibus,
258 1628 381 1686 quorum
395 1610 531 1666 debemus
546 1629 634 1683 opera
648 1609 789 1682 devitare,
804 1612 829 1665 si
842 1611 877 1666 ad
891 1610 987 1666 Deum
999 1632 1102 1668 verum
1114 1631 1167 1686 pre-

127 1714 131 1728 ·
146 1715 194 1752 ees
208 1705 328 1752 nostras
338 1696 471 1760 volumus
484 1695 647 1767 pervenire.
691 1693 806 1750 Deinde
819 1711 941 1768 quaero,
966 1698 1068 1768 quales
1081 1711 1167 1770 preces

143 1778 295 1835 hominum
309 1779 364 1833 diis
377 1776 462 1834 bonis
475 1794 527 1848 per
540 1776 695 1832 daemones
709 1779 831 1854 allegari
848 1786 948 1850 putat,
973 1781 1119 1856 magicas,
1139 1795 1166 1830 au

145 1859 261 1918 licitasi
285 1860 319 1916 Si
332 1861 472 1936 magicas,
482 1861 593 1916 nolunt
605 1861 692 1916 tales:
707 1862 733 1914 si
746 1851 853 1930 licitas,
868 1863 974 1916 nolunt
985 1879 1040 1935 per
1054 1864 1131 1917 tales.
1143 1857 1166 1916 Si

122 1965 124 1968 ·
146 1955 243 2001 autem
255 1951 389 2018 peccator
403 1943 558 2015 poenitens
572 1959 673 2015 preces
687 1943 796 2012 fundit,
815 1945 942 1997 maxime
956 1945 982 1997 si
996 1944 1109 2019 aliquid
1120 1959 1167 1998 na·

146 2030 242 2106 gieum
253 2025 384 2094 admisit3
398 2026 478 2078 itane
490 2024 606 2080 tandem
614 2027 671 2080 illis
679 2025 927 2082 intercedentibus
939 2028 1048 2100 accipit
1057 2029 1168 2093 venian,

49 2133 50 2136 ¹
63 2121 65 2126 ‘
147 2111 251 2185 quibus
270 2105 483 2180 impellentibus
505 2116 557 2162 aut
569 2106 734 2164 faventibus
749 2127 780 2163 se
793 2107 934 2164 cecidisse
946 2112 1065 2186 plangit
1077 2112 1107 2165 in
1120 2109 1168 2164 eul-

52 2241 54 2246 .
146 2189 229 2266 panii
250 2191 296 2246 An
316 2199 344 2244 et
363 2190 419 2262 ipsi
438 2185 593 2244 daemones
605 2190 645 2246 'ut
656 2192 770 2264 possint
782 2191 1001 2264 poenitentibus
1011 2194 1120 2248 'mereri
1132 2193 1169 2246 in·

148 2276 342 2350 dulgentiam,
356 2272 468 2345 priores
483 2281 586 2347 agunt,
606 2274 683 2346 quod
698 2293 746 2328 eos
761 2275 939 2346 deceperint,
953 2268 1169 2348 poenitentiarii

146 2356 213 2413 Hoc
227 2374 312 2412 neme
325 2371 453 2429 unquam
462 2353 501 2408 de
514 2353 702 2411 daemonibus
718 2356 806 2412 dixit:
834 2358 902 2431 quie
915 2359 941 2411 si
954 2359 997 2412 ita
1010 2369 1104 2430 esset,
1127 2375 1170 2413 ne-

147 2439 290 2513 quaquam
303 2436 359 2491 sibi
374 2437 516 2491 auderent
528 2436 644 2493 divinos
656 2437 782 2494 honores
797 2448 945 2512 expetere,
966 2443 1016 2514 qui
1031 2444 1171 2515 poeniten·

148 2521 185 2576 do
200 2520 400 2584 desiderarent
413 2519 450 2575 ad
462 2516 590 2596 gratiam
600 2513 708 2577 ¹veniae
721 2523 885 2595 pervenire.
921 2520 965 2578 lbi
981 2525 1063 2580 enim
1077 2534 1120 2580 est
1131 2523 1160 2578 de

148 2603 281 2659 testanda
296 2603 440 2676 superbia,
454 2599 502 2658 hie
516 2600 664 2660 humilitas
677 2604 851 2662 niiseranda.
863 2641 869 2646 =-

542 2770 665 2828 cnr.
707 2768 794 2828 xx.

149 2865 192 2919 Aa
201 2841 359 2920 eredendum
368 2865 415 2929 rit,
426 2867 495 2934 qaod
509 2866 548 2918 dii
558 2867 619 2948 beai
630 2867 755 2920 libentior
766 2868 938 2926 daemonibus
947 2885 1028 2938 qaam
1038 2869 1174 2924 bominibus

576 2947 749 2989 assererentur.
1097 2951 1102 2958 ·

212 3026 251 3081 At
265 3025 342 3080 enim
355 3043 466 3102 urgens
480 3043 568 3083 causa
581 3034 611 3080 et
627 3027 792 3082 arctissima
810 3005 891 3106 cogit
903 3029 1064 3086 daemones
1078 3029 1175 3086 medior

149 3099 229 3164 inter
242 3106 311 3163 deos
327 3117 356 3164 ct
370 3106 501 3166 homines
515 3126 621 3184 agere,
647 3105 681 3169 ut
699 3109 735 3164 ab
753 3107 919 3177 hominibus
934 3110 1062 3170 offerant
1075 3111 1177 3169 deside·

74 3193 76 3197 ’
149 3202 229 3261 rata,
253 3199 283 3246 et
296 3190 382 3246 ediis
395 3192 527 3248 referant
539 3187 711 3265 impetratai
744 3191 895 3258 Quaenam
906 3195 1031 3251 taudem
1042 3215 1129 3253 causa
1142 3201 1178 3249 cst

150 3276 219 3344 ista,
236 3284 265 3329 et
279 3284 388 3349 quanta
401 3271 581 3331 necessitati
608 3276 684 3339 Quia
697 3277 805 3345 nullus,
819 3279 969 3352 inquiunt,
984 3277 1070 3335 Deus
1083 3282 1178 3336 misce-

151 3367 202 3412 tur
215 3355 336 3413 homini.
370 3356 526 3414 Praeclara
535 3358 631 3434 igitur
645 3358 873 3430 sanctitasDei,
901 3363 951 3436 qui
969 3379 1040 3436 non¹
1052 3366 1180 3418 miscetur

151 3438 263 3496 heulini
273 3441 457 3515 supplicanti,
469 3441 642 3495 etmiseetur
653 3440 788 3496 daemoni
800 3447 968 3520 arroganti:
979 3464 1041 3501 nen
1053 3448 1180 3500 miscetur

151 3520 443 3596 hominipoenitenti,
455 3531 484 3577 et
492 3524 634 3586 miscetur
645 3523 780 3579 daemoni
792 3523 966 3600 decipienti:
980 3547 1043 3584 non
1051 3531 1181 3584 miscetur

152 3602 263 3660 homini
277 3605 461 3681 confugienti
468 3605 504 3660 ad
518 3605 711 3677 divinitatem,
721 3616 756 3662 ‘et
768 3608 908 3663 miscetur
915 3607 1055 3668 daemoni
1068 3606 1182 3689 fingenti

154 3685 351 3743 divinitatem:
377 3679 438 3744 non
450 3690 590 3743 miscetur
603 3687 714 3744 homini
727 3692 842 3770 petenti
853 3691 1083 3774 indulgentiam,
1097 3705 1126 3750 et
1137 3691 1184 3748 mi·

154 3776 251 3822 scetur
271 3768 406 3826 daemoni
426 3770 563 3827 suadenti
581 3772 756 3845 nequitiem:¹
779 3789 840 3828 non
858 3775 998 3831 miscetur
1016 3776 1130 3835 bomini
1141 3787 1185 3851 per

153 3848 369 3925 philosophicos
382 3852 472 3910 libros
485 3863 586 3927 poetas
597 3854 634 3910 de
645 3854 719 3912 bene
731 3855 869 3914 instituta
882 3859 1009 3917 civitate
1018 3861 1151 3938 pellenti,
1163 3863 1185 3911 tl

632 3969 636 3998 l
