2324 4312
154 211 212 272 aa
241 213 363 275 o1vn
371 211 458 272 ιιι
486 213 566 274 aar
593 176 672 276 na
699 215 843 278 xix
935 199 995 320 eoa
1054 187 1057 192 ’

30 358 150 427 bonum
164 384 228 424 esse
243 324 456 446 cognoverint,
471 367 617 446 digneque
631 349 824 428 laudaverint.
860 357 1010 452 Denique

30 461 102 506 uam
114 450 244 506 mirabile
258 450 368 526 aliquid
380 461 468 526 atque
481 453 653 520 incredibile
662 456 853 529 prolaturus
877 457 994 526 „Prae-¹
1078 454 1080 458 ’

37 535 220 606 opinionem,
233 535 347 610 inquit,
360 535 491 611 prefecto
506 530 678 610 quibusdam
689 537 823 594 videatur
837 549 901 595 esse
916 541 995 615 quod

30 615 95 672 turi
107 637 215 674 sumus.
239 617 387 676 Christum
402 619 482 674 euim
495 617 578 674 dii
549 620 713 694 piissimum
728 624 996 722 pronuntiaverunt

30 703 219 760 mmortalem
231 701 359 774 laetum,
373 712 403 758 et
417 719 482 758 eum
495 702 572 759 bona
584 702 843 776 praedicatione
817 723 879 761 erus
892 710 995 764 memi-

30 791 110 840 'unt'
136 783 319 842 Christianos
331 804 404 842 vero
415 785 559 880 pollutos,
585 787 699 864 inquit,
721 797 755 844 et
768 791 994 866 contaminatos,

35 879 135 924 errore
158 870 321 942 implicatos
345 887 410 934 esse
415 867 549 940 dieunt3
573 879 602 926 et
613 871 712 928 multu
724 871 840 930 ,talibus
853 873 996 930 adversus

30 957 37 994 l
51 947 230 1026 blasphemiis
241 953 399 1023 utuntur.“
443 951 558 1008 Deinde
573 953 691 1011 subiiert
702 957 783 1012 velut
796 954 916 1026 deorum
929 971 995 1014 ora-

43 1029 300 1110 blasphcmautium
313 1034 506 1094 Christianos.
548 1034 588 1092 Et
600 1045 666 1110 post
677 1035 765 1097 haee:
791 1039 869 1110 „De
880 1038 996 1098 Christo

30 1118 93 1190 teu,
105 1120 218 1194 iuquit,
227 1119 485 1197 ,interrogantibus
498 1120 525 1174 si
538 1129 583 1176 est
596 1119 692 1193 Deus,
706 1123 749 1178 ait
760 1119 887 1183 Hecate:
915 1126 995 1191 Quo-

30 1213 68 1256 t1a
79 1202 194 1277 quidem
207 1203 379 1260 immortalis
392 1205 489 1260 anima
501 1213 570 1276 post
589 1202 699 1279 corpus
707 1215 741 1261 ut
756 1206 882 1279 incedit,
905 1210 995 1278 nosti,

30 1286 157 1360 apientia
171 1295 268 1343 autem
280 1287 411 1343 abscissa
422 1304 538 1361 semper
549 1288 710 1362 crrat,.uiri
721 1289 830 1362 pietate
841 1301 994 1364 praestan·

30 1367 91 1430 simi
115 1379 162 1426 est
186 1371 238 1426 illa
263 1371 374 1440 anima,
405 1368 480 1427 hanc
504 1372 607 1428 colunt
630 1372 764 1428 alienae
783 1390 815 1428 se
832 1376 995 1431 veritate‡“
1063 1387 1065 1391 ’

30 1451 79 1508 ade
100 1461 168 1528 post
189 1448 280 1512 veiha·
301 1452 388 1512 buius
412 1455 497 1530 quasi
519 1456 630 1510 oraculi
652 1473 706 1511 sna
727 1456 790 1529 ipse
816 1467 994 1516 contexens:

30 1537 151 1598 ssimum
164 1539 383 1616 igiturrirum,
408 1537 520 1612 inquit,
543 1555 610 1594 eum
622 1537 713 1608 dixit,
733 1547 769 1594 et
782 1539 843 1594 eius
858 1542 994 1614 animam,

30 1629 62 1676 ιιι
75 1630 105 1677 et
117 1621 283 1677 aliorum
254 1639 383 1695 prorum,
407 1632 474 1696 post
495 1621 605 1676 obitum
621 1621 841 1679 immortalitate
860 1623 996 1680 donatam

30 1700 139 1778 natal,
164 1714 194 1761 et
211 1702 287 1761 hanc
307 1706 404 1772 colere
421 1703 604 1762 Christianos
627 1707 800 1782 ignorantes
825 1703 995 1782 [errantesj.

30 1789 239 1866 errogantibus
252 1795 351 1844 autem
360 1773 495 1863 ,inquit,
509 1787 569 1851 Cur
582 1805 652 1866 ergo
666 1787 819 1844 damnatus
833 1785 895 1846 esti
919 1789 995 1846 Ora·
1015 1791 1018 1800 “

30 1872 296 1946 oresponditdea,
320 1870 433 1947 Corpus
457 1871 573 1947 quidem
596 1870 817 1929 debilitantibus
839 1875 995 1930 tormentis

30 1971 96 2029 sper
118 1955 288 2029 oppositum
301 1963 360 2012 est:
387 1956 485 2012 anima
497 1964 593 2012 autem
609 1958 724 2030 piorum
737 1957 858 2012 coelesti
869 1949 956 2012 ''sedi
947 1976 995 2012 m-

30 2047 67 2094 et.
111 2037 167 2096 llla
178 2057 249 2095 vero
263 2040 361 2096 anima
373 2040 440 2096 aliis
454 2039 605 2096 animabus
619 2039 748 2096 fataliter
768 2035 863 2110 dedit,
889 2040 994 2115 quibus

30 2138 118 2178 auen
132 2133 300 2197 annuerunt
313 2121 434 2179 deorum
448 2123 580 2179 obtinere
592 2123 686 2194 dona,
714 2141 809 2196 neque
830 2121 994 2180 habere-lo·

43 2206 214 2262 immortalis
229 2207 427 2283 agnitionem,
442 2225 541 2262 errore
554 2208 706 2280 implicari.
750 2205 910 2282 Propterea
924 2223 994 2284 ergo

30 2290 153 2348 saxosi·
180 2291 250 2364 quia
263 2289 366 2364 quibus
379 2290 440 2345 fato
459 2307 518 2345 non
532 2289 588 2346 fuit
602 2309 689 2347 nosse
702 2289 812 2361 Deum,
834 2309 896 2346 nec
919 2289 995 2348 dona

30 2373 69 2428 iis
82 2374 233 2450 accipere,
259 2371 305 2428 hrs
316 2372 445 2430 fataliter
458 2371 558 2428 dedit
549 2382 605 2428 rste
618 2389 720 2429 errore
732 2375 885 2447 implicari
929 2374 994 2448 lpse
1081 2415 1110 2444 a,

30 2453 142 2531 sepius,
158 2466 188 2512 et
200 2457 232 2513 in
246 2458 370 2526 eoelum,
385 2457 463 2512 sieut
473 2455 533 2530 pii,
547 2458 701 2512 concessit.
723 2453 825 2530 ltaque
838 2455 915 2513 hune
928 2459 993 2532 qui-

30 2557 50 2594 u
62 2557 121 2595 non
134 2538 366 2613 blasphemabis,
393 2539 578 2594 misereberis
596 2525 693 2604 autem
713 2537 862 2596 honrinum
875 2539 993 2597 demen-

30 2640 71 2693 m,
86 2641 122 2678 ex
136 2641 170 2680 eo
184 2625 216 2684 in
230 2625 273 2680 eis
286 2623 373 2682 facile
385 2627 581 2696 praecepsque
592 2620 762 2695 perieulum
765 2621 786 2654 ‘⁶

30 2705 119 2772 Quis·¹
110 2716 152 2762 rta
160 2709 274 2763 stultus
289 2717 346 2776 est,-
357 2714 391 2762 ut
402 2723 461 2760 nou
474 2705 622 2781 intelligat
635 2711 687 2759 eut
699 2703 734 2759 ab
747 2701 864 2759 homine
878 2707 993 2779 callido,

30 2805 53 2843 re
67 2787 240 2846 Christianis
254 2790 457 2845 inimicissimo
471 2785 544 2844 baec
558 2788 676 2844 oracula
688 2785 780 2850 luisse
794 2787 929 2860 conficta,
943 2801 994 2847 aut
1067 2813 1071 2824 ¹

30 2873 189 2929 silio‘simili
202 2873 238 2930 ab
251 2873 373 2947 impuris
388 2871 575 2928 daemonibus
594 2873 651 2927 ista
669 2870 762 2926 faisse
779 2885 934 2946 responsa,
961 2883 995 2929 ut
1089 2955 1090 2958 Ἴ

30 2965 74 3036 cet
86 2958 222 3036 quoniam
234 2958 355 3014 laudaut
367 2954 532 3026 Christum,
557 2963 711 3030 propteroa
730 2953 888 3012 credantur
906 2973 992 3011 vera-

30 3041 214 3118 rvitupererc
228 3039 430 3110 Christianos3
443 3047 530 3114 atque
542 3039 600 3110 ita,
614 3039 641 3094 si
652 3039 782 3112 possint,
796 3038 994 3095 intercludant
1079 3066 1081 3096 ;

30 3139 42 3177 ι
61 3125 161 3180 salutis
186 3131 343 3195 aeternae,
354 3123 472 3197 -in‘qua
484 3121 518 3178 fit
531 3123 653 3197 quisque
668 3117 870 3186 Christianus?
914 3119 993 3178 Suae

30 3223 67 3279 pe
83 3207 210 3264 nocendi
227 3209 354 3264 astutiae
372 3206 538 3262 milleformi
559 3207 693 3262 sentiunt
712 3224 772 3262 uon
790 3221 854 3262 esse
874 3214 991 3266 eontra-

30 3305 54 3360 ι,
70 3291 94 3346 si
108 3291 244 3348 eredatm
257 3293 299 3346 eis
311 3289 497 3346 laudantibus
510 3287 674 3360 Christum,
698 3287 766 3344 dum
779 3297 875 3344 tamen
890 3287 991 3344 ereda-

37 3374 119 3430 etiam
141 3374 371 3450 vituperantibus
394 3371 598 3445 Christianos,
624 3381 657 3428 ut
678 3390 746 3428 eura
764 3373 814 3446 qni
835 3379 993 3447 utrumque
1031 3423 1033 3426 .

30 3455 127 3529 iderit,
140 3461 229 3514 talem
242 3456 352 3528 Christi
364 3455 475 3512 faciant
489 3455 680 3526 laudatorem,
693 3471 731 3510 ne
744 3456 816 3514 velit
828 3472 893 3510 esse
907 3452 993 3511 Chri-

30 3554 88 3598 aus:
101 3560 135 3598 ae
149 3544 193 3598 sic
206 3543 337 3621 quamvis
350 3539 385 3596 ab
399 3541 450 3595 illo
463 3539 613 3611 laudatus,
626 3539 662 3595 ab
675 3539 909 3607 istorumtamen
923 3538 991 3594 dae·
1043 3531 1093 3600 ,⁶

30 3623 238 3686 cumdeminatu
253 3643 318 3680 eum
330 3621 662 3680 nonliberetChristus.
684 3601 861 3678 Praesertim
874 3621 993 3696 quiaita
1091 3699 1092 3702 Ἴ

30 3716 81 3762 ant
93 3707 257 3778 Christum,
271 3716 303 3762 ut
317 3707 446 3782 quisquis
460 3707 491 3761 in
505 3723 571 3761 eum
589 3705 679 3760 talem
696 3701 869 3775 crediderit,
898 3706 992 3779 qualis

30 3785 56 3839 ds
68 3790 267 3864 praedicatur,
282 3788 464 3850 Christianus
478 3807 565 3845 verus
579 3806 639 3844 ιιοιι
653 3787 708 3858 sit,
734 3787 785 3844 sed
798 3785 992 3844 Photinianus

30 3875 140 3948 teucer,
160 3875 210 3951 qui
224 3871 422 3930 tantummode
436 3871 598 3944 hominem,
623 3889 682 3929 nou
695 3871 783 3928 etiam
796 3869 890 3930 Deum
903 3887 992 3950 nove·
