2310 4306
132 224 194 279 un
362 217 461 308 orvs
487 213 670 292 sunnon
695 193 947 276 lvcvsrrsr

131 394 177 445 ra,
189 381 300 447 quanto
313 389 370 445 pax
386 370 498 428 dulcior
511 369 582 441 fuit3
606 389 680 444 quae
693 387 766 426 vera
779 377 880 444 putata
894 378 950 439 est,
961 386 1017 442 *cun
1026 367 1092 422 astuti
1122 405 1146 443 ,fl

133 460 207 512 sime
223 451 407 532 fingeretur?
432 453 554 527 Propter
568 454 792 532 quodomnium
805 461 926 524 pectora
937 453 973 508 sic
984 450 1094 526 attingite
1119 483 1146 524 p,

134 549 224 618 cogat
243 540 274 594 in
293 539 432 614 gemitum
452 535 528 610 quod
546 537 588 592 ait
607 535 738 592 'l¹ullius·:
765 535 897 605 „Nullae
915 533 1096 590 suntoccultiore
1115 553 1146 605 ,p

138 621 303 694 „insidiae,
331 639 415 695 quam
429 617 484 675 hae
498 637 571 693 quac
584 620 675 674 latent
688 620 721 674 in
740 619 930 674 simulatione
948 617 1034 687 officii,
1048 614 1098 669 artis
1125 662 1130 677 ,,

134 708 254 779 „aliquo
269 702 494 759 necessitudinis
509 703 638 758 nomine.
671 700 747 758 Nara
760 697 895 775 eum‘qui
906 702 993 775 palam
1004 709 1039 754 est
1047 697 1101 752 adm·
1123 746 1140 782 ,,

135 790 267 858 „sarius‚
280 785 366 856 facilc
379 785 509 841 cavendo
524 787 618 841 vitare
630 786 743 858 possis:
760 782 827 840 ‘hoc
839 802 911 840 vero
925 781 1102 850 occultandae·
1125 815 1146 863 4.

135 872 269 942 „atinum
281 887 315 924 ac
325 867 514 924 domesticum
524 870 630 923 malum
643 870 814 923 nouaclum
827 863 1110 937 excutientium
1127 882 1140 950 p

134 953 304 1027 „opprimit,
318 952 747 1026 antequamprospiccreatque
759 952 916 1024 explorare
924 945 1107 1024 potueris.“ln·
1140 994 1143 1003 .

134 1046 200 1110 pter
207 1033 282 1108 quod
291 1033 379 1087 etiam
386 1032 552 1090 divinavox
560 1034 620 1101 illa,
627 1031 790 1090 Etinimici
799 1029 1109 1100 commemorationis,
1133 1076 1145 1087 ,.

113 1155 118 1160 -
136 1133 314 1192 cummagno
323 1115 526 1172 dolorecordis
536 1117 669 1172 auditur:
683 1117 817 1190 quiaetsi
825 1117 946 1190 quisque
957 1110 1112 1178 teutonum
1135 1131 1146 1174 i

135 1209 168 1254 ut
182 1216 276 1278 aequo
290 1198 389 1252 animo
403 1197 549 1271 perferat,
575 1200 692 1256 voltam
706 1201 855 1275 vigilans,
869 1208 903 1254 ut
915 1198 1029 1272 provido
1040 1191 1114 1250 consilis
1139 1232 1140 1251 ι

135 1289 252 1349 eareat,
278 1298 351 1356 quae
367 1280 513 1338 ‘aduersus
536 1301 602 1337 eum
619 1283 738 1337 molitur
751 1283 883 1337 amicitia
896 1283 1039 1338 sirnulata:
1058 1289 1117 1332 euru

74 1411 78 1416 .
135 1373 232 1419 tamen
246 1362 395 1418 hominum
409 1365 586 1438 perfidorum
598 1367 690 1435 malo,
704 1384 771 1420 curn
785 1383 837 1420 eos
851 1383 917 1420 esse
929 1364 1078 1438 pessinunte

135 1449 220 1517 ritur,
235 1448 261 1501 si
273 1445 443 1521 ipsc-bonus
457 1457 517 1518 est,
542 1438 673 1525 graviter
687 1450 877 1502 excrucietur
891 1465 1011 1502 necesse
1022 1455 1069 1514 ειη
1094 1466 1122 1505 η,

136 1548 250 1603 semper
262 1531 332 1584 mali
344 1529 464 1601 suerint,
489 1540 519 1585 et
532 1549 563 1586 se
577 1529 671 1586 bonos
684 1529 844 1600 finxerint,
870 1531 978 1587 sivein
991 1531 1064 1583 istan
1079 1552 1086 1573 a

135 1615 207 1669 tiam
221 1627 258 1668 ex
271 1604 403 1669 bonitate
416 1614 519 1670 nrutati
535 1614 603 1668 sint.
638 1611 672 1668 Si
690 1631 760 1688 ergo
779 1611 883 1669 domus
904 1629 1049 1670 commune
1063 1627 1087 1682 pe
1102 1634 1103 1651 ι
1119 1666 1124 1679 ,

44 1711 49 1716 '
136 1698 217 1773 gium
236 1698 267 1752 in
287 1694 433 1768 hiemalis
454 1695 574 1753 humani
592 1697 709 1772 generis
731 1705 795 1750 tuta
813 1713 875 1751 non
894 1705 955 1766 est,
978 1691 1123 1770 quidei',

136 1797 210 1854 quac
224 1787 332 1853 quanto
347 1780 438 1834 maior
452 1789 513 1848 cst,
536 1787 619 1834 tanto
638 1777 735 1833 forum
748 1781 814 1833 eius
828 1779 932 1834 litibus
951 1788 980 1834 et
999 1775 1100 1831 civilibu
1115 1778 1126 1823 f<

109 1917 111 1922 ,
137 1862 338 1924 criminalibus
354 1862 479 1933 plenius,
494 1851 782 1936 etiamsi-quiescant,
797 1879 860 1916 non
875 1864 971 1917 solum
981 1851 1128 1915 turbnleu¹

136 1963 239 2000 verum
254 1945 341 1999 etiam
355 1945 471 2016 saepius
486 1953 515 1998 et
529 1953 666 2018 cruentae
681 1939 861 2013 seditiones,
872 1956 917 2000 a‘c
928 1939 1007 2000 bella
1020 1941 1105 2006 cirilla,
1121 1946 1126 1969 ‘¹

138 2045 262 2101 quorum
280 2027 393 2082 eventis
416 2035 486 2080 sunt
507 2025 663 2099 aliquando
685 2026 795 2081 liberae
821 2027 976 2097 civitates,
999 2043 1015 2080 a
1036 2023 1083 2098 peri
1105 2026 1125 2063 N

137 2104 306 2184 nunquam?
347 2137 350 2143 ,
464 2149 466 2158 ι
517 2141 550 2148 ·=
802 2126 804 2129 ·
1124 2130 1127 2133 “

141 2201 145 2206 “
502 2237 504 2241 ,
546 2189 672 2249 CAP.
715 2189 775 2247 Vl.
896 2241 904 2252 ,,

267 2268 311 2322 De
321 2287 413 2322 errore
423 2271 597 2324 bumanorum
609 2271 778 2335 iudiciorum,
788 2287 849 2322 curn
860 2273 965 2324 ceritas
974 2274 1044 2324 taret.

194 2355 280 2423 ‘Quin
293 2360 356 2433 ipsa
369 2358 478 2415 iudicia
490 2357 640 2416 hominum
656 2359 691 2414 de
710 2357 893 2426 hominibus,
916 2377 992 2433 quae
1011 2350 1125 2415 civitatis

132 2444 168 2498 'in
182 2442 362 2516 quantalibet
374 2458 447 2516 pace
458 2441 644 2499 manentibus
658 2441 760 2496 deesse
774 2446 835 2497 non
849 2451 991 2514 possunt,
1013 2440 1122 2515 qualispr·

136 2535 233 2580 temus
248 2541 324 2596 esse,
338 2541 424 2601 quam
437 2526 554 2594 misera,
569 2542 656 2598 quam
667 2519 808 2580 dolendai
824 2524 950 2589 Quando
961 2525 1064 2600 quiden
1073 2515 1104 2572 bi

65 2613 70 2616 '
137 2606 247 2676 dicant,
263 2609 313 2680 qui
327 2608 526 2664 conscientias
541 2625 651 2678 eorum,
666 2606 701 2662 de
712 2599 975 2680 quibus'iudicant,
990 2611 1120 2663 cernerent

137 2698 258 2762 queunt.
290 2688 373 2747 Vnde
392 2707 479 2764 saepe
498 2699 647 2765 coguntur
667 2690 823 2766 tormentis
843 2689 1040 2746 innocentium
1051 2681 1120 2740 told!

54 2812 61 2816 --
110 2819 112 2824 .
136 2771 175 2826 ad
189 2772 314 2830 alienam
327 2788 444 2828 causam
460 2773 656 2844 pertinentem
669 2788 808 2846 quaerere
821 2773 999 2829 veritatem,
1019 2766 1118 2836 Quilm

136 2855 169 2908 ln
184 2873 236 2909 sua
250 2871 338 2909 eausa
352 2856 475 2927 quisque
490 2863 658 2928 torquetu13
672 2863 781 2910 etcum
795 2855 949 2928 quaeritur
961 2864 1048 2910 utrum
1058 2849 1116 2902 sita
1143 2900 1144 2903 ,

137 2955 222 3006 cens,
237 2937 394 3006 crucietur,
409 2946 438 2990 et
451 2938 596 2992 innocens
610 2935 664 2992 luit
678 2955 730 3010 pro
745 2937 862 2993 incerto
875 2939 986 2992 scelere
1000 2928 1115 2991 cemus!
1134 2951 1146 3010 ¹,

138 3033 262 3091 poenas3
289 3036 350 3073 non
373 3019 443 3091 quia
464 3017 537 3076 illud
556 3020 737 3074 commisisse
755 3017 923 3094 detegitur,
948 3019 996 3074 sed
1019 3016 1090 3091 quia*

138 3103 319 3157 commisisse
333 3096 486 3157 nescituri,
504 3101 548 3156 A'c
564 3091 689 3174 perhdc
708 3103 881 3177 ignorantia
895 3102 996 3158 iudicis
1006 3102 1045 3174 ple
1062 3110 1109 3137 ud
1140 3154 1143 3163 4

138 3177 185 3239 est
197 3184 346 3239 calamitas
360 3185 551 3239 innocentis·
571 3183 611 3240 Et
625 3183 699 3256 quod
715 3192 760 3238 est
773 3184 1001 3254 intolerabilius,
1021 3175 1110 3251 mail*
1128 3191 1142 3254 i

80 3317 93 3330 ,.
138 3264 346 3341 plangendum,
360 3265 584 3341 rigandumque,
597 3269 623 3326 si
633 3266 699 3320 lieri
708 3275 819 3339 posset,
835 3264 965 3322 lontibus
977 3253 1110 3322 lacrimffl'i
1127 3287 1146 3341 p

108 3361 110 3364 ’
140 3365 207 3400 cum
219 3339 476 3420 proptereaiudeir
489 3357 625 3421 torqueat
644 3357 828 3418 accusatum,
854 3347 893 3404 rie
913 3349 1019 3405 occidat
1033 3335 1146 3424 ”ffb

140 3429 346 3499 innocentem,
370 3429 404 3484 fit
416 3448 469 3502 per
481 3431 668 3506 ignorantiae
687 3431 853 3502 miseriam,
878 3442 913 3487 ut
925 3442 954 3487 et
966 3425 1109 3496 tenuatim}
1128 3445 1146 3496 t,

95 3513 97 3518 ’
140 3519 297 3566 nocentem
316 3509 445 3580 occidat,
471 3530 556 3586 quern
571 3531 609 3568 ne
622 3515 812 3586 innocentem
827 3509 1081 3571 occiderettorserti
1128 3529 1146 3579 a,

81 3643 89 3652 „
103 3663 106 3666 -
142 3592 221 3646 enirn
235 3591 396 3648 secundum
416 3594 550 3649 istorum¹
561 3598 735 3668 sapientiam
749 3595 895 3672 delegerit
907 3615 944 3652 ex
956 3595 1004 3652 bac
1014 3579 1108 3670 iiiiii?
1129 3609 1146 3660 i,

141 3689 191 3740 re,
215 3691 301 3747 quarn
316 3673 428 3732 diutius
443 3677 493 3732 illa
506 3678 655 3733 sustinere
669 3687 833 3749 tormenta;
852 3679 936 3755 ‘quod
952 3695 1004 3734 non
1015 3659 1108 3727 conatii
1131 3691 1145 3739 p

141 3756 322 3811 conuiuisisse
336 3775 367 3812 se
381 3757 460 3813 dicit.
498 3761 563 3825 Quo
582 3760 718 3815 damnato
734 3769 764 3814 et
778 3764 896 3832 occiso,
920 3745 1108 3818 utrumnostssffl
1131 3763 1146 3819 b

140 3849 178 3886 arr
195 3835 383 3894 innocentem
397 3837 486 3894 iudex
500 3843 654 3914 occiderit,
667 3841 763 3899 adbuc
772 3847 882 3917 nescit,
895 3863 975 3920 quern
987 3831 1101 3897 ιιιίιιιθθ*Ι
1131 3853 1146 3903 a
