<?xml version="1.0" encoding="UTF-8"?>
<!DOCTYPE html PUBLIC "-//W3C//DTD XHTML 1.0 Transitional//EN"
    "http://www.w3.org/TR/xhtml1/DTD/xhtml1-transitional.dtd">
<html xmlns="http://www.w3.org/1999/xhtml" xml:lang="en" lang="en">
 <head>
  <title>
</title>
<meta http-equiv="Content-Type" content="text/html;charset=utf-8" />
  <meta name='ocr-system' content='tesseract 3.04.00' />
  <meta name='ocr-capabilities' content='ocr_page ocr_carea ocr_par ocr_line ocrx_word'/>
</head>
<body>
  <div class='ocr_page' id='page_1' title='image "./saureliiaugusti00augugoog_0164.png"; bbox 0 0 2340 4320; ppageno 0'>
   <div class='ocr_carea' id='block_1_1' title="bbox 134 181 1106 310">
    <p class='ocr_par' dir='ltr' id='par_1_1' title="bbox 134 181 1106 310">
     <span class='ocr_line' id='line_1_1' title="bbox 134 181 1106 310; baseline 0.026 -51"><span class='ocrx_word' id='word_1_1' title='bbox 134 249 137 259; x_wconf 90' lang='lat'><em>.</em></span> <span class='ocrx_word' id='word_1_2' title='bbox 229 181 795 276; x_wconf 61' lang='lat' dir='ltr'><strong>„acrvnmmrnssq-v.</strong></span> <span class='ocrx_word' id='word_1_3' title='bbox 969 223 1027 280; x_wconf 82' lang='grc' dir='ltr'><strong>ιιι</strong></span> <span class='ocrx_word' id='word_1_4' title='bbox 1095 295 1106 310; x_wconf 14' lang='grc' dir='ltr'>ἃ</span> 
     </span>
    </p>
   </div>
   <div class='ocr_carea' id='block_1_2' title="bbox 24 343 1092 1638">
    <p class='ocr_par' dir='ltr' id='par_1_2' title="bbox 24 343 1092 1618">
     <span class='ocr_line' id='line_1_2' title="bbox 24 343 1092 448; baseline -0.003 -19"><span class='ocrx_word' id='word_1_5' title='bbox 24 397 41 429; x_wconf 76' lang='lat' dir='ltr'><strong>e</strong></span> <span class='ocrx_word' id='word_1_6' title='bbox 71 373 199 431; x_wconf 86' lang='grc' dir='ltr'>ιιιιιιιιιιι</span> <span class='ocrx_word' id='word_1_7' title='bbox 208 369 377 440; x_wconf 86' lang='lat' dir='ltr'><strong>hommum,</strong></span> <span class='ocrx_word' id='word_1_8' title='bbox 389 388 450 426; x_wconf 90' lang='lat' dir='ltr'><strong>non</strong></span> <span class='ocrx_word' id='word_1_9' title='bbox 464 389 482 425; x_wconf 89' lang='lat' dir='ltr'><strong>a</strong></span> <span class='ocrx_word' id='word_1_10' title='bbox 495 367 658 444; x_wconf 82' lang='lat' dir='ltr'><strong>Tarquinio</strong></span> <span class='ocrx_word' id='word_1_11' title='bbox 671 389 753 448; x_wconf 86' lang='lat' dir='ltr'><strong>rege,</strong></span> <span class='ocrx_word' id='word_1_12' title='bbox 776 343 865 426; x_wconf 79' lang='lat' dir='ltr'><strong>sedd</strong></span> <span class='ocrx_word' id='word_1_13' title='bbox 880 369 1028 428; x_wconf 87' lang='lat' dir='ltr'><strong>daemoni·</strong></span> <span class='ocrx_word' id='word_1_14' title='bbox 1091 423 1092 426; x_wconf 74' lang='grc'>,</span> 
     </span>
     <span class='ocr_line' id='line_1_3' title="bbox 24 453 1030 528; baseline 0.004 -16"><span class='ocrx_word' id='word_1_15' title='bbox 24 479 44 512; x_wconf 77' lang='grc' dir='ltr'><strong>ιι</strong></span> <span class='ocrx_word' id='word_1_16' title='bbox 68 457 276 512; x_wconf 88' lang='lat' dir='ltr'><strong>luctdaenonunr</strong></span> <span class='ocrx_word' id='word_1_17' title='bbox 298 455 462 528; x_wconf 83' lang='lat' dir='ltr'><strong>principe,</strong></span> <span class='ocrx_word' id='word_1_18' title='bbox 475 471 535 510; x_wconf 92' lang='lat' dir='ltr'><strong>non</strong></span> <span class='ocrx_word' id='word_1_19' title='bbox 560 454 615 510; x_wconf 88' lang='lat' dir='ltr'><strong>filii</strong></span> <span class='ocrx_word' id='word_1_20' title='bbox 637 455 828 526; x_wconf 89' lang='lat' dir='ltr'><strong>occiduntur,</strong></span> <span class='ocrx_word' id='word_1_21' title='bbox 857 455 909 510; x_wconf 85' lang='lat' dir='ltr'><strong>sed</strong></span> <span class='ocrx_word' id='word_1_22' title='bbox 923 453 1030 516; x_wconf 82' lang='lat' dir='ltr'>Christi</span> 
     </span>
     <span class='ocr_line' id='line_1_4' title="bbox 24 533 605 615; baseline 0.007 -25"><span class='ocrx_word' id='word_1_23' title='bbox 24 546 56 609; x_wconf 51' lang='lat' dir='ltr'><strong>»J</strong></span> <span class='ocrx_word' id='word_1_24' title='bbox 66 557 159 615; x_wconf 83' lang='lat' dir='ltr'><strong>properes</strong></span> <span class='ocrx_word' id='word_1_25' title='bbox 169 539 231 594; x_wconf 90' lang='lat' dir='ltr'><strong>inter</strong></span> <span class='ocrx_word' id='word_1_26' title='bbox 242 537 317 593; x_wconf 87' lang='lat' dir='ltr'><strong>filios</strong></span> <span class='ocrx_word' id='word_1_27' title='bbox 334 533 605 611; x_wconf 67' lang='lat' dir='ltr'><strong>computantur?</strong></span> 
     </span>
     <span class='ocr_line' id='line_1_5' title="bbox 106 595 1030 700; baseline 0 -22"><span class='ocrx_word' id='word_1_28' title='bbox 106 621 128 679; x_wconf 85' lang='lat' dir='ltr'><strong>Si</strong></span> <span class='ocrx_word' id='word_1_29' title='bbox 142 623 196 678; x_wconf 84' lang='lat' dir='ltr'><strong>alius</strong></span> <span class='ocrx_word' id='word_1_30' title='bbox 216 623 300 676; x_wconf 88' lang='lat' dir='ltr'><strong>etiam</strong></span> <span class='ocrx_word' id='word_1_31' title='bbox 321 619 473 677; x_wconf 84' lang='lat' dir='ltr'><strong>Romanus</strong></span> <span class='ocrx_word' id='word_1_32' title='bbox 495 623 632 696; x_wconf 87' lang='lat' dir='ltr'><strong>princeps</strong></span> <span class='ocrx_word' id='word_1_33' title='bbox 655 623 831 700; x_wconf 83' lang='lat' dir='ltr'><strong>cognomine</strong></span> <span class='ocrx_word' id='word_1_34' title='bbox 850 595 1030 696; x_wconf 72' lang='lat' dir='ltr'>Torquatus,</span> 
     </span>
     <span class='ocr_line' id='line_1_6' title="bbox 40 704 1031 780; baseline 0.001 -19.988"><span class='ocrx_word' id='word_1_35' title='bbox 40 712 42 716; x_wconf 86' lang='lat'>&#39;</span> <span class='ocrx_word' id='word_1_36' title='bbox 67 704 131 777; x_wconf 83' lang='lat' dir='ltr'><strong>llum,</strong></span> <span class='ocrx_word' id='word_1_37' title='bbox 148 723 192 762; x_wconf 88' lang='lat' dir='ltr'><strong>non</strong></span> <span class='ocrx_word' id='word_1_38' title='bbox 203 707 266 778; x_wconf 90' lang='lat' dir='ltr'><strong>quia</strong></span> <span class='ocrx_word' id='word_1_39' title='bbox 278 713 384 760; x_wconf 90' lang='lat' dir='ltr'><strong>contra</strong></span> <span class='ocrx_word' id='word_1_40' title='bbox 395 705 537 778; x_wconf 88' lang='lat' dir='ltr'><strong>patriam,</strong></span> <span class='ocrx_word' id='word_1_41' title='bbox 564 705 716 762; x_wconf 87' lang='lat' dir='ltr'><strong>sedetiam</strong></span> <span class='ocrx_word' id='word_1_42' title='bbox 728 725 780 780; x_wconf 91' lang='lat' dir='ltr'><strong>pro</strong></span> <span class='ocrx_word' id='word_1_43' title='bbox 795 707 906 779; x_wconf 89' lang='lat' dir='ltr'><strong>patria,</strong></span> <span class='ocrx_word' id='word_1_44' title='bbox 932 715 1031 761; x_wconf 89' lang='lat' dir='ltr'><strong>tamen</strong></span> 
     </span>
     <span class='ocr_line' id='line_1_7' title="bbox 24 783 1069 868; baseline 0.003 -28"><span class='ocrx_word' id='word_1_45' title='bbox 24 799 53 868; x_wconf 70' lang='lat' dir='ltr'><strong>iq</strong></span> <span class='ocrx_word' id='word_1_46' title='bbox 65 789 340 862; x_wconf 87' lang='lat' dir='ltr'><strong>quiacontraimperium</strong></span> <span class='ocrx_word' id='word_1_47' title='bbox 353 805 448 859; x_wconf 86' lang='lat' dir='ltr'><strong>suum,</strong></span> <span class='ocrx_word' id='word_1_48' title='bbox 460 787 492 843; x_wconf 89' lang='lat' dir='ltr'><strong>id</strong></span> <span class='ocrx_word' id='word_1_49' title='bbox 502 783 558 860; x_wconf 80' lang='lat' dir='ltr'><strong>est‘,</strong></span> <span class='ocrx_word' id='word_1_50' title='bbox 569 799 672 846; x_wconf 92' lang='lat' dir='ltr'><strong>contra</strong></span> <span class='ocrx_word' id='word_1_51' title='bbox 683 789 783 864; x_wconf 91' lang='lat' dir='ltr'><strong>quod&#39;</strong></span> <span class='ocrx_word' id='word_1_52' title='bbox 775 798 969 864; x_wconf 84' lang='lat' dir='ltr'><strong>unperaverat</strong></span> <span class='ocrx_word' id='word_1_53' title='bbox 979 807 1030 862; x_wconf 91' lang='lat' dir='ltr'><strong>pa·</strong></span> <span class='ocrx_word' id='word_1_54' title='bbox 1068 809 1069 812; x_wconf 43' lang='lat'>¹</span> 
     </span>
     <span class='ocr_line' id='line_1_8' title="bbox 24 869 1030 970; baseline -0.004 -40"><span class='ocrx_word' id='word_1_55' title='bbox 24 871 54 930; x_wconf 72' lang='lat' dir='ltr'><strong>ui</strong></span> <span class='ocrx_word' id='word_1_56' title='bbox 65 879 94 926; x_wconf 86' lang='lat' dir='ltr'><strong>tu</strong></span> <span class='ocrx_word' id='word_1_57' title='bbox 103 874 224 946; x_wconf 72' lang='lat' dir='ltr'><strong>operator,</strong></span> <span class='ocrx_word' id='word_1_58' title='bbox 249 870 285 928; x_wconf 82' lang='lat' dir='ltr'><strong>ab</strong></span> <span class='ocrx_word' id='word_1_59' title='bbox 299 869 384 928; x_wconf 88' lang='lat' dir='ltr'><strong>hoste</strong></span> <span class='ocrx_word' id='word_1_60' title='bbox 397 881 572 946; x_wconf 82' lang='lat' dir='ltr'><strong>provocatus</strong></span> <span class='ocrx_word' id='word_1_61' title='bbox 585 873 708 930; x_wconf 82' lang='lat' dir='ltr'><strong>iuvenili</strong></span> <span class='ocrx_word' id='word_1_62' title='bbox 720 872 825 928; x_wconf 88' lang='lat' dir='ltr'><strong>ardore</strong></span> <span class='ocrx_word' id='word_1_63' title='bbox 837 881 1030 970; x_wconf 79' lang='lat' dir='ltr'>pugnaverat,</span> 
     </span>
     <span class='ocr_line' id='line_1_9' title="bbox 24 951 1033 1031; baseline 0.002 -23.089"><span class='ocrx_word' id='word_1_64' title='bbox 24 951 207 1031; x_wconf 77' lang='grc' dir='ltr'>ιιιιιιιιιιιιιι,</span> <span class='ocrx_word' id='word_1_65' title='bbox 225 954 345 1025; x_wconf 81' lang='lat' dir='ltr'><strong>occidit3</strong></span> <span class='ocrx_word' id='word_1_66' title='bbox 369 973 408 1010; x_wconf 91' lang='lat' dir='ltr'><strong>ne</strong></span> <span class='ocrx_word' id='word_1_67' title='bbox 431 958 510 1031; x_wconf 91' lang='lat' dir='ltr'><strong>plus</strong></span> <span class='ocrx_word' id='word_1_68' title='bbox 519 955 590 1024; x_wconf 85' lang='lat' dir='ltr'><strong>mali</strong></span> <span class='ocrx_word' id='word_1_69' title='bbox 612 965 690 1012; x_wconf 88' lang='lat' dir='ltr'><strong>esset</strong></span> <span class='ocrx_word' id='word_1_70' title='bbox 711 958 743 1013; x_wconf 90' lang='lat' dir='ltr'><strong>in</strong></span> <span class='ocrx_word' id='word_1_71' title='bbox 766 957 925 1031; x_wconf 83' lang='lat' dir='ltr'><strong>exemplo&#39;</strong></span> <span class='ocrx_word' id='word_1_72' title='bbox 915 956 1033 1030; x_wconf 84' lang='lat' dir='ltr'><strong>imperii</strong></span> 
     </span>
     <span class='ocr_line' id='line_1_10' title="bbox 24 1037 1031 1116; baseline 0.002 -24.064"><span class='ocrx_word' id='word_1_73' title='bbox 24 1037 60 1085; x_wconf 58' lang='grc' dir='ltr'><strong>ι’(</strong></span> <span class='ocrx_word' id='word_1_74' title='bbox 24 1041 162 1108; x_wconf 65' lang='lat' dir='ltr'><strong>tentent,</strong></span> <span class='ocrx_word' id='word_1_75' title='bbox 171 1057 248 1114; x_wconf 90' lang='lat' dir='ltr'><strong>quarn</strong></span> <span class='ocrx_word' id='word_1_76' title='bbox 260 1037 353 1094; x_wconf 88' lang='lat' dir='ltr'><strong>boni</strong></span> <span class='ocrx_word' id='word_1_77' title='bbox 344 1057 376 1093; x_wconf 88' lang='grc' dir='ltr'><strong>ιιι</strong></span> <span class='ocrx_word' id='word_1_78' title='bbox 391 1039 486 1116; x_wconf 83' lang='lat' dir='ltr'><strong>gloria</strong></span> <span class='ocrx_word' id='word_1_79' title='bbox 498 1037 591 1095; x_wconf 86' lang='lat' dir='ltr'><strong>hostis</strong></span> <span class='ocrx_word' id='word_1_80' title='bbox 606 1041 712 1098; x_wconf 86' lang='lat' dir='ltr'><strong>occisi:</strong></span> <span class='ocrx_word' id='word_1_81' title='bbox 739 1049 771 1095; x_wconf 92' lang='lat' dir='ltr'><strong>ut</strong></span> <span class='ocrx_word' id='word_1_82' title='bbox 783 1040 852 1115; x_wconf 90' lang='lat' dir='ltr'><strong>quid</strong></span> <span class='ocrx_word' id='word_1_83' title='bbox 864 1059 896 1095; x_wconf 88' lang='lat' dir='ltr'><strong>sc</strong></span> <span class='ocrx_word' id='word_1_84' title='bbox 908 1041 1031 1108; x_wconf 90' lang='lat' dir='ltr'><strong>iactent,</strong></span> 
     </span>
     <span class='ocr_line' id='line_1_11' title="bbox 24 1115 1031 1218; baseline 0.001 -42"><span class='ocrx_word' id='word_1_85' title='bbox 24 1115 52 1188; x_wconf 80' lang='grc' dir='ltr'><strong>ιιι</strong></span> <span class='ocrx_word' id='word_1_86' title='bbox 45 1122 115 1218; x_wconf 85' lang='lat' dir='ltr'><strong>pcip</strong></span> <span class='ocrx_word' id='word_1_87' title='bbox 115 1141 136 1177; x_wconf 92' lang='grc' dir='ltr'><strong>ιι</strong></span> <span class='ocrx_word' id='word_1_88' title='bbox 148 1122 306 1178; x_wconf 86' lang='lat' dir='ltr'><strong>inmortalis</strong></span> <span class='ocrx_word' id='word_1_89' title='bbox 319 1124 431 1198; x_wconf 70' lang='lat' dir='ltr'><strong>patriae</strong></span> <span class='ocrx_word' id='word_1_90' title='bbox 449 1123 563 1200; x_wconf 78' lang='lat' dir='ltr'><strong>legibus</strong></span> <span class='ocrx_word' id='word_1_91' title='bbox 585 1125 701 1195; x_wconf 88' lang='lat' dir='ltr'><strong>omnia,</strong></span> <span class='ocrx_word' id='word_1_92' title='bbox 728 1142 801 1199; x_wconf 92' lang='lat' dir='ltr'><strong>quae</strong></span> <span class='ocrx_word' id='word_1_93' title='bbox 821 1125 911 1180; x_wconf 89' lang='lat' dir='ltr'><strong>multo</strong></span> <span class='ocrx_word' id='word_1_94' title='bbox 933 1124 1031 1178; x_wconf 87' lang='lat' dir='ltr'><strong>minus</strong></span> 
     </span>
     <span class='ocr_line' id='line_1_12' title="bbox 30 1185 1030 1284; baseline 0.003 -26"><span class='ocrx_word' id='word_1_95' title='bbox 30 1185 48 1258; x_wconf 77' lang='grc' dir='ltr'><strong>ιι</strong></span> <span class='ocrx_word' id='word_1_96' title='bbox 63 1218 111 1274; x_wconf 82' lang='lat' dir='ltr'><strong>pum</strong></span> <span class='ocrx_word' id='word_1_97' title='bbox 119 1206 158 1261; x_wconf 87' lang='lat' dir='ltr'><strong>lilii</strong></span> <span class='ocrx_word' id='word_1_98' title='bbox 169 1205 338 1284; x_wconf 83' lang='lat' dir='ltr'><strong>diliguntur,</strong></span> <span class='ocrx_word' id='word_1_99' title='bbox 353 1205 428 1262; x_wconf 85' lang='lat' dir='ltr'><strong>bona</strong></span> <span class='ocrx_word' id='word_1_100' title='bbox 440 1203 781 1264; x_wconf 71' lang='lat' dir='ltr'><strong>terrenacontemnunti</strong></span> <span class='ocrx_word' id='word_1_101' title='bbox 808 1205 843 1264; x_wconf 89' lang='lat' dir='ltr'><strong>Si</strong></span> <span class='ocrx_word' id='word_1_102' title='bbox 853 1206 960 1262; x_wconf 89' lang='lat' dir='ltr'><strong>Furius</strong></span> <span class='ocrx_word' id='word_1_103' title='bbox 975 1205 1030 1262; x_wconf 87' lang='lat' dir='ltr'><strong>Ca-</strong></span> 
     </span>
     <span class='ocr_line' id='line_1_13' title="bbox 31 1289 1033 1366; baseline 0.003 -23.067"><span class='ocrx_word' id='word_1_104' title='bbox 31 1289 114 1354; x_wconf 78' lang='lat' dir='ltr'><strong>atla</strong></span> <span class='ocrx_word' id='word_1_105' title='bbox 124 1291 196 1346; x_wconf 86' lang='lat' dir='ltr'><strong>etiam</strong></span> <span class='ocrx_word' id='word_1_106' title='bbox 208 1291 357 1366; x_wconf 78' lang='lat' dir='ltr'><strong>ingratam</strong></span> <span class='ocrx_word' id='word_1_107' title='bbox 369 1291 504 1363; x_wconf 89' lang='lat' dir='ltr'><strong>patriam,</strong></span> <span class='ocrx_word' id='word_1_108' title='bbox 523 1309 540 1346; x_wconf 97' lang='lat' dir='ltr'><strong>a</strong></span> <span class='ocrx_word' id='word_1_109' title='bbox 553 1293 635 1347; x_wconf 87' lang='lat' dir='ltr'><strong>euius</strong></span> <span class='ocrx_word' id='word_1_110' title='bbox 648 1292 809 1348; x_wconf 85' lang='lat' dir='ltr'><strong>cervicibus</strong></span> <span class='ocrx_word' id='word_1_111' title='bbox 822 1292 1033 1346; x_wconf 81' lang='lat' dir='ltr'><strong>acerrunoruru</strong></span> 
     </span>
     <span class='ocr_line' id='line_1_14' title="bbox 24 1343 1071 1450; baseline 0.001 -24.026"><span class='ocrx_word' id='word_1_112' title='bbox 24 1343 136 1430; x_wconf 61' lang='lat' dir='ltr'><strong>aarum</strong></span> <span class='ocrx_word' id='word_1_113' title='bbox 147 1372 329 1430; x_wconf 83' lang='lat' dir='ltr'><strong>Veientium</strong></span> <span class='ocrx_word' id='word_1_114' title='bbox 320 1391 422 1450; x_wconf 83' lang='lat' dir='ltr'><strong>rugum</strong></span> <span class='ocrx_word' id='word_1_115' title='bbox 437 1374 602 1449; x_wconf 79' lang='lat' dir='ltr'><strong>depulerat,</strong></span> <span class='ocrx_word' id='word_1_116' title='bbox 628 1374 838 1450; x_wconf 89' lang='lat' dir='ltr'><strong>damnatusque</strong></span> <span class='ocrx_word' id='word_1_117' title='bbox 856 1375 891 1430; x_wconf 84' lang='lat' dir='ltr'><strong>ab</strong></span> <span class='ocrx_word' id='word_1_118' title='bbox 906 1375 1032 1430; x_wconf 76' lang='lat' dir='ltr'><strong>aemulis</strong></span> <span class='ocrx_word' id='word_1_119' title='bbox 1070 1443 1071 1448; x_wconf 9' lang='grc' dir='ltr'><strong>Ἰ</strong></span> 
     </span>
     <span class='ocr_line' id='line_1_15' title="bbox 24 1449 1034 1540; baseline 0.002 -31.047"><span class='ocrx_word' id='word_1_120' title='bbox 24 1449 117 1528; x_wconf 77' lang='lat' dir='ltr'><strong>uerat,</strong></span> <span class='ocrx_word' id='word_1_121' title='bbox 127 1477 142 1514; x_wconf 94' lang='lat' dir='ltr'><strong>a</strong></span> <span class='ocrx_word' id='word_1_122' title='bbox 154 1457 265 1514; x_wconf 88' lang='lat' dir='ltr'><strong>Gallis</strong></span> <span class='ocrx_word' id='word_1_123' title='bbox 256 1466 364 1512; x_wconf 84' lang='lat' dir='ltr'><strong>iterum</strong></span> <span class='ocrx_word' id='word_1_124' title='bbox 376 1457 522 1529; x_wconf 75' lang='lat' dir='ltr'><strong>liberavit,</strong></span> <span class='ocrx_word' id='word_1_125' title='bbox 538 1459 605 1532; x_wconf 89' lang='lat' dir='ltr'><strong>quia</strong></span> <span class='ocrx_word' id='word_1_126' title='bbox 617 1475 679 1514; x_wconf 92' lang='lat' dir='ltr'><strong>non</strong></span> <span class='ocrx_word' id='word_1_127' title='bbox 691 1457 815 1514; x_wconf 87' lang='lat' dir='ltr'><strong>habebat</strong></span> <span class='ocrx_word' id='word_1_128' title='bbox 826 1459 969 1540; x_wconf 84' lang='lat' dir='ltr'><strong>potiorem</strong></span> <span class='ocrx_word' id='word_1_129' title='bbox 981 1452 1034 1512; x_wconf 86' lang='lat' dir='ltr'><strong>ubi</strong></span> 
     </span>
     <span class='ocr_line' id='line_1_16' title="bbox 45 1534 1032 1638; baseline 0.002 -45"><span class='ocrx_word' id='word_1_130' title='bbox 45 1542 211 1610; x_wconf 67' lang='lat' dir='ltr'><strong>praetimere</strong></span> <span class='ocrx_word' id='word_1_131' title='bbox 224 1541 390 1617; x_wconf 81' lang='lat' dir='ltr'><strong>gloriosus3</strong></span> <span class='ocrx_word' id='word_1_132' title='bbox 409 1558 461 1595; x_wconf 92' lang='lat' dir='ltr'><strong>cur</strong></span> <span class='ocrx_word' id='word_1_133' title='bbox 474 1543 631 1596; x_wconf 82' lang='lat' dir='ltr'>extollatur</span> <span class='ocrx_word' id='word_1_134' title='bbox 643 1544 725 1597; x_wconf 90' lang='lat' dir='ltr'><strong>velut</strong></span> <span class='ocrx_word' id='word_1_135' title='bbox 738 1540 849 1618; x_wconf 80' lang='lat' dir='ltr'><strong>grande</strong></span> <span class='ocrx_word' id='word_1_136' title='bbox 864 1534 972 1638; x_wconf 85' lang='lat' dir='ltr'><strong>aliquid</strong></span> <span class='ocrx_word' id='word_1_137' title='bbox 987 1540 1032 1596; x_wconf 86' lang='lat' dir='ltr'><strong>fo-</strong></span> 
     </span>
    </p>
   </div>
   <div class='ocr_carea' id='block_1_3' title="bbox 43 1622 1137 1706">
    <p class='ocr_par' dir='ltr' id='par_1_3' title="bbox 43 1622 1137 1706">
     <span class='ocr_line' id='line_1_17' title="bbox 43 1622 1137 1706; baseline 0.003 -30"><span class='ocrx_word' id='word_1_138' title='bbox 43 1625 102 1694; x_wconf 87' lang='grc' dir='ltr'>ιιιιι,</span> <span class='ocrx_word' id='word_1_139' title='bbox 115 1627 160 1699; x_wconf 91' lang='lat' dir='ltr'><strong>qui</strong></span> <span class='ocrx_word' id='word_1_140' title='bbox 176 1625 280 1680; x_wconf 86' lang='lat' dir='ltr'><strong>forte&#39;</strong></span> <span class='ocrx_word' id='word_1_141' title='bbox 271 1641 303 1679; x_wconf 90' lang='lat' dir='ltr'><strong>m</strong></span> <span class='ocrx_word' id='word_1_142' title='bbox 316 1622 449 1679; x_wconf 80' lang='lat' dir='ltr'><strong>Ecclesia</strong></span> <span class='ocrx_word' id='word_1_143' title='bbox 461 1623 519 1680; x_wconf 87' lang='lat' dir='ltr'><strong>ab&#39;</strong></span> <span class='ocrx_word' id='word_1_144' title='bbox 510 1626 670 1680; x_wconf 85' lang='lat' dir='ltr'><strong>mimicis</strong></span> <span class='ocrx_word' id='word_1_145' title='bbox 655 1624 818 1680; x_wconf 89' lang='lat' dir='ltr'><strong>carnalibus</strong></span> <span class='ocrx_word' id='word_1_146' title='bbox 832 1625 1034 1706; x_wconf 81' lang='lat' dir='ltr'><strong>gravissimam</strong></span> <span class='ocrx_word' id='word_1_147' title='bbox 1099 1631 1105 1638; x_wconf 90' lang='lat'><em>&#39;</em></span> <span class='ocrx_word' id='word_1_148' title='bbox 1134 1657 1137 1662; x_wconf 84' lang='lat'><em>·</em></span> 
     </span>
    </p>
   </div>
   <div class='ocr_carea' id='block_1_4' title="bbox 24 1697 1102 2531">
    <p class='ocr_par' dir='ltr' id='par_1_4' title="bbox 24 1697 1102 2531">
     <span class='ocr_line' id='line_1_18' title="bbox 39 1697 1033 1782; baseline 0 -22"><span class='ocrx_word' id='word_1_149' title='bbox 39 1705 240 1765; x_wconf 72' lang='lat' dir='ltr'><strong>exhonorationis</strong></span> <span class='ocrx_word' id='word_1_150' title='bbox 253 1725 357 1782; x_wconf 86' lang='lat' dir='ltr'><strong>passus</strong></span> <span class='ocrx_word' id='word_1_151' title='bbox 371 1708 540 1779; x_wconf 88' lang='lat' dir='ltr'><strong>iniuriam,</strong></span> <span class='ocrx_word' id='word_1_152' title='bbox 548 1726 609 1764; x_wconf 90' lang='lat' dir='ltr'><strong>non</strong></span> <span class='ocrx_word' id='word_1_153' title='bbox 623 1726 655 1764; x_wconf 88' lang='lat' dir='ltr'><strong>se</strong></span> <span class='ocrx_word' id='word_1_154' title='bbox 668 1707 744 1762; x_wconf 91' lang='lat' dir='ltr'><strong>ad</strong></span> <span class='ocrx_word' id='word_1_155' title='bbox 718 1725 780 1762; x_wconf 83' lang='lat' dir='ltr'><strong>erus</strong></span> <span class='ocrx_word' id='word_1_156' title='bbox 794 1705 892 1770; x_wconf 85' lang='lat' dir='ltr'><strong>hostes</strong></span> <span class='ocrx_word' id='word_1_157' title='bbox 905 1697 1033 1762; x_wconf 85' lang='lat' dir='ltr'><strong>haereti·</strong></span> 
     </span>
     <span class='ocr_line' id='line_1_19' title="bbox 32 1789 1033 1867; baseline -0.002 -21"><span class='ocrx_word' id='word_1_158' title='bbox 32 1809 69 1846; x_wconf 87' lang='lat' dir='ltr'><strong>cos</strong></span> <span class='ocrx_word' id='word_1_159' title='bbox 79 1792 226 1862; x_wconf 74' lang='lat' dir='ltr'><strong>transtulit,</strong></span> <span class='ocrx_word' id='word_1_160' title='bbox 249 1800 301 1846; x_wconf 87' lang='lat' dir='ltr'><strong>aut</strong></span> <span class='ocrx_word' id='word_1_161' title='bbox 313 1792 438 1865; x_wconf 86' lang='lat' dir='ltr'><strong>aliquam</strong></span> <span class='ocrx_word' id='word_1_162' title='bbox 445 1801 554 1848; x_wconf 81' lang='lat' dir='ltr'><strong>contra</strong></span> <span class='ocrx_word' id='word_1_163' title='bbox 567 1793 668 1848; x_wconf 84' lang='lat' dir='ltr'><strong>illam</strong></span> <span class='ocrx_word' id='word_1_164' title='bbox 658 1810 722 1867; x_wconf 86' lang='lat' dir='ltr'><strong>rpse</strong></span> <span class='ocrx_word' id='word_1_165' title='bbox 734 1789 879 1846; x_wconf 77' lang='lat' dir='ltr'><strong>haeresim</strong></span> <span class='ocrx_word' id='word_1_166' title='bbox 893 1789 1033 1860; x_wconf 82' lang='lat' dir='ltr'><strong>condidit,</strong></span> 
     </span>
     <span class='ocr_line' id='line_1_20' title="bbox 24 1873 1035 1950; baseline 0 -22"><span class='ocrx_word' id='word_1_167' title='bbox 24 1875 67 1931; x_wconf 79' lang='lat' dir='ltr'><strong>aed</strong></span> <span class='ocrx_word' id='word_1_168' title='bbox 76 1895 131 1931; x_wconf 89' lang='lat' dir='ltr'><strong>eam</strong></span> <span class='ocrx_word' id='word_1_169' title='bbox 141 1876 238 1950; x_wconf 89' lang='lat' dir='ltr'><strong>potius</strong></span> <span class='ocrx_word' id='word_1_170' title='bbox 252 1884 393 1949; x_wconf 88' lang='lat' dir='ltr'><strong>quantum</strong></span> <span class='ocrx_word' id='word_1_171' title='bbox 406 1876 498 1930; x_wconf 81' lang='lat' dir='ltr'><strong>valuit</strong></span> <span class='ocrx_word' id='word_1_172' title='bbox 517 1877 552 1932; x_wconf 91' lang='lat' dir='ltr'><strong>ab</strong></span> <span class='ocrx_word' id='word_1_173' title='bbox 563 1874 777 1931; x_wconf 85' lang='lat' dir='ltr'><strong>haeretieorum</strong></span> <span class='ocrx_word' id='word_1_174' title='bbox 786 1873 1035 1948; x_wconf 81' lang='lat' dir='ltr'><strong>perniciosissima</strong></span> 
     </span>
     <span class='ocr_line' id='line_1_21' title="bbox 24 1954 1061 2032; baseline -0.005 -18"><span class='ocrx_word' id='word_1_175' title='bbox 24 1961 143 2032; x_wconf 71' lang='lat' dir='ltr'><strong>pravitate</strong></span> <span class='ocrx_word' id='word_1_176' title='bbox 156 1958 301 2028; x_wconf 82' lang='lat' dir='ltr'><strong>delendit3</strong></span> <span class='ocrx_word' id='word_1_177' title='bbox 328 1976 392 2013; x_wconf 91' lang='lat' dir='ltr'><strong>cum</strong></span> <span class='ocrx_word' id='word_1_178' title='bbox 405 1960 462 2014; x_wconf 90' lang='lat' dir='ltr'><strong>alia</strong></span> <span class='ocrx_word' id='word_1_179' title='bbox 475 1960 603 2030; x_wconf 80' lang='lat' dir='ltr'><strong>nonsit,</strong></span> <span class='ocrx_word' id='word_1_180' title='bbox 629 1978 689 2015; x_wconf 90' lang='lat' dir='ltr'><strong>non</strong></span> <span class='ocrx_word' id='word_1_181' title='bbox 698 1958 752 2014; x_wconf 90' lang='lat' dir='ltr'><strong>ubi</strong></span> <span class='ocrx_word' id='word_1_182' title='bbox 764 1960 881 2015; x_wconf 84' lang='lat' dir='ltr'><strong>vivatur</strong></span> <span class='ocrx_word' id='word_1_183' title='bbox 894 1957 926 2012; x_wconf 91' lang='lat' dir='ltr'><strong>in</strong></span> <span class='ocrx_word' id='word_1_184' title='bbox 939 1954 1034 2011; x_wconf 91' lang='lat' dir='ltr'><strong>homi-</strong></span> <span class='ocrx_word' id='word_1_185' title='bbox 1055 1991 1061 2010; x_wconf 48' lang='grc' dir='ltr'><strong>ι</strong></span> 
     </span>
     <span class='ocr_line' id='line_1_22' title="bbox 24 2038 1035 2120; baseline -0.004 -22"><span class='ocrx_word' id='word_1_186' title='bbox 24 2061 78 2098; x_wconf 88' lang='lat' dir='ltr'><strong>nun</strong></span> <span class='ocrx_word' id='word_1_187' title='bbox 89 2045 189 2120; x_wconf 80' lang='lat' dir='ltr'><strong>gloria,</strong></span> <span class='ocrx_word' id='word_1_188' title='bbox 203 2042 255 2099; x_wconf 91' lang='lat' dir='ltr'><strong>sed</strong></span> <span class='ocrx_word' id='word_1_189' title='bbox 269 2042 319 2097; x_wconf 86' lang='lat' dir='ltr'><strong>ubi</strong></span> <span class='ocrx_word' id='word_1_190' title='bbox 328 2043 390 2097; x_wconf 84' lang='lat' dir='ltr'><strong>rita</strong></span> <span class='ocrx_word' id='word_1_191' title='bbox 402 2043 568 2118; x_wconf 84' lang='lat' dir='ltr'><strong>acquiratur</strong></span> <span class='ocrx_word' id='word_1_192' title='bbox 578 2038 719 2098; x_wconf 66' lang='lat' dir='ltr'><strong>aeterna?</strong></span> <span class='ocrx_word' id='word_1_193' title='bbox 743 2040 776 2098; x_wconf 87' lang='lat' dir='ltr'><strong>si</strong></span> <span class='ocrx_word' id='word_1_194' title='bbox 790 2040 909 2110; x_wconf 81' lang='lat' dir='ltr'><strong>Mutius,</strong></span> <span class='ocrx_word' id='word_1_195' title='bbox 923 2049 955 2095; x_wconf 90' lang='lat' dir='ltr'><strong>ut</strong></span> <span class='ocrx_word' id='word_1_196' title='bbox 969 2058 1035 2096; x_wconf 89' lang='lat' dir='ltr'><strong>cum</strong></span> 
     </span>
     <span class='ocr_line' id='line_1_23' title="bbox 24 2124 1102 2206; baseline -0.002 -26"><span class='ocrx_word' id='word_1_197' title='bbox 24 2124 152 2182; x_wconf 83' lang='lat' dir='ltr'><strong>Porsenna</strong></span> <span class='ocrx_word' id='word_1_198' title='bbox 164 2145 237 2203; x_wconf 80' lang='lat' dir='ltr'><strong>rege</strong></span> <span class='ocrx_word' id='word_1_199' title='bbox 249 2143 309 2200; x_wconf 86' lang='lat' dir='ltr'><strong>pax</strong></span> <span class='ocrx_word' id='word_1_200' title='bbox 321 2124 416 2197; x_wconf 81' lang='lat' dir='ltr'><strong>fieret,</strong></span> <span class='ocrx_word' id='word_1_201' title='bbox 430 2128 479 2200; x_wconf 90' lang='lat' dir='ltr'><strong>qui</strong></span> <span class='ocrx_word' id='word_1_202' title='bbox 490 2128 663 2203; x_wconf 84' lang='lat' dir='ltr'><strong>gravissimo</strong></span> <span class='ocrx_word' id='word_1_203' title='bbox 673 2126 749 2182; x_wconf 91' lang='lat' dir='ltr'><strong>bello</strong></span> <span class='ocrx_word' id='word_1_204' title='bbox 761 2125 907 2182; x_wconf 88' lang='lat' dir='ltr'><strong>Romanos</strong></span> <span class='ocrx_word' id='word_1_205' title='bbox 920 2141 1034 2199; x_wconf 86' lang='lat' dir='ltr'><strong>preme·</strong></span> <span class='ocrx_word' id='word_1_206' title='bbox 1096 2193 1102 2206; x_wconf 43' lang='grc' dir='ltr'><strong><em>Ι</em></strong></span> 
     </span>
     <span class='ocr_line' id='line_1_24' title="bbox 24 2207 1053 2285; baseline -0.002 -21"><span class='ocrx_word' id='word_1_207' title='bbox 24 2209 72 2282; x_wconf 81' lang='lat' dir='ltr'><strong>lat,</strong></span> <span class='ocrx_word' id='word_1_208' title='bbox 83 2212 144 2285; x_wconf 91' lang='lat' dir='ltr'><strong>quia</strong></span> <span class='ocrx_word' id='word_1_209' title='bbox 156 2209 339 2266; x_wconf 87' lang='lat' dir='ltr'><strong>Porsennam</strong></span> <span class='ocrx_word' id='word_1_210' title='bbox 351 2211 446 2283; x_wconf 90' lang='lat' dir='ltr'><strong>ipsum</strong></span> <span class='ocrx_word' id='word_1_211' title='bbox 459 2209 593 2266; x_wconf 91' lang='lat' dir='ltr'><strong>occidere</strong></span> <span class='ocrx_word' id='word_1_212' title='bbox 606 2229 666 2266; x_wconf 91' lang='lat' dir='ltr'><strong>non</strong></span> <span class='ocrx_word' id='word_1_213' title='bbox 678 2210 785 2284; x_wconf 89' lang='lat' dir='ltr'><strong>potuit,</strong></span> <span class='ocrx_word' id='word_1_214' title='bbox 804 2218 833 2263; x_wconf 91' lang='lat' dir='ltr'><strong>et</strong></span> <span class='ocrx_word' id='word_1_215' title='bbox 844 2227 896 2282; x_wconf 86' lang='lat' dir='ltr'><strong>pro</strong></span> <span class='ocrx_word' id='word_1_216' title='bbox 912 2226 946 2262; x_wconf 90' lang='lat' dir='ltr'><strong>eo</strong></span> <span class='ocrx_word' id='word_1_217' title='bbox 961 2207 1019 2262; x_wconf 87' lang='lat' dir='ltr'><strong>alte</strong></span> <span class='ocrx_word' id='word_1_218' title='bbox 1033 2237 1035 2248; x_wconf 92' lang='lat'>·</span> <span class='ocrx_word' id='word_1_219' title='bbox 1052 2235 1053 2242; x_wconf 35' lang='grc' dir='ltr'><strong>ι</strong></span> 
     </span>
     <span class='ocr_line' id='line_1_25' title="bbox 24 2290 1034 2368; baseline -0.002 -20"><span class='ocrx_word' id='word_1_220' title='bbox 24 2311 80 2362; x_wconf 81' lang='lat' dir='ltr'><strong>rum</strong></span> <span class='ocrx_word' id='word_1_221' title='bbox 89 2293 216 2368; x_wconf 85' lang='lat' dir='ltr'><strong>deceptus</strong></span> <span class='ocrx_word' id='word_1_222' title='bbox 231 2291 356 2364; x_wconf 86' lang='lat' dir='ltr'><strong>occidit,&#39;·</strong></span> <span class='ocrx_word' id='word_1_223' title='bbox 364 2294 401 2348; x_wconf 76' lang='lat' dir='ltr'><strong>in¹</strong></span> <span class='ocrx_word' id='word_1_224' title='bbox 410 2291 560 2349; x_wconf 86' lang='lat' dir='ltr'><strong>ardentem</strong></span> <span class='ocrx_word' id='word_1_225' title='bbox 571 2311 652 2348; x_wconf 88' lang='lat' dir='ltr'><strong>aram</strong></span> <span class='ocrx_word' id='word_1_226' title='bbox 665 2303 733 2348; x_wconf 87' lang='lat' dir='ltr'><strong>ante</strong></span> <span class='ocrx_word' id='word_1_227' title='bbox 746 2293 844 2350; x_wconf 88' lang='lat' dir='ltr'><strong>oculos</strong></span> <span class='ocrx_word' id='word_1_228' title='bbox 859 2292 920 2359; x_wconf 82' lang='lat' dir='ltr'><strong>eius</strong></span> <span class='ocrx_word' id='word_1_229' title='bbox 932 2290 1034 2346; x_wconf 82' lang='lat' dir='ltr'><strong>dexte·</strong></span> 
     </span>
     <span class='ocr_line' id='line_1_26' title="bbox 26 2374 1036 2451; baseline 0 -21"><span class='ocrx_word' id='word_1_230' title='bbox 26 2394 82 2430; x_wconf 75' lang='lat' dir='ltr'><strong>tam</strong></span> <span class='ocrx_word' id='word_1_231' title='bbox 91 2376 336 2449; x_wconf 79' lang='lat' dir='ltr'><strong>extendit„diccns</strong></span> <span class='ocrx_word' id='word_1_232' title='bbox 349 2377 455 2431; x_wconf 86' lang='lat' dir='ltr'><strong>multos</strong></span> <span class='ocrx_word' id='word_1_233' title='bbox 469 2378 553 2448; x_wconf 87' lang='lat' dir='ltr'><strong>tales,</strong></span> <span class='ocrx_word' id='word_1_234' title='bbox 568 2377 681 2451; x_wconf 89' lang='lat' dir='ltr'><strong>qualem</strong></span> <span class='ocrx_word' id='word_1_235' title='bbox 693 2379 775 2432; x_wconf 88' lang='lat' dir='ltr'><strong>illum</strong></span> <span class='ocrx_word' id='word_1_236' title='bbox 787 2374 911 2446; x_wconf 89' lang='lat' dir='ltr'><strong>videret,</strong></span> <span class='ocrx_word' id='word_1_237' title='bbox 925 2376 957 2430; x_wconf 95' lang='lat' dir='ltr'><strong>in</strong></span> <span class='ocrx_word' id='word_1_238' title='bbox 972 2375 1036 2430; x_wconf 87' lang='lat' dir='ltr'><strong>eius</strong></span> 
     </span>
     <span class='ocr_line' id='line_1_27' title="bbox 30 2459 1035 2531; baseline 0.001 -19"><span class='ocrx_word' id='word_1_239' title='bbox 30 2461 133 2514; x_wconf 83' lang='lat' dir='ltr'><strong>exitium</strong></span> <span class='ocrx_word' id='word_1_240' title='bbox 143 2462 324 2531; x_wconf 86' lang='lat' dir='ltr'><strong>coniurasse;</strong></span> <span class='ocrx_word' id='word_1_241' title='bbox 338 2460 419 2516; x_wconf 84' lang='lat' dir='ltr'><strong>cuius</strong></span> <span class='ocrx_word' id='word_1_242' title='bbox 432 2460 482 2515; x_wconf 91' lang='lat' dir='ltr'><strong>illc</strong></span> <span class='ocrx_word' id='word_1_243' title='bbox 494 2459 698 2516; x_wconf 89' lang='lat' dir='ltr'><strong>fortitudinem</strong></span> <span class='ocrx_word' id='word_1_244' title='bbox 707 2469 737 2516; x_wconf 90' lang='lat' dir='ltr'><strong>et</strong></span> <span class='ocrx_word' id='word_1_245' title='bbox 747 2460 979 2515; x_wconf 88' lang='lat' dir='ltr'><strong>coniurationem</strong></span> <span class='ocrx_word' id='word_1_246' title='bbox 990 2467 1035 2513; x_wconf 90' lang='lat' dir='ltr'><strong>ta-</strong></span> 
     </span>
    </p>
   </div>
   <div class='ocr_carea' id='block_1_5' title="bbox 24 2542 1140 2702">
    <p class='ocr_par' dir='ltr' id='par_1_5' title="bbox 24 2542 1140 2702">
     <span class='ocr_line' id='line_1_28' title="bbox 28 2542 1140 2617; baseline 0 -21"><span class='ocrx_word' id='word_1_247' title='bbox 28 2542 322 2617; x_wconf 78' lang='lat' dir='ltr'><strong>linrnperlorrescens,</strong></span> <span class='ocrx_word' id='word_1_248' title='bbox 336 2543 400 2598; x_wconf 88' lang='lat' dir='ltr'><strong>sino</strong></span> <span class='ocrx_word' id='word_1_249' title='bbox 410 2544 469 2598; x_wconf 90' lang='lat' dir='ltr'><strong>ulla</strong></span> <span class='ocrx_word' id='word_1_250' title='bbox 482 2543 621 2599; x_wconf 91' lang='lat' dir='ltr'><strong>dilatione</strong></span> <span class='ocrx_word' id='word_1_251' title='bbox 632 2543 709 2605; x_wconf 85' lang='lat' dir='ltr'><strong>seab</strong></span> <span class='ocrx_word' id='word_1_252' title='bbox 723 2544 773 2598; x_wconf 92' lang='lat' dir='ltr'><strong>illo</strong></span> <span class='ocrx_word' id='word_1_253' title='bbox 787 2542 862 2598; x_wconf 88' lang='lat' dir='ltr'><strong>bello</strong></span> <span class='ocrx_word' id='word_1_254' title='bbox 875 2542 953 2598; x_wconf 90' lang='lat' dir='ltr'><strong>facta</strong></span> <span class='ocrx_word' id='word_1_255' title='bbox 965 2559 1036 2616; x_wconf 93' lang='lat' dir='ltr'><strong>pace</strong></span> <span class='ocrx_word' id='word_1_256' title='bbox 1135 2601 1140 2608; x_wconf 11' lang='lat' dir='ltr'><strong>p</strong></span> 
     </span>
     <span class='ocr_line' id='line_1_29' title="bbox 24 2628 1122 2702; baseline -0.003 -20"><span class='ocrx_word' id='word_1_257' title='bbox 24 2629 196 2700; x_wconf 86' lang='lat' dir='ltr'><strong>conpescuit:</strong></span> <span class='ocrx_word' id='word_1_258' title='bbox 222 2628 288 2702; x_wconf 85' lang='lat' dir='ltr'><strong>quis</strong></span> <span class='ocrx_word' id='word_1_259' title='bbox 301 2644 393 2702; x_wconf 85' lang='lat' dir='ltr'><strong>regno</strong></span> <span class='ocrx_word' id='word_1_260' title='bbox 406 2629 553 2684; x_wconf 88' lang='lat' dir='ltr'><strong>coelorum</strong></span> <span class='ocrx_word' id='word_1_261' title='bbox 566 2629 760 2702; x_wconf 87' lang='lat' dir='ltr'><strong>imputaturus</strong></span> <span class='ocrx_word' id='word_1_262' title='bbox 781 2634 825 2681; x_wconf 91' lang='lat' dir='ltr'><strong>est</strong></span> <span class='ocrx_word' id='word_1_263' title='bbox 846 2628 953 2690; x_wconf 77' lang='lat' dir='ltr'><strong>merita</strong></span> <span class='ocrx_word' id='word_1_264' title='bbox 972 2643 1036 2695; x_wconf 88' lang='lat' dir='ltr'><strong>sua,</strong></span> <span class='ocrx_word' id='word_1_265' title='bbox 1119 2679 1122 2690; x_wconf 74' lang='grc'><strong>,</strong></span> 
     </span>
    </p>
   </div>
   <div class='ocr_carea' id='block_1_6' title="bbox 24 2707 1037 3203">
    <p class='ocr_par' dir='ltr' id='par_1_6' title="bbox 24 2707 1037 3203">
     <span class='ocr_line' id='line_1_30' title="bbox 24 2707 1037 2786; baseline -0.001 -22"><span class='ocrx_word' id='word_1_266' title='bbox 24 2711 42 2764; x_wconf 87' lang='grc' dir='ltr'><strong>ιι</strong></span> <span class='ocrx_word' id='word_1_267' title='bbox 51 2729 97 2784; x_wconf 87' lang='lat' dir='ltr'><strong>pro</strong></span> <span class='ocrx_word' id='word_1_268' title='bbox 110 2713 158 2768; x_wconf 93' lang='lat' dir='ltr'><strong>illo</strong></span> <span class='ocrx_word' id='word_1_269' title='bbox 170 2720 233 2766; x_wconf 88' lang='lat' dir='ltr'><strong>non</strong></span> <span class='ocrx_word' id='word_1_270' title='bbox 246 2727 336 2772; x_wconf 83' lang='lat' dir='ltr'><strong>unani</strong></span> <span class='ocrx_word' id='word_1_271' title='bbox 350 2727 478 2780; x_wconf 87' lang='lat' dir='ltr'><strong>manum,</strong></span> <span class='ocrx_word' id='word_1_272' title='bbox 498 2728 593 2786; x_wconf 90' lang='lat' dir='ltr'><strong>neque</strong></span> <span class='ocrx_word' id='word_1_273' title='bbox 605 2710 661 2765; x_wconf 90' lang='lat' dir='ltr'><strong>hoc</strong></span> <span class='ocrx_word' id='word_1_274' title='bbox 674 2710 730 2765; x_wconf 91' lang='lat' dir='ltr'><strong>sibi</strong></span> <span class='ocrx_word' id='word_1_275' title='bbox 743 2711 820 2766; x_wconf 91' lang='lat' dir='ltr'><strong>ultro</strong></span> <span class='ocrx_word' id='word_1_276' title='bbox 833 2708 962 2779; x_wconf 87' lang='lat' dir='ltr'><strong>faciens,</strong></span> <span class='ocrx_word' id='word_1_277' title='bbox 985 2707 1037 2764; x_wconf 88' lang='lat' dir='ltr'><strong>sed</strong></span> 
     </span>
     <span class='ocr_line' id='line_1_31' title="bbox 24 2787 1035 2870; baseline -0.001 -23"><span class='ocrx_word' id='word_1_278' title='bbox 24 2804 195 2870; x_wconf 71' lang='lat' dir='ltr'><strong>persequente</strong></span> <span class='ocrx_word' id='word_1_279' title='bbox 209 2795 308 2868; x_wconf 89' lang='lat' dir='ltr'><strong>aliquo</strong></span> <span class='ocrx_word' id='word_1_280' title='bbox 320 2795 448 2867; x_wconf 90' lang='lat' dir='ltr'><strong>patiens,</strong></span> <span class='ocrx_word' id='word_1_281' title='bbox 461 2802 563 2864; x_wconf 18' lang='lat' dir='ltr'><strong>totum,</strong></span> <span class='ocrx_word' id='word_1_282' title='bbox 576 2792 699 2850; x_wconf 88' lang='lat' dir='ltr'><strong>flammis</strong></span> <span class='ocrx_word' id='word_1_283' title='bbox 714 2809 819 2868; x_wconf 88' lang='lat' dir='ltr'><strong>corpus</strong></span> <span class='ocrx_word' id='word_1_284' title='bbox 839 2787 1035 2867; x_wconf 63' lang='lat' dir='ltr'><strong>impenderit?</strong></span> 
     </span>
     <span class='ocr_line' id='line_1_32' title="bbox 24 2874 1036 2952; baseline -0.002 -20"><span class='ocrx_word' id='word_1_285' title='bbox 24 2874 49 2932; x_wconf 81' lang='lat' dir='ltr'><strong>st</strong></span> <span class='ocrx_word' id='word_1_286' title='bbox 59 2876 167 2934; x_wconf 87' lang='lat' dir='ltr'><strong>Curtius</strong></span> <span class='ocrx_word' id='word_1_287' title='bbox 180 2887 310 2933; x_wconf 88' lang='lat' dir='ltr'><strong>armatus</strong></span> <span class='ocrx_word' id='word_1_288' title='bbox 324 2879 525 2952; x_wconf 63' lang='lat' dir='ltr'><strong>equo,concito</strong></span> <span class='ocrx_word' id='word_1_289' title='bbox 538 2879 570 2936; x_wconf 91' lang='lat' dir='ltr'><strong>in</strong></span> <span class='ocrx_word' id='word_1_290' title='bbox 589 2878 741 2951; x_wconf 84' lang='lat' dir='ltr'><strong>abruptum</strong></span> <span class='ocrx_word' id='word_1_291' title='bbox 762 2876 873 2933; x_wconf 90' lang='lat' dir='ltr'><strong>hiatum</strong></span> <span class='ocrx_word' id='word_1_292' title='bbox 890 2885 990 2946; x_wconf 87' lang='lat' dir='ltr'><strong>terrae</strong></span> <span class='ocrx_word' id='word_1_293' title='bbox 1003 2894 1036 2930; x_wconf 90' lang='lat' dir='ltr'><strong>se</strong></span> 
     </span>
     <span class='ocr_line' id='line_1_33' title="bbox 24 2959 1035 3040; baseline -0.001 -25"><span class='ocrx_word' id='word_1_294' title='bbox 24 2963 192 3036; x_wconf 77' lang='lat' dir='ltr'><strong>praecipitent</strong></span> <span class='ocrx_word' id='word_1_295' title='bbox 206 2959 297 3031; x_wconf 88' lang='lat' dir='ltr'><strong>dedit,</strong></span> <span class='ocrx_word' id='word_1_296' title='bbox 324 2959 444 3028; x_wconf 88' lang='lat' dir='ltr'><strong>deorum</strong></span> <span class='ocrx_word' id='word_1_297' title='bbox 456 2979 574 3017; x_wconf 87' lang='lat' dir='ltr'><strong>suorum</strong></span> <span class='ocrx_word' id='word_1_298' title='bbox 587 2961 711 3040; x_wconf 85' lang='lat' dir='ltr'><strong>oraculis</strong></span> <span class='ocrx_word' id='word_1_299' title='bbox 727 2962 871 3032; x_wconf 87' lang='lat' dir='ltr'><strong>serviens,</strong></span> <span class='ocrx_word' id='word_1_300' title='bbox 898 2961 1035 3036; x_wconf 88' lang='lat' dir='ltr'><strong>quoniam</strong></span> 
     </span>
     <span class='ocr_line' id='line_1_34' title="bbox 24 3041 1034 3120; baseline -0.003 -22"><span class='ocrx_word' id='word_1_301' title='bbox 24 3045 149 3102; x_wconf 84' lang='lat' dir='ltr'><strong>iusserant</strong></span> <span class='ocrx_word' id='word_1_302' title='bbox 167 3054 204 3101; x_wconf 86' lang='lat' dir='ltr'><strong>ut</strong></span> <span class='ocrx_word' id='word_1_303' title='bbox 220 3045 291 3100; x_wconf 90' lang='lat' dir='ltr'><strong>illuc</strong></span> <span class='ocrx_word' id='word_1_304' title='bbox 308 3043 339 3099; x_wconf 89' lang='lat' dir='ltr'><strong>id</strong></span> <span class='ocrx_word' id='word_1_305' title='bbox 356 3044 432 3118; x_wconf 91' lang='lat' dir='ltr'><strong>quod</strong></span> <span class='ocrx_word' id='word_1_306' title='bbox 451 3041 577 3100; x_wconf 88' lang='lat' dir='ltr'><strong>Romani</strong></span> <span class='ocrx_word' id='word_1_307' title='bbox 593 3043 734 3099; x_wconf 86' lang='lat' dir='ltr'><strong>haberent</strong></span> <span class='ocrx_word' id='word_1_308' title='bbox 752 3047 892 3120; x_wconf 89' lang='lat' dir='ltr'><strong>optimum</strong></span> <span class='ocrx_word' id='word_1_309' title='bbox 903 3045 1034 3100; x_wconf 87' lang='lat' dir='ltr'><strong>mittere-</strong></span> 
     </span>
     <span class='ocr_line' id='line_1_35' title="bbox 24 3126 1035 3203; baseline -0.009 -16"><span class='ocrx_word' id='word_1_310' title='bbox 24 3145 65 3198; x_wconf 83' lang='lat' dir='ltr'><strong>ur,</strong></span> <span class='ocrx_word' id='word_1_311' title='bbox 76 3148 130 3186; x_wconf 88' lang='lat' dir='ltr'><strong>nee</strong></span> <span class='ocrx_word' id='word_1_312' title='bbox 142 3126 223 3184; x_wconf 89' lang='lat' dir='ltr'><strong>aliud</strong></span> <span class='ocrx_word' id='word_1_313' title='bbox 236 3128 402 3203; x_wconf 82' lang='lat' dir='ltr'><strong>intelligere</strong></span> <span class='ocrx_word' id='word_1_314' title='bbox 416 3137 586 3202; x_wconf 84' lang='lat' dir='ltr'><strong>potuerunt,</strong></span> <span class='ocrx_word' id='word_1_315' title='bbox 599 3145 686 3202; x_wconf 82' lang='lat' dir='ltr'><strong>quam</strong></span> <span class='ocrx_word' id='word_1_316' title='bbox 695 3129 767 3184; x_wconf 80' lang='lat' dir='ltr'><strong>viris</strong></span> <span class='ocrx_word' id='word_1_317' title='bbox 779 3130 923 3202; x_wconf 86' lang='lat' dir='ltr'><strong>armisque</strong></span> <span class='ocrx_word' id='word_1_318' title='bbox 936 3145 967 3181; x_wconf 88' lang='lat' dir='ltr'><strong>se</strong></span> <span class='ocrx_word' id='word_1_319' title='bbox 982 3142 1035 3178; x_wconf 80' lang='lat' dir='ltr'><strong>ex-</strong></span> 
     </span>
    </p>
   </div>
   <div class='ocr_carea' id='block_1_7' title="bbox 24 3205 1131 3290">
    <p class='ocr_par' dir='ltr' id='par_1_7' title="bbox 24 3205 1131 3290">
     <span class='ocr_line' id='line_1_36' title="bbox 24 3205 1131 3290; baseline -0.005 -24"><span class='ocrx_word' id='word_1_320' title='bbox 24 3214 120 3285; x_wconf 74' lang='lat' dir='ltr'><strong>sllere,</strong></span> <span class='ocrx_word' id='word_1_321' title='bbox 134 3210 213 3268; x_wconf 89' lang='lat' dir='ltr'><strong>unde</strong></span> <span class='ocrx_word' id='word_1_322' title='bbox 229 3209 363 3290; x_wconf 84' lang='lat' dir='ltr'><strong>videlicet</strong></span> <span class='ocrx_word' id='word_1_323' title='bbox 377 3211 528 3285; x_wconf 89' lang='lat' dir='ltr'><strong>oportebat</strong></span> <span class='ocrx_word' id='word_1_324' title='bbox 539 3211 704 3267; x_wconf 78' lang='lat' dir='ltr'><strong>utdcorurn</strong></span> <span class='ocrx_word' id='word_1_325' title='bbox 717 3213 803 3268; x_wconf 80' lang='lat' dir='ltr'><strong>iussis</strong></span> <span class='ocrx_word' id='word_1_326' title='bbox 818 3213 849 3268; x_wconf 91' lang='lat' dir='ltr'><strong>in</strong></span> <span class='ocrx_word' id='word_1_327' title='bbox 862 3212 945 3265; x_wconf 88' lang='lat' dir='ltr'><strong>illum</strong></span> <span class='ocrx_word' id='word_1_328' title='bbox 956 3205 1046 3264; x_wconf 55' lang='lat' dir='ltr'><strong>inte?</strong></span> <span class='ocrx_word' id='word_1_329' title='bbox 1128 3235 1131 3244; x_wconf 78' lang='lat'><strong>,</strong></span> 
     </span>
    </p>
   </div>
   <div class='ocr_carea' id='block_1_8' title="bbox 24 3293 1107 3956">
    <p class='ocr_par' dir='ltr' id='par_1_8' title="bbox 24 3293 1101 3788">
     <span class='ocr_line' id='line_1_37' title="bbox 24 3293 1036 3374; baseline -0.009 -19"><span class='ocrx_word' id='word_1_330' title='bbox 24 3297 91 3354; x_wconf 72' lang='lat' dir='ltr'><strong>tum</strong></span> <span class='ocrx_word' id='word_1_331' title='bbox 103 3297 151 3353; x_wconf 87' lang='lat' dir='ltr'><strong>vir</strong></span> <span class='ocrx_word' id='word_1_332' title='bbox 163 3295 406 3368; x_wconf 84' lang='lat' dir='ltr'><strong>praecipitaretur</strong></span> <span class='ocrx_word' id='word_1_333' title='bbox 416 3303 557 3350; x_wconf 86' lang='lat' dir='ltr'><strong>armatus:</strong></span> <span class='ocrx_word' id='word_1_334' title='bbox 572 3293 640 3369; x_wconf 89' lang='lat' dir='ltr'><strong>quid</strong></span> <span class='ocrx_word' id='word_1_335' title='bbox 652 3313 683 3350; x_wconf 88' lang='lat' dir='ltr'><strong>se</strong></span> <span class='ocrx_word' id='word_1_336' title='bbox 695 3314 835 3374; x_wconf 78' lang='lat' dir='ltr'><strong>magnum</strong></span> <span class='ocrx_word' id='word_1_337' title='bbox 848 3312 900 3369; x_wconf 93' lang='lat' dir='ltr'><strong>pro</strong></span> <span class='ocrx_word' id='word_1_338' title='bbox 915 3300 1036 3354; x_wconf 84' lang='lat' dir='ltr'><strong>aeterna</strong></span> 
     </span>
     <span class='ocr_line' id='line_1_38' title="bbox 24 3375 1035 3458; baseline -0.009 -22"><span class='ocrx_word' id='word_1_339' title='bbox 24 3379 96 3436; x_wconf 72' lang='lat' dir='ltr'><strong>utria</strong></span> <span class='ocrx_word' id='word_1_340' title='bbox 108 3377 217 3436; x_wconf 83' lang='lat' dir='ltr'><strong>fecisse</strong></span> <span class='ocrx_word' id='word_1_341' title='bbox 230 3378 360 3434; x_wconf 87' lang='lat' dir='ltr'><strong>dicturus</strong></span> <span class='ocrx_word' id='word_1_342' title='bbox 375 3385 430 3452; x_wconf 86' lang='lat' dir='ltr'><strong>est,</strong></span> <span class='ocrx_word' id='word_1_343' title='bbox 458 3379 508 3454; x_wconf 90' lang='lat' dir='ltr'><strong>qui</strong></span> <span class='ocrx_word' id='word_1_344' title='bbox 520 3379 645 3453; x_wconf 88' lang='lat' dir='ltr'><strong>aliquem</strong></span> <span class='ocrx_word' id='word_1_345' title='bbox 657 3375 726 3434; x_wconf 88' lang='lat' dir='ltr'><strong>fidei</strong></span> <span class='ocrx_word' id='word_1_346' title='bbox 739 3397 809 3434; x_wconf 87' lang='lat' dir='ltr'><strong>suae</strong></span> <span class='ocrx_word' id='word_1_347' title='bbox 820 3393 921 3458; x_wconf 77' lang='lat' dir='ltr'><strong>passus</strong></span> <span class='ocrx_word' id='word_1_348' title='bbox 935 3375 1035 3428; x_wconf 86' lang='lat' dir='ltr'><strong>inimi-</strong></span> 
     </span>
     <span class='ocr_line' id='line_1_39' title="bbox 24 3458 1035 3535; baseline -0.005 -16"><span class='ocrx_word' id='word_1_349' title='bbox 24 3481 78 3535; x_wconf 87' lang='lat' dir='ltr'><strong>un,</strong></span> <span class='ocrx_word' id='word_1_350' title='bbox 103 3481 167 3519; x_wconf 91' lang='lat' dir='ltr'><strong>non</strong></span> <span class='ocrx_word' id='word_1_351' title='bbox 180 3479 213 3516; x_wconf 86' lang='lat' dir='ltr'><strong>se</strong></span> <span class='ocrx_word' id='word_1_352' title='bbox 225 3463 302 3517; x_wconf 90' lang='lat' dir='ltr'><strong>ultro</strong></span> <span class='ocrx_word' id='word_1_353' title='bbox 316 3462 349 3516; x_wconf 91' lang='lat' dir='ltr'><strong>in</strong></span> <span class='ocrx_word' id='word_1_354' title='bbox 361 3463 449 3517; x_wconf 91' lang='lat' dir='ltr'><strong>talem</strong></span> <span class='ocrx_word' id='word_1_355' title='bbox 461 3469 584 3517; x_wconf 88' lang='lat' dir='ltr'><strong>mortem</strong></span> <span class='ocrx_word' id='word_1_356' title='bbox 594 3463 728 3535; x_wconf 85' lang='lat' dir='ltr'><strong>mittens,</strong></span> <span class='ocrx_word' id='word_1_357' title='bbox 755 3462 807 3518; x_wconf 86' lang='lat' dir='ltr'><strong>sed</strong></span> <span class='ocrx_word' id='word_1_358' title='bbox 820 3459 854 3516; x_wconf 89' lang='lat' dir='ltr'><strong>ab</strong></span> <span class='ocrx_word' id='word_1_359' title='bbox 868 3459 918 3514; x_wconf 91' lang='lat' dir='ltr'><strong>illo</strong></span> <span class='ocrx_word' id='word_1_360' title='bbox 930 3458 1035 3514; x_wconf 85' lang='lat' dir='ltr'><strong>missus</strong></span> 
     </span>
     <span class='ocr_line' id='line_1_40' title="bbox 24 3533 1101 3620; baseline -0.005 -18"><span class='ocrx_word' id='word_1_361' title='bbox 24 3543 122 3618; x_wconf 78' lang='lat' dir='ltr'><strong>lierit3</strong></span> <span class='ocrx_word' id='word_1_362' title='bbox 150 3543 384 3620; x_wconf 82' lang='lat' dir='ltr'><strong>quandoquidem</strong></span> <span class='ocrx_word' id='word_1_363' title='bbox 401 3562 419 3599; x_wconf 89' lang='lat' dir='ltr'><strong>a</strong></span> <span class='ocrx_word' id='word_1_364' title='bbox 436 3542 562 3601; x_wconf 92' lang='lat' dir='ltr'><strong>Domino</strong></span> <span class='ocrx_word' id='word_1_365' title='bbox 582 3562 636 3601; x_wconf 91' lang='lat' dir='ltr'><strong>suo</strong></span> <span class='ocrx_word' id='word_1_366' title='bbox 651 3546 808 3620; x_wconf 87' lang='lat' dir='ltr'><strong>codemque</strong></span> <span class='ocrx_word' id='word_1_367' title='bbox 830 3560 902 3618; x_wconf 83' lang='lat' dir='ltr'><strong>rege</strong></span> <span class='ocrx_word' id='word_1_368' title='bbox 924 3542 1036 3612; x_wconf 88' lang='lat' dir='ltr'><strong>patriae</strong></span> <span class='ocrx_word' id='word_1_369' title='bbox 1098 3533 1101 3544; x_wconf 17' lang='grc' dir='ltr'>ι</span> 
     </span>
     <span class='ocr_line' id='line_1_41' title="bbox 24 3625 1036 3702; baseline -0.003 -18"><span class='ocrx_word' id='word_1_370' title='bbox 24 3648 69 3684; x_wconf 86' lang='lat' dir='ltr'><strong>uae</strong></span> <span class='ocrx_word' id='word_1_371' title='bbox 82 3629 195 3686; x_wconf 87' lang='lat' dir='ltr'><strong>certius</strong></span> <span class='ocrx_word' id='word_1_372' title='bbox 210 3629 358 3684; x_wconf 90' lang='lat' dir='ltr'><strong>oraculum</strong></span> <span class='ocrx_word' id='word_1_373' title='bbox 370 3629 497 3702; x_wconf 85' lang='lat' dir='ltr'><strong>accepit,</strong></span> <span class='ocrx_word' id='word_1_374' title='bbox 517 3625 617 3698; x_wconf 77' lang='lat' dir='ltr'><strong>&#39;Nolite</strong></span> <span class='ocrx_word' id='word_1_375' title='bbox 630 3631 733 3684; x_wconf 84' lang='lat' dir='ltr'><strong>timere</strong></span> <span class='ocrx_word' id='word_1_376' title='bbox 746 3643 794 3684; x_wconf 79' lang='lat' dir='ltr'><strong>eos</strong></span> <span class='ocrx_word' id='word_1_377' title='bbox 809 3627 859 3702; x_wconf 82' lang='lat' dir='ltr'><strong>qui</strong></span> <span class='ocrx_word' id='word_1_378' title='bbox 871 3640 976 3700; x_wconf 82' lang='lat' dir='ltr'><strong>corpus</strong></span> <span class='ocrx_word' id='word_1_379' title='bbox 989 3643 1036 3681; x_wconf 93' lang='lat' dir='ltr'><strong>oc-</strong></span> 
     </span>
     <span class='ocr_line' id='line_1_42' title="bbox 24 3705 1068 3788; baseline -0.005 -20"><span class='ocrx_word' id='word_1_380' title='bbox 24 3714 114 3782; x_wconf 81' lang='grc' dir='ltr'>ιιιιιιι,</span> <span class='ocrx_word' id='word_1_381' title='bbox 140 3711 272 3766; x_wconf 83' lang='lat' dir='ltr'><strong>animam</strong></span> <span class='ocrx_word' id='word_1_382' title='bbox 285 3707 750 3788; x_wconf 78' lang='lat' dir='ltr'><strong>autemnonpossuntoccidere?</strong></span> <span class='ocrx_word' id='word_1_383' title='bbox 769 3707 847 3764; x_wconf 84' lang='lat' dir='ltr'><strong>Slse</strong></span> <span class='ocrx_word' id='word_1_384' title='bbox 861 3705 1036 3787; x_wconf 87' lang='lat' dir='ltr'><strong>occidendos</strong></span> <span class='ocrx_word' id='word_1_385' title='bbox 1063 3733 1068 3740; x_wconf 93' lang='lat'><strong>·</strong></span> 
     </span>
    </p>

    <p class='ocr_par' dir='ltr' id='par_1_9' title="bbox 24 3790 1107 3956">
     <span class='ocr_line' id='line_1_43' title="bbox 26 3790 1107 3866; baseline -0.004 -16"><span class='ocrx_word' id='word_1_386' title='bbox 26 3797 90 3850; x_wconf 84' lang='lat' dir='ltr'><strong>ertis</strong></span> <span class='ocrx_word' id='word_1_387' title='bbox 103 3792 208 3850; x_wconf 80' lang='lat' dir='ltr'><strong>verbis</strong></span> <span class='ocrx_word' id='word_1_388' title='bbox 226 3791 431 3866; x_wconf 87' lang='lat' dir='ltr'><strong>quodammodo</strong></span> <span class='ocrx_word' id='word_1_389' title='bbox 452 3801 656 3849; x_wconf 87' lang='lat' dir='ltr'><strong>consecrantes</strong></span> <span class='ocrx_word' id='word_1_390' title='bbox 676 3790 763 3847; x_wconf 89' lang='lat' dir='ltr'><strong>Decii</strong></span> <span class='ocrx_word' id='word_1_391' title='bbox 784 3791 1039 3860; x_wconf 82' lang='lat' dir='ltr'><strong>devove1·unt„ut</strong></span> <span class='ocrx_word' id='word_1_392' title='bbox 1099 3817 1107 3838; x_wconf 67' lang='grc' dir='ltr'><strong>ι</strong></span> 
     </span>
     <span class='ocr_line' id='line_1_44' title="bbox 24 3872 1035 3956; baseline 0.001 -25"><span class='ocrx_word' id='word_1_393' title='bbox 24 3879 61 3931; x_wconf 82' lang='grc' dir='ltr'>[ιιι</span> <span class='ocrx_word' id='word_1_394' title='bbox 73 3875 250 3954; x_wconf 86' lang='lat' dir='ltr'><strong>cadentibus</strong></span> <span class='ocrx_word' id='word_1_395' title='bbox 264 3883 293 3929; x_wconf 88' lang='lat' dir='ltr'><strong>et</strong></span> <span class='ocrx_word' id='word_1_396' title='bbox 311 3877 384 3932; x_wconf 86' lang='lat' dir='ltr'><strong>iram</strong></span> <span class='ocrx_word' id='word_1_397' title='bbox 402 3874 521 3932; x_wconf 84' lang='lat' dir='ltr'><strong>deorum</strong></span> <span class='ocrx_word' id='word_1_398' title='bbox 540 3875 684 3952; x_wconf 78' lang='lat' dir='ltr'><strong>sanguine</strong></span> <span class='ocrx_word' id='word_1_399' title='bbox 706 3891 757 3930; x_wconf 86' lang='lat' dir='ltr'><strong>suo</strong></span> <span class='ocrx_word' id='word_1_400' title='bbox 781 3873 960 3949; x_wconf 89' lang='lat' dir='ltr'><strong>placantibus</strong></span> <span class='ocrx_word' id='word_1_401' title='bbox 975 3872 1035 3956; x_wconf 79' lang='lat' dir='ltr'><strong>Rc·</strong></span> 
     </span>
    </p>
   </div>
   <div class='ocr_carea' id='block_1_9' title="bbox 0 0 1179 4320">
    <p class='ocr_par' dir='ltr' id='par_1_10' title="bbox 0 0 1179 4320">
     <span class='ocr_line' id='line_1_45' title="bbox 0 0 1179 4320; baseline 0 0"><span class='ocrx_word' id='word_1_402' title='bbox 0 0 1179 4320; x_wconf 95' lang='lat' dir='ltr'><strong> </strong></span> 
     </span>
    </p>
   </div>
  </div>
 </body>
</html>
