2340 4320
103 228 160 280 l-l‘l
225 229 272 276 ¹.
325 205 897 290 lJlVlleiELllAVGVSTlNl

102 373 152 428 scd
167 372 302 447 quoniam
317 369 433 426 Stoicos
445 367 529 438 dicit,
548 369 608 424 vim
621 365 675 423 fati
685 375 862 444 asserentes,
875 369 949 426 istos
963 389 1000 426 ex
1013 370 1098 430 Home

101 475 136 511 ro
152 473 254 511 versus
269 456 363 509 solere
376 470 529 526 usurpare,
544 465 604 506 non
618 450 652 506 (le
666 452 745 507 illius
758 461 872 525 poetae,
886 453 937 508 sed
951 453 987 509 de
996 445 1105 512 'istorum

99 535 336 615 philosophorum
350 537 487 608 opinione
500 544 659 603 tractatur,
679 553 745 591 cum
757 553 809 608 per
821 537 895 594 istos
908 555 1030 609 versus,
1051 557 1105 614 quos

101 621 293 695 disputationi
307 617 454 688 adhibent,
469 616 603 692 quamde
620 607 680 672 fato
692 614 816 694 labent,
833 617 903 692 quid
916 611 1047 678 sentiant
1059 641 1104 676 esse

100 705 202 774 fatum,
217 703 398 775 apertissime
412 700 588 771 declaratur,
608 701 747 774 quoniam
761 698 858 756 lovem
871 704 1026 774 appellant,
1042 723 1109 778 quea
1121 736 1128 756 .-

101 803 243 842 summum
258 782 343 840 deum
357 793 470 858 patant,
494 801 511 838 a
525 801 583 866 qqo
597 784 810 840 connexionem
824 782 927 839 dicunt
941 782 1067 858 pendere
1078 787 1106 842 la·
1123 820 1126 854 ᾗ

99 881 206 925 torum.
307 885 309 890 ’
494 881 495 886 ’
1126 889 1128 892 ·

100 1046 144 1099 De
151 1043 332 1115 praescientia
342 1042 396 1096 De'a'
407 1053 434 1096 et
444 1041 528 1096 libera
538 1037 651 1096 dominia
661 1047 813 1109 voluntate,
833 1053 928 1098 coam
940 1043 1073 1098 Ciceronis
1082 1047 1109 1096 de·
1130 1059 1166 1110 ‘p

386 1173 387 1178 ,
525 1113 691 1182 ‘finitionem
749 1147 755 1152 --
786 1146 794 1174 o
1012 1117 1014 1124 ⁴
1130 1153 1137 1193 p
1160 1164 1170 1167 ,

103 1267 105 1278 Ι
166 1204 229 1260 llos
244 1203 346 1261 Cicero
360 1204 401 1258 ita
414 1201 591 1281 redarguere
604 1205 721 1276 nititur,
734 1213 769 1260 ut
781 1222 841 1259 non
855 1206 1006 1260 existimet
1019 1203 1111 1280 aliquid
1128 1243 1141 1280 „

103 1307 133 1344 se
148 1287 351 1344 adversusem
364 1285 490 1357 valere,
506 1289 565 1343 nisi
585 1288 700 1343 eraserat
718 1284 938 1344 divinationem.
968 1289 1065 1354 'Quam
1081 1291 1111 1342 sic
1130 1328 1143 1361 q

21 1370 25 1374 ’
104 1380 228 1426 conatur
241 1372 376 1438 auferre,
398 1378 432 1426 ut
444 1380 534 1448 neget
547 1387 612 1426 esse
626 1372 780 1427 scientiam
792 1371 981 1442 futurorum,
1008 1385 1112 1445 eamque
1133 1413 1152 1445 ,5

104 1453 237 1509 omnibus
250 1453 362 1510 viribus
377 1454 486 1509 nullam
499 1472 563 1508 esse
577 1457 695 1510 omnino
711 1453 878 1525 contendat,
891 1456 939 1510 vel
950 1456 982 1508 in
992 1453 1067 1524 Deo,
1079 1455 1113 1509 vel
1134 1495 1139 1529 ,
1147 1508 1160 1531 ¹

103 1539 134 1598 in
147 1535 280 1607 homine,
307 1537 474 1610 nullamque
493 1555 592 1592 rerum
610 1533 845 1611 praedictionem.
872 1535 916 1592 lta
932 1546 962 1592 et
975 1535 1034 1594 Dei
1046 1553 1113 1610 prae·
1134 1566 1153 1611 ,g

103 1621 255 1676 scientiam
269 1628 374 1697 negat,
397 1628 427 1674 et
439 1637 553 1675 omnem
565 1618 744 1694 prophetiam
756 1621 821 1676 luae
835 1621 991 1675 clariorem
1006 1630 1114 1676 conatur
1135 1663 1170 1698 ι,

105 1713 236 1762 evertere
249 1705 333 1759 ranis
347 1704 665 1780 argumentationibus,
692 1712 722 1758 et
734 1699 905 1776 opponendo
920 1704 977 1759 sibi
991 1701 1114 1778 quaedam

89 1841 90 1846 ,
105 1788 233 1856 oracula,
258 1781 333 1862 quac
345 1786 431 1842 facilc
444 1796 569 1859 possunt
581 1785 691 1841 refelli:
716 1804 790 1861 quae
804 1795 901 1860 tamea
912 1805 968 1842 nec
984 1788 1048 1860 ipsa
1060 1803 1112 1841 cor·
1140 1833 1151 1872 t

103 1872 205 1926 vincit.
229 1869 265 1927 ln
283 1869 328 1925 his
346 1879 444 1926 autom
462 1867 732 1926 mathematicorum
760 1871 937 1924 coniecturis
964 1863 1112 1925 refutandis
1142 1917 1156 1952 ,.

62 2001 63 2004 ,
104 1955 168 2009 eius
181 1961 288 2029 regnat
301 1954 409 2021 orati03
425 1953 504 2024 -quia
516 1969 585 2008 vere
600 1953 672 2007 tales
687 1961 770 2022 sunt,
791 1962 824 2006 ut
837 1971 869 2006 se
882 1953 964 2025 ipsae
978 1949 1114 2008 destruant
1145 1949 1165 2021 [A

105 2047 134 2091 ct
146 2035 290 2090 refellant.
313 2033 419 2090 ·Multo
439 2042 509 2090 sunt
529 2044 627 2090 autem
643 2031 873 2106 tolerabiliores,
900 2036 951 2108 qui
968 2037 1017 2091 vel
1037 2031 1116 2090 sidera
1145 2025 1154 2094 [l

103 2120 164 2174 fata
178 2120 374 2186 constituunt,
395 2133 481 2190 quam
493 2119 549 2174 iste
564 2119 615 2192 qui
627 2120 705 2174 tollit
716 2118 943 2191 praescientiam
953 2111 1116 2174 futurorum,
1150 2178 1152 2185 ¹

103 2200 179 2258 Nam
198 2210 227 2255 et
245 2199 381 2255 confiteri
400 2215 464 2254 esse
477 2198 573 2255 Deum
594 2210 624 2256 et
641 2219 751 2277 negare
769 2201 934 2274 praescium
950 2200 1115 2266 futurorum,
1153 2243 1170 2279 st„

34 2338 37 2346 ,
104 2284 287 2356 apertissima
300 2284 415 2340 insania
428 2292 482 2338 est.
509 2283 593 2351 Quod
607 2284 791 2355 etipsecum
804 2279 927 2353 videret,
956 2285 1047 2340 etiam
1059 2277 1115 2338 illud

103 2368 229 2422 tentavit
242 2383 386 2437 asserere,
413 2365 493 2440 qnod
504 2368 645 2440 seriptum
659 2376 712 2422 est.
737 2365 827 2422 Dixit
841 2363 986 2442 iasiprtens
1000 2364 1032 2422 in
1046 2365 1118 2423 corde
1152 2361 1153 2375 *

104 2467 167 2518 aaa,
178 2467 235 2506 aaa
250 2459 295 2505 est
308 2448 406 2505 Deus:
422 2446 484 2504 'sed
497 2469 557 2505 non
571 2466 608 2504 ex
619 2465 674 2504 sua
686 2467 821 2523 persona.
847 2447 929 2505 Vidit
946 2450 1025 2505 euim
1046 2467 1119 2523 quam
1157 2457 1159 2464 “

27 2595 29 2598 ,
104 2531 373 2613 essetinvidicsum
388 2543 417 2588 et
428 2531 597 2588 molestiam:
623 2530 747 2606 ideoque
762 2530 876 2588 Cottam
893 2533 965 2589 lecit
977 2533 1119 2606 disputan·
1158 2534 1160 2540 ‘

102 2623 163 2671 teni
181 2615 216 2671 de
233 2614 338 2671 haere
355 2616 511 2672 adversum
533 2613 649 2672 Stoicos
668 2617 700 2671 iu
717 2612 800 2672 libris
817 2611 853 2672 de
871 2613 993 2671 deorum
1013 2624 1137 2682 natura·

103 2709 133 2754 et
145 2717 197 2772 pro
211 2699 324 2755 Lucilio
336 2697 440 2770 Balbo,
467 2701 515 2754 eui
527 2697 695 2754 Stoicorum
707 2706 804 2772 partes
823 2695 1021 2756 defendendas
1042 2698 1121 2767 dedit,

98 2783 205 2838 maluit
217 2782 498 2852 ferro‘sententiam,
512 2799 598 2856 quam
610 2800 663 2855 pro
678 2780 779 2852 Cotta,
807 2779 982 2856 qui-nullam
995 2792 1122 2838 naturam
1158 2779 1163 2796 “

76 2873 79 2884 ·
102 2861 231 2921 divinam
253 2883 317 2920 esse
341 2862 498 2920 contendit.
538 2862 572 2920 ln
592 2865 675 2920 libris
694 2880 765 2920 vero
785 2861 820 2924 de
839 2863 1022 2921 divinatione
1042 2882 1079 2919 ex
1097 2881 1122 2919 se
1160 2927 1161 2932 ἵ

77 2950 165 3022 ,ipso
178 2943 359 3022 aperitissime
378 2957 527 3024 oppugnat
543 2949 769 3022 praescientiam
788 2947 963 3004 futurorum.
991 2947 1059 3003 Hoc
1077 2965 1121 3001 au·
1159 3009 1161 3016 y

27 3061 30 3068 ·
102 3042 161 3086 tom
174 3041 267 3087 totum
279 3031 376 3100 facere
389 3031 517 3101 videtur,
542 3049 580 3085 ne
593 3031 686 3087 fatum
700 3047 765 3086 esse
779 3033 959 3102 consentiat,
985 3040 1016 3086 et
1028 3029 1124 3105 perdat
1160 3023 1162 3041 ¹

102 3115 223 3170 liberam
234 3116 423 3170 voluntatem.
449 3113 535 3170 Putat
548 3115 637 3184 auhn,
662 3131 803 3169 concessa
815 3115 940 3169 scientia
951 3113 1122 3180 futurorum,
1163 3110 1170 3117 ’

96 3199 145 3253 ita
158 3215 223 3252 esse
237 3212 420 3269 consequens
436 3196 544 3266 fatum,
571 3206 606 3254 ut
618 3198 723 3273 negari
736 3198 854 3252 omnino
868 3215 929 3252 non
942 3191 1045 3269 possit.
1072 3193 1124 3252 Sed

103 3295 220 3354 quoquo
232 3273 317 3334 mado
328 3295 359 3333 se
369 3277 495 3342 habeant
503 3281 734 3336 tortuosissimae
746 3281 978 3335 concertationes
990 3289 1020 3340 et
1031 3276 1122 3351 dispu-

101 3366 228 3426 tationes
242 3359 494 3435 philosophorum,
521 3379 575 3418 nos
593 3370 626 3417 ut
643 3362 816 3418 confitemur
828 3355 1017 3418 summum‘et
1029 3359 1123 3418 reram

102 3443 209 3516 Deum,
223 3447 265 3500 ita
275 3446 456 3500 voluntatem
466 3461 662 3519 summamque
671 3455 846 3517 potestatem
859 3463 894 3500 ac
907 3446 1123 3517 praescientiam

105 3530 167 3584 cius
181 3527 362 3583 confitemur.
383 3525 445 3582 Nec
457 3529 593 3584 timemus
606 3546 644 3583 ne
657 3525 723 3583 ideo
737 3546 798 3584 nou
810 3527 963 3584 voluntate
976 3527 1123 3593 faciamus,

105 3610 183 3685 quod
193 3612 341 3667 volrrntata
354 3610 488 3681 facimus,
503 3613 571 3684 quia
582 3611 611 3666 id
622 3625 675 3666 nos
689 3611 818 3665 facturos
832 3613 881 3665 ille
892 3611 1061 3683 praescivit,
1077 3626 1122 3664 eu-

105 3697 152 3748 ius
165 3695 360 3766 praescientia
373 3693 436 3748 falli
450 3693 508 3750 rr'on
522 3703 627 3767 potest.
654 3694 738 3759 Quod
751 3692 854 3750 Cicero
868 3694 976 3762 timuit,
989 3702 1023 3748 ut
1036 3709 1122 3764 oppu-

107 3785 212 3851 gnaret
225 3778 463 3848 praeseientiam3
483 3786 513 3832 et
526 3775 631 3847 Stoici,
645 3785 678 3832 ut
691 3793 751 3830 non
765 3777 862 3831 omnia
875 3777 1049 3831 necessitate
1064 3772 1123 3828 lieri

106 3858 250 3927 dicerent,
263 3861 393 3932 quamvis
405 3861 502 3916 omnia
516 3855 576 3914 faia
589 3859 654 3914 fieri
667 3857 888 3914 contenderent.
