2310 4306
67 213 190 275 ·DE
211 147 434 273 ctvlrsrh
459 213 540 272 nni
564 211 644 290 hlB.
667 212 828 275 xvln.
882 170 986 304 207⁸

64 363 216 422 iber'aliter
222 365 360 420 educatus
376 374 430 420 est.
466 363 525 422 Sed
539 383 604 420 nee
615 365 760 444 sapientia
773 338 982 443 Aegyptiorum

63 451 119 504 ianr
132 447 343 521 Prophetarum
357 453 526 504 nostrorum
545 450 675 520 tempore
689 447 861 504 antecedere
875 455 979 521 potuit,

63 531 188 606 tquidenr
203 528 390 585 etdbrahanr
408 528 625 604 prophetafait.
662 529 738 596 Quid
751 539 847 604 autem
865 533 980 604 sapien·
1022 547 1031 602 J

63 614 189 688 repatuit
202 615 233 669 in
245 613 390 688 Aegypto,
405 621 473 668 arete
482 615 574 688 ‘quam
587 614 629 667 eis
643 605 714 682 Isis,
739 629 825 686 quarn
839 622 983 684 mortuam
1062 619 1070 636 ’·

63 715 87 750 ιιι
97 696 181 751 dearn
194 713 331 772 magnam
346 693 494 750 colendam
507 705 696 769 putaverunt,
719 697 819 750 literas
834 692 982 762 traderet?
1066 757 1073 768 ,

63 797 101 834 rro
114 777 215 834 inachi
228 777 290 853 filia
304 776 396 832 fuisse
409 778 571 850 prediturp
589 779 639 852 qui
651 779 762 852 primus
776 796 902 856 regnare
916 798 983 835 eoe-
1039 829 1043 838 .,
1080 774 1083 781 ’

63 863 129 932 ivis,
143 859 258 936 quando
268 857 401 917 Abrahae
415 861 473 917 iam
485 870 607 936 nepotes
620 862 809 936 reperiuntur
823 862 929 928 exorti.

192 1009 197 1020 '
266 1021 389 1084 ear.
431 1003 717 1084 xxxvn1.'

63 1124 162 1176 taedam
172 1130 326 1174 camimum
336 1121 439 1190 scripta
451 1121 647 1190 ecclesiasticus
658 1139 742 1176 certon
748 1083 863 1192 propter
873 1119 984 1186 nimiam

68 1191 199 1260 receperat
208 1199 379 1254 vetustatem
390 1209 423 1243 ne
430 1207 484 1258 per
491 1191 655 1244 occasionem
665 1209 755 1245 eorum
764 1195 843 1266 falsa
853 1193 923 1245 aeris

222 1275 224 1280 ·
364 1259 615 1313 desereretne·

63 1390 72 1427 ι
83 1387 154 1427 vero
168 1388 196 1424 ιι
186 1369 298 1444 longe
311 1367 479 1441 antiquiora
492 1377 639 1440 repetam,
661 1378 691 1424 et
702 1378 772 1424 ante
783 1348 857 1437 ¹illud
870 1367 983 1446 grande
1006 1419 1007 1422 ,

63 1473 89 1510 m
106 1461 208 1509 noster
226 1459 289 1507 erat
304 1449 487 1523 utique'Noe
498 1446 686 1523 ·*patriarcha,
708 1469 794 1525 quem
813 1447 985 1526 prophetam

75 1556 136 1594 uon
149 1534 294 1610 iinmerito
308 1531 448 1589 dixerim:
477 1533 503 1590 si
516 1532 634 1607 quidem
647 1535 710 1608 ipsa
723 1552 892 1612 arcaquanr.
904 1534 984 1606 feeit,
1078 1537 1091 1558 ·'

82 1638 148 1675 eum
175 1618 236 1672 suis
257 1616 364 1686 evasit,
388 1613 542 1690 prophetia
559 1617 903 1690 nostrorum'terhporuur
919 1617 995 1672 fuit..

64 1701 140 1759 noch
154 1701 294 1774 septimus
309 1697 344 1752 ab
358 1697 466 1770 ¹Adam,
492 1717 593 1754 noane
607 1700 695 1754 etiam
715 1700 747 1754 in
766 1701 909 1755 tanonica
923 1700 985 1773 epi·
1006 1687 1009 1700 ⁸

63 1785 164 1860 postoli
178 1783 267 1839 ludae
285 1779 488 1858 prophetasse
492 1778 697 1855 praedicaturi
732 1783 868 1854 Quaerunt
876 1785 985 1856 scripta

63 1865 204 1924 {ludaeos
220 1875 250 1920 et
263 1863 340 1937 apud
354 1883 407 1920 nos
426 1866 457 1924 iu
477 1867 652 1921 auctoritate
670 1884 731 1922 non
753 1874 868 1935 essent,
893 1865 985 1921 riimia

63 1951 207 2026 niquitas,
231 1955 449 2022 propterquam
461 1945 635 2027 videbantur
648 1947 782 2004 habenda
800 1965 864 2004 csse
884 1957 985 2022 suspe-

71 2032 315 2110 proferrentur
286 2029 360 2085 falsa
374 2049 426 2104 pro
441 2032 528 2088 veris.
560 2031 636 2102 Νιιιίι
650 2039 686 2086 et
691 2031 882 2106 proferuntur
896 2047 986 2105 quac-

63 2135 108 2172 iae
126 2113 255 2190 ipsoruiu
270 2131 332 2168 esse
351 2112 487 2168 dieantur
500 2115 575 2170 ah
550 2133 592 2170 ers
611 2115 660 2189 qui
680 2133 733 2188 pro
748 2132 801 2171 suo
815 2131 903 2170 sensu
911 2131 985 2187 pas-

63 2200 104 2268 ¹ed
117 2200 232 2267 velunt,
246 2196 378 2272 eredunt.
401 2194 460 2251 Sed
473 2200 638 2254 eaeastitas
653 2199 774 2274 canonis
788 2216 851 2253 non
862 2197 985 2270 recepit,

63 2281 102 2338 od
115 2299 216 2336 eorum
228 2277 392 2356 honrinum',
407 2279 458 2353 qui
471 2277 535 2334 Deo
548 2283 731 2354 placuerunt,
745 2280 917 2354 reprobetur
931 2297 988 2337 an·

63 2384 79 2436 ι,
94 2363 145 2420 sed
159 2361 237 2437 quod
250 2363 308 2416 ista
321 2379 460 2417 essenon
474 2363 632 2422 credantur
644 2365 781 2437 ipsorum.
804 2363 865 2420 Nee
879 2364 986 2420 mirum

63 2447 149 2517 ideri,
163 2442 543 2520 quodsuspeetahabentur,
555 2445 998 2522 quaesuhtantaeantiquitatis1

63 2554 66 2582 ι
79 2529 284 2605 preferuntur3
298 2525 413 2601 qnando
426 2526 541 2600 quidem
551 2530 583 2584 in
594 2530 658 2600 ipsa
667 2526 791 2584 historia
803 2528 906 2605 regum
916 2517 1006 2586 Iuda'

77 2623 108 2668 et
120 2630 224 2689 regum
239 2610 338 2680 lsracl,
357 2628 429 2685 quae
443 2628 491 2664 res
505 2619 603 2687 gestas
618 2611 760 2678 eontinet,
774 2609 810 2664 de
825 2610 929 2684 quibus
943 2613 986 2668 ci-

63 2696 201 2770 uipturae
214 2694 374 2748 canonicae
388 2692 549 2763 eredimus,
574 2690 837 2752 ednrnremorantur
850 2694 986 2765 plurima,
1014 2695 1016 2702 ’
1038 2687 1041 2698 '

63 2781 82 2834 »i
100 2796 161 2834 non
182 2778 395 2851 explicantur,
407 2785 438 2831 et
455 2777 487 2831 in
505 2777 587 2832 libris
607 2777 672 2831 aliis
692 2776 822 2853 inveniri
835 2775 987 2848 dicuntur,

63 2859 199 2959 r‘ophetae
213 2860 405 2933 seripserunt,
419 2868 449 2915 et
462 2860 569 2915 alieubi
581 2876 684 2914 eorum
698 2877 814 2934 quoque
826 2855 987 2930 Propheta-

63 2946 148 3000 mina
161 2961 220 3000 non
235 2951 385 3012 tacentur;
400 2953 467 2997 mee
486 2950 583 3012 tamen
601 2943 797 2998 inueniuntur
815 2943 847 2996 in
861 2958 987 3011 canuae,

64 3028 159 3099 eeepit
170 3027 294 3100 populus
309 3022 376 3079 Dei.
410 3023 499 3080 Cuius
518 3027 579 3096 rei,
601 3025 715 3096 fateor,
740 3043 828 3080 euersa
840 3041 886 3078 mc
898 3023 988 3093 latet,

63 3109 105 3166 ed
125 3111 280 3177 existimo,
308 3107 396 3162 etiam
408 3108 502 3181 ipsos,
524 3109 628 3182 quibus
645 3126 679 3163 ea
693 3109 811 3181 quaein
825 3107 986 3162 auetorita—
1048 3143 1050 3148 ι

63 3193 157 3270 gionis
176 3209 242 3247 esse
259 3185 413 3260 deberent,
440 3199 559 3246 sanetus
573 3193 674 3265 utique
688 3188 815 3264 Spiritus
829 3188 987 3258 resedebat,

66 3286 98 3332 ut
110 3275 242 3330 homines
256 3273 397 3329 historica
411 3271 582 3350 diligentia,
609 3276 666 3330 alia
679 3275 754 3330 sieut
767 3271 926 3346 Prophetas
940 3273 987 3327 in·

63 3377 111 3414 sae
131 3358 231 3414 divina
249 3355 379 3413 seribere
397 3358 542 3431 potuisse3
569 3367 655 3432 atquc
674 3355 745 3432 haee
772 3358 814 3411 ita
832 3354 923 3410 fuisse
943 3354 988 3409 di-

63 3481 68 3508 ,
82 3451 117 3497 ut
129 3442 181 3498 illa
194 3452 333 3516 tanquam
346 3441 442 3514 ipsis,
458 3441 516 3496 ista
530 3459 598 3497 uero
613 3451 749 3514 tanquam
763 3438 828 3495 Deo
841 3456 894 3512 per
908 3439 987 3511 ipses

63 3526 95 3595 ti,
109 3523 311 3580 iudicarentur
322 3539 389 3577 esse
404 3522 574 3594 tribuende3
588 3525 678 3578 acsie
691 3524 743 3578 illa
755 3522 939 3596 pertinerent
951 3519 989 3576 ad
1025 3585 1030 3589 ,

63 3611 116 3663 tem
128 3607 325 3684 cognitionis,
339 3604 411 3662 haee
424 3606 461 3662 ad
473 3607 626 3683 religionis
641 3606 858 3660 auctoritatem:
884 3605 916 3658 in
931 3621 988 3678 qua
1082 3647 1089 3652 .

63 3692 129 3746 itate
150 3687 317 3746 custoditur
331 3707 443 3759 canon,
469 3697 584 3762 praeter
603 3693 690 3763 quiem
709 3689 735 3742 si
754 3705 810 3762 qua
827 3688 886 3742 iam
900 3687 988 3742 etiam

64 3775 143 3829 miae
159 3782 293 3830 veterum
306 3767 515 3845 Prophetarum
527 3770 636 3845 scripta
652 3769 859 3844 preferuntur,
884 3788 939 3826 nec
953 3769 988 3825 ad

63 3858 168 3932 sopiam
178 3857 321 3913 scientiae
329 3856 440 3926 valent,
449 3851 703 3932 „quoniamutrum
717 3869 817 3911 eorum
831 3854 902 3926 siut,
916 3867 989 3928 que-
