2310 4306
152 187 214 250 aso
373 139 688 242 burmann
711 139 967 243 avadsruu

151 340 197 394 vel
211 337 306 411 decipi
319 338 430 394 iustum
444 343 503 407 est;
529 353 636 413 magna
649 333 708 392 Dei
728 335 932 392 misericordia
948 337 1076 393 necesaria
1083 347 1112 402 ut,

52 481 54 500 Ι
151 421 352 494 nequisquam
367 437 432 474 curn
444 418 673 496 bonos„Angelos
687 419 799 474 amicos
813 438 845 474 se
857 417 962 476 babere
974 428 1046 494 putat,
1055 417 1112 472 balal

151 506 243 559 malos
258 495 413 558 daemodes
427 503 536 556 amieos
551 501 648 571 fictos,
662 519 771 578 eosque
784 511 868 558 tento
882 505 1053 572 nocentiores,
1062 517 1111 574 quae

150 596 181 642 to
195 587 353 642 astutiores
368 603 401 641 ac
414 585 579 640 fallaciores
592 585 721 660 patiatur
734 585 883 642 inimicos.
898 584 937 643 Et
950 584 1112 662 euimagnairtt¹
1140 606 1151 637 a

151 669 209 726 Dei
223 667 423 724 misericordia
435 668 600 723 necessaria
612 675 666 737 est,
682 669 742 724 nisi
754 686 882 744 magnae
891 666 1021 724 humanae
1029 666 1112 732 nuent,
1142 716 1154 729 ,

152 770 225 827 quae
239 753 408 828 ignorantia
420 759 502 808 tanta
521 750 677 824 premitur,
700 761 735 806 ut
751 751 840 807 facile
859 753 980 808 istorum
998 749 1112 806 simulatione
1134 794 1136 797 ,

151 829 286 890 fallaturf
300 834 339 889 Et
352 834 417 888 illos
431 833 547 908 quidem
560 832 792 907 philosophosiu
805 835 895 908 impia
905 835 1029 904 Civitate,
1039 829 1111 908 quibo
1134 875 1137 892 j

152 919 208 974 sibi
221 917 328 972 amicos
343 933 406 970 esse
420 914 576 988 dixerunt,
598 917 630 971 in
645 914 801 985 daemones
815 919 959 996 malignos
972 915 1112 972 incidissem·

95 1047 101 1059 .
152 1001 295 1054 tissimum
308 1007 370 1068 est,
394 998 498 1072 quibus
512 1008 574 1054 tota
587 1000 650 1073 ipsa
662 997 775 1055 Civitas
789 997 949 1072 subditur,'
960 1009 1117 1064 aeternarum

153 1082 195 1137 eir
208 1081 342 1136 habitura
357 1082 539 1156 supplicium.
557 1079 605 1138 Ex
619 1099 719 1137 eorum
733 1083 840 1156 quippe
853 1086 956 1153 sacris,
968 1085 1011 1138 vel
1020 1081 1111 1156 potiora·
1138 1138 1140 1143 ‚

129 1165 134 1178 ”
153 1165 298 1240 crilegiis‚
323 1164 426 1237 quibus
441 1181 490 1218 eos
506 1163 653 1235 colendos,
675 1174 704 1220 et
718 1182 755 1220 ex
767 1165 844 1231 ludis
859 1155 1112 1229 bnmundbsinieel'
1139 1206 1154 1227 „

53 1310 55 1314 ¹
153 1263 253 1301 eornm
272 1247 396 1300 crimina
417 1247 625 1317 celebrantur,⁵
643 1248 748 1321 quibus
762 1265 812 1303 eos
830 1249 986 1322 placandos
998 1247 1155 1322 putarunt*

153 1319 263 1384 eisdem
280 1330 351 1404 ipsis
370 1329 537 1384 auctoribus
552 1338 582 1384 et
596 1331 781 1386 exactoribus
799 1333 907 1388 'talium
921 1321 1112 1404 tantorumqult
1127 1348 1155 1391 Δ,

152 1412 303 1484 decorum,
317 1413 387 1468 satis
401 1412 436 1471 ab
453 1413 495 1471 eis
510 1413 562 1493 qui
574 1414 707 1488 colantur
720 1425 855 1494 apertum
869 1425 923 1480 est.

567 1561 689 1620 err.
732 1561 806 1637 x„

114 1671 117 1674 ·
142 1665 144 1670 '
171 1654 238 1723 Quis
242 1651 358 1730 fruetus
368 1647 469 1712 tenetis
480 1659 511 1710 de
522 1667 651 1726 superata
661 1658 742 1711 buires
751 1659 825 1711 vitoe
835 1660 983 1718 tentatione
988 1651 1104 1728 perarari·
1133 1710 1140 1723 ,a

215 1745 274 1803 Sed
287 1765 381 1821 neque
394 1748 489 1802 sancti
502 1756 532 1802 et
545 1746 644 1803 fideles
658 1748 747 1804 unius
766 1749 831 1804 veri
843 1747 902 1805 Dei
915 1751 1058 1823 summique
1070 1741 1113 1799 eut
1131 1786 1144 1809 ..1

122 1849 128 1862 ’
153 1850 211 1901 res,
226 1830 262 1885 eb
277 1849 376 1886 eorum
388 1829 511 1884 fallaciis
525 1840 555 1886 et
567 1829 738 1886 multiformi
751 1834 917 1888 tentatione
934 1834 1023 1888 securi
1032 1839 1085 1886 sunt
1100 1815 1114 1874 1
1134 1868 1135 1871 ,

152 1913 207 1976 boc
221 1914 300 1967 enim
313 1915 378 1968 loco
393 1912 572 1968 infirmitatis
587 1921 617 1967 at
630 1912 730 1968 diebus
750 1915 889 1992 malignis
912 1918 997 1972 etiam
1007 1901 1113 1970 istaselil'·
1131 1962 1133 1971 4

154 1996 223 2053 tudo
236 2013 300 2052 non
312 2004 356 2050 est
370 1996 497 2066 inutilis3
513 2005 546 2050 ut
557 1997 607 2050 illa
620 1997 771 2066 securitas,
786 1996 836 2052 ubi
849 2017 907 2072 pax
920 1999 1100 2072 pleniminaatt
1114 2014 1115 2019 ¹

56 2130 69 2150 s
156 2079 321 2135 certissima
336 2087 389 2149 est,
405 2077 550 2154 desiderio
566 2077 744 2134 ferventiore
758 2089 925 2153 quaeratur.
956 2081 998 2137 lbi
1010 2080 1086 2135 enirn
1100 2086 1115 2113 κ
1139 2122 1151 2141 2

155 2171 277 2222 naturae
290 2179 427 2231 munera,
441 2158 496 2215 boe
510 2170 569 2228 cst,
581 2179 664 2234 ‘quae
679 2170 800 2217 naturae
814 2174 934 2219 nostrae
948 2165 981 2220 ab
994 2161 1103 2219 omniun

1 2294 3 2301 ,
91 2253 94 2256 ’
153 2254 287 2301 turarum
298 2241 436 2298 Crantore
450 2241 604 2312 donantur,
619 2262 677 2298 non
689 2244 880 2314 relambens,
895 2265 995 2303 verum
1007 2247 1113 2322 earnm

151 2327 281 2400 piterna3
305 2343 365 2380 non
379 2327 471 2380 solum
484 2326 516 2380 in
531 2327 644 2395 animo,
667 2327 718 2400 qui
730 2337 852 2383 sanatur
864 2348 917 2402 per
930 2328 1081 2404 sapientiam,
1092 2329 1113 2370 1·

151 2426 218 2464 rum
231 2409 318 2462 etiam
330 2409 362 2462 in
377 2425 507 2481 corpore,
522 2406 597 2482 quod
610 2411 826 2466 resurrectione
839 2409 1030 2468 renovabitur.
1054 2395 1112 2461 leid·

151 2499 243 2560 tutes,
257 2508 317 2546 non
332 2499 435 2547 contra
448 2491 506 2544 ulla
519 2492 591 2546 vitia
605 2493 652 2547 vel
665 2493 739 2553 mala
753 2510 947 2570 quaeeunque
960 2469 1112 2552 cortannad
1131 2532 1133 2535 ,

51 2581 53 2586 ‘
150 2571 290 2632 babentes
305 2575 446 2629 victoriae
459 2575 618 2647 praemium
631 2583 780 2629 aeternam
793 2593 906 2649 pacem,
923 2597 1005 2653 quam
1017 2557 1109 2631 nullusd

65 2680 78 2692 *—
151 2658 301 2712 versarius
315 2657 465 2731 inquietet.
499 2649 566 2728 Ipsa
580 2647 630 2712 est
642 2658 720 2712 enim
733 2658 882 2715 beatitudo
896 2660 1000 2730 finalis,
1012 2661 1059 2732 ipse
1067 2641 1111 2724 ptd'

150 2739 259 2822 ptionis
273 2739 352 2806 finis,
367 2740 417 2812 qui
432 2748 653 2795 consumentem
665 2757 724 2795 non
737 2738 825 2797 babet
837 2733 936 2798 finem.
961 2742 1014 2798 Hic
1025 2721 1111 2794 cetui
1132 2780 1149 2807 p

150 2822 245 2876 cimur
257 2821 372 2895 quidem
387 2819 481 2891 beati,
507 2821 632 2896 quando
641 2839 743 2893 pacem
760 2821 914 2896 habemus,
933 2824 1065 2900 quantulae
1083 2836 1093 2859 ι
1125 2866 1145 2887 ,,

115 2928 126 2936 -
149 2901 198 2960 bic
215 2902 317 2958 baberi
334 2907 432 2976 potest
449 2905 481 2958 in
498 2905 560 2958 vita
577 2905 666 2960 bona:
693 2905 744 2974 sed
763 2904 837 2962 baec
850 2907 997 2973 beatitudo
1007 2907 1053 2971 illi,
1136 2950 1145 2971 „

150 2985 268 3044 finalem
282 2985 414 3055 dicimus,
430 2986 603 3042 beatitudini
616 2998 797 3061 comparata,
810 3001 932 3065 prorsus
945 2987 1111 3052 miserruma

82 3073 83 3076 ’
150 3076 206 3122 tur.
230 3067 314 3123 Hanc
329 3086 399 3144 ergo
413 3063 524 3141 paceni,
540 3071 632 3142 qualis
644 3067 690 3125 hic
703 3080 801 3144 potest
813 3092 892 3143 esse,
904 3076 1032 3131 mortales
1041 3061 1112 3124 ba⁰¹¹

89 3215 92 3220 ἱ
149 3149 186 3204 in,
195 3149 282 3206 rebus
296 3151 465 3222 mortalibus
478 3150 602 3224 quanda⁸
611 3150 765 3225 babemus,
792 3157 819 3210 si
833 3167 915 3214 recte
933 3159 1057 3221 vivimus,
1077 3150 1112 3189 ι’*

149 3232 212 3286 cius
225 3242 306 3288 reete
318 3234 411 3288 utitur
423 3234 534 3288 virtus:
559 3236 675 3312 quando
689 3255 760 3292 vero
773 3257 839 3294 cam
854 3239 1056 3304 conletemur,
1070 3223 1091 3282 ti
1111 3236 1113 3251 ³

92 3379 93 3384 ἵ
148 3315 243 3385 malis,
259 3333 333 3389 quac
347 3314 430 3370 homo
442 3317 563 3389 patitur,
578 3311 651 3372 bene
665 3320 758 3375 utitur
773 3322 880 3379 virtus:
902 3323 961 3380 Sed
973 3333 1034 3380 tune
1044 3323 1102 3394 etr·

112 3399 115 3402 ’
148 3396 253 3466 virtus,
268 3396 382 3471 quando
394 3399 423 3452 et
434 3400 531 3454 omnia
544 3399 620 3455 bona
633 3400 737 3475 quibus
751 3402 826 3460 bene
839 3408 946 3478 utitur,
960 3417 989 3462 et
1000 3386 1112 3479 quietiliin
1138 3448 1139 3451 ,

148 3476 225 3531 bono
239 3497 293 3534 usu
308 3475 451 3560 bonorum
465 3484 651 3538 etmalorum
665 3481 747 3554 facit,
772 3495 802 3542 et
816 3506 848 3544 se
863 3490 957 3564 ipsam
969 3489 1002 3545 ad
1014 3501 1060 3542 eun
1069 3474 1111 3530 ΕΜ

65 3551 73 3570 ’
148 3558 250 3630 refert,
263 3562 410 3626 ubinobis
425 3564 490 3620 talis
506 3573 536 3620 et
549 3574 631 3621 tanta
644 3584 702 3641 pax
715 3569 784 3640 erit,
799 3589 859 3646 qua
872 3575 976 3630 melior
988 3581 1013 3628 et
1024 3563 1110 3625 maior&

149 3646 371 3716 mmmm
532 3654 534 3658 ’
