2362 4314
160 234 219 293 nu
246 232 465 294 crunnus
489 232 567 294 aar
592 235 674 296 nm.
700 231 817 296 xxm.
855 320 861 328 .
913 285 917 293 .
947 245 1004 299 sor

29 406 47 446 ι
66 387 201 446 defuisse
216 387 360 446 credenda
372 397 427 446 est.
449 385 517 446 Non
530 389 609 446 enim
623 408 687 446 cam
699 389 792 448 ferret
804 389 948 450 humanus
961 404 1005 451 at-

29 473 181 536 infirmus
201 472 369 572 adspectus,
396 473 511 548 quando
524 472 575 529 ille
586 491 605 528 a
617 475 677 530 suis
689 475 732 530 ita
745 474 863 532 deberet
884 477 1007 551 attendi,

29 566 125 614 osset
146 559 278 634 agnosci.
320 557 385 622 Quo
407 557 550 630 pertinuit
573 557 677 629 ctiam,
700 567 735 614 ut
757 561 1008 618 contrectantibus
1038 553 1040 558 ¹

29 639 142 697 aderet
154 659 274 697 suorum
285 641 442 698 vulnerum
454 641 622 711 cicatrices3
638 649 672 696 ut
684 641 777 698 etiam
774 643 880 706 cibum
893 653 1007 719 potum-

30 734 191 796 sumeret,
213 742 274 781 non
292 723 497 780 alimentorum
514 717 695 800 indigentia,
720 725 771 781 sed
790 745 824 782 ea
843 743 899 802 qua
912 737 942 784 et
954 725 1009 782 hoc

29 817 85 862 rat
97 816 251 881 potestate.
264 799 348 864 Cum
361 816 459 862 autem
471 807 583 880 aliquid
595 826 656 864 non
671 808 795 880 videtur,
810 812 954 884 quamvis
957 809 1008 867 ad

29 903 47 942 ι
60 891 168 965 quibus
180 892 247 960 alia,
261 909 336 966 quae
345 891 458 966 pariter
471 889 589 988 adsunt,
603 891 751 964 videntur,
766 895 845 948 sicut
857 895 937 950 illam
949 896 1008 951 cla·
1019 947 1021 952 ,

29 989 89 1030 em
107 974 228 1030 dicimus
247 975 376 1034 adfuisse
393 991 458 1030 non
470 974 580 1044 visam,
604 975 738 1048 aquibus
752 977 810 1032 alia
823 976 1009 1050 videbantur,

29 1057 103 1116 tcta
118 1057 365 1116 Graecedicitur:
391 1056 469 1133 quod
484 1059 578 1113 nostri
596 1058 769 1132 interpretes
783 1059 889 1116 Latine
912 1059 1010 1117 dicere

54 1144 199 1214 valentes,
222 1143 255 1200 in
275 1142 350 1199 libro
373 1141 523 1198 Geneseos
542 1141 713 1197 coecitatem
732 1137 919 1218 interpretati
932 1149 1026 1200 sunt:
1080 1163 1085 1204 f

29 1241 60 1280 o
72 1228 247 1301 enim,passi
267 1234 336 1282 suut
350 1223 535 1296 sodomitae,
562 1223 678 1300 quando
701 1228 881 1298 quaerebant
902 1229 1010 1283 ostium

29 1303 38 1357 l
58 1310 125 1379 viri,
140 1328 196 1367 nee
208 1318 347 1385 poterant
359 1310 505 1367 invenire.
541 1308 625 1375 Quae
637 1309 664 1364 si
677 1309 804 1365 coecitas
818 1310 938 1382 fuisset,
952 1328 1012 1387 qua

29 1395 55 1444 t
65 1393 138 1450 nihil
149 1396 243 1468 possit
255 1393 360 1465 videri,
374 1411 435 1450 non
449 1393 556 1451 ostium
570 1410 628 1468 quo
641 1391 880 1469 ingrederentur,
894 1394 946 1450 s'ed
956 1396 1010 1453 du-

29 1471 150 1540 itineris
165 1496 183 1533 a
197 1477 301 1554 quibus
314 1477 384 1534 inde
397 1474 623 1548 abducerentur,
636 1476 830 1552 inquirerent.

29 1561 174 1618 *Nescio
193 1580 250 1636 quo
269 1571 367 1618 autem
388 1559 475 1618 modo
499 1561 542 1616 sic
564 1559 706 1617 afficimur
727 1578 828 1618 amore
846 1559 1012 1638 Martyrum
1038 1612 1050 1636 ,

29 1659 140 1716 orum,
164 1649 199 1702 ut
214 1646 338 1702 velimus
352 1646 384 1702 in
397 1646 448 1700 illo
462 1662 556 1722 regno
569 1645 602 1700 in
615 1661 715 1700 eorum
728 1646 896 1719 corporibus
909 1647 1027 1704 videre·

29 1743 128 1784 rerum
147 1730 312 1800 cicatrices,
336 1747 411 1805 quae
429 1746 482 1826 pro
500 1726 610 1785 Christi
630 1729 751 1784 nominc
767 1731 968 1803 pertulerunt:
983 1740 1013 1788 et

29 1825 99 1869 asse
112 1812 286 1870 videbimus.
315 1811 383 1869 Non
396 1813 474 1869 enim
492 1811 687 1878 deformitas'
679 1831 711 1868 ιιι
731 1813 791 1910 eis,
815 1813 866 1869 sed
883 1812 1012 1892 dignitas

29 1905 84 1952 et
94 1895 246 1971 quaedam,
260 1897 393 1972 quamvis
406 1898 444 1956 in
450 1913 600 1978 corpore,
596 1911 657 1951 non
671 1897 813 1972 corporis,
827 1896 880 1953 sed
888 1898 1012 1955 virtutis

29 1975 158 2037 britudo
172 1981 305 2058 fulgebit.
335 1977 398 2036 Nec
411 1978 477 2036 ideo
489 1985 603 2036 tamen
605 1980 631 2034 si
644 1980 742 2055 aliqua
757 1978 936 2056 Martyribus
950 2000 1011 2038 am·

29 2074 75 2120 sto
88 2072 117 2119 et
129 2064 227 2120 ablata
240 2072 311 2120 suut
323 2063 469 2135 membra,
495 2064 560 2119 sine
580 2063 650 2137 ipsis
663 2062 801 2119 membris
815 2073 904 2120 erunt
916 2065 948 2121 in
962 2084 1011 2121 re-

29 2149 162 2205 reetione
175 2157 368 2218 mortuorum,
382 2147 487 2221 quibus
501 2147 676 2217 dictumest,
693 2145 827 2223 Capillus
841 2150 951 2226 capitis
964 2169 1013 2206 oe·

49 2249 104 2287 non
112 2231 236 2309 peribit.
260 2229 319 2286 Sed
333 2232 359 2286 si
373 2229 429 2286 hoc
442 2229 559 2286 decebit
570 2231 602 2285 in
616 2231 669 2285 illo
682 2248 759 2286 novo
774 2232 904 2302 sacculo,
918 2240 952 2287 ut
965 2233 1014 2288 in·

29 2330 54 2370 a
72 2316 267 2392 gloriosorum
283 2315 441 2392 vulnerum
457 2314 490 2369 in
503 2315 554 2369 illa
568 2315 726 2369 immortali
740 2312 829 2371 carne
843 2325 1014 2388 cernantur,
1054 2309 1055 2312 ¹
1094 2323 1098 2333 “

30 2398 177 2468 membra,
191 2406 226 2454 ut
237 2393 493 2472 praeciderentur,
516 2412 656 2468 percussa
668 2398 810 2453 velsecta
822 2408 902 2470 sunt,
917 2399 957 2455 ibi
971 2401 1013 2456 ci-

29 2481 108 2553 ices,
123 2481 174 2537 scd
187 2492 284 2537 tamen
299 2478 408 2536 eisdem
420 2480 559 2540 membris
571 2476 708 2549 redditis,
725 2497 791 2535 non
804 2481 938 2554 perditis,
963 2501 1014 2557 ap·
1055 2543 1065 2554 ἱ
1149 2535 1151 2542 ,

29 2565 126 2622 munt.
157 2565 295 2631 Quansvis
309 2566 408 2641 itaque
421 2565 520 2622 omnia
528 2580 607 2637 quac
622 2561 790 2618 acciderunt
803 2566 918 2636 corpori
931 2566 1014 2637 vitia,

29 2663 118 2706 >non
134 2657 236 2705 crunt.
250 2667 312 2750 non
325 2657 394 2710 sunt
407 2657 506 2706 tamen
520 2645 710 2723 deputanda
700 2647 745 2702 vel
758 2645 929 2719 appellanda
943 2649 1015 2706 sitia

29 2733 95 2788 utis
109 2731 264 2793 indicia.-
674 2724 759 2826 (aaz.
777 2727 861 2786 cAP.
876 2723 973 2814 XX.)

369 2883 392 2942 C
413 2885 439 2942 A
459 2882 493 2941 P
534 2879 619 2940 XX.

29 2980 75 3034 :i
63 2997 94 3036 ιιι
102 2980 299 3035 resurrectione
308 2990 484 3050 neortcopum,
498 2988 601 3033 acturo
611 2993 752 3048 corporum
763 2975 923 3061 quibuslibet
932 2978 1016 3030 modic

120 3050 332 3120 dissipatorum
320 3070 350 3105 aa
359 3051 498 3122 integrum
508 3053 678 3120 undecunque
688 3051 836 3103 revocanda
848 3048 894 3101 tit.

29 3157 124 3216 Absit
137 3167 250 3229 autom,
274 3167 307 3214 ut
321 3157 358 3215 ad
369 3155 572 3216 resuscitanda
585 3173 707 3233 corpora
718 3158 854 3233 uitaeque
867 3153 1017 3214 reddenda

51 3243 147 3317 possit
160 3243 373 3317 omnipotentia
382 3239 529 3300 creatoris
544 3243 642 3298 onmia
654 3241 803 3310 revocare,
817 3258 891 3314 quae
902 3240 951 3295 vel
964 3239 1015 3294 be-

29 3359 45 3390 ,
59 3327 109 3384 rel
122 3327 202 3404 ignis
216 3326 371 3397 absumsit,
394 3328 441 3383 vel
455 3327 487 3381 in
501 3327 651 3399 pulverem
666 3325 832 3380 cineremve
845 3324 1016 3395 collapsum,

29 3407 71 3466 in
84 3407 237 3465 humorem
250 3409 387 3481 solutum,
410 3410 459 3466 vel
471 3410 504 3465 in
518 3427 603 3465 auras
618 3416 662 3462 cst
675 3405 852 3462 exhalatum.
886 3406 971 3461 Absit
984 3416 1019 3474 ut

28 3506 61 3548 ιι
75 3494 155 3549 ullus
169 3500 371 3566 secretumque
383 3501 506 3548 naturae
519 3494 561 3548 ita
575 3492 699 3565 recipiat
713 3488 822 3564 aliquid
836 3487 1018 3546 subtractum

29 3577 116 3632 nibus
130 3577 259 3646 nostris,
283 3583 317 3631 ut
330 3576 458 3630 omnium
472 3574 619 3632 Creatoris
635 3583 685 3628 arrt
703 3575 792 3628 lateat
806 3573 1018 3650 cognitionem,

40 3657 168 3736 effugiat
180 3667 366 3733 potestatem..
385 3656 482 3714 Deum
496 3667 575 3713 certe
588 3658 701 3729 volens,
716 3658 793 3712 sicut
804 3664 930 3730 poterat,
945 3653 1018 3710 dcli·

29 3755 44 3794 e
60 3743 164 3800 Cicero
178 3751 279 3796 tantus
292 3748 394 3796 arrctor
408 3743 551 3815 ipsorum:
567 3739 672 3811 „Mens
686 3739 837 3815 quaedam,
852 3739 959 3813 inquit,
975 3748 1021 3796 est

29 3823 99 3882 luta
113 3834 144 3880 et
156 3825 264 3894 libera,
289 3833 402 3880 secreta
415 3825 450 3879 ab
467 3825 545 3880 omni
561 3826 751 3880 concretione
764 3819 911 3900 mortali,
924 3824 1024 3877 omnia*
1040 3829 1051 3848 ¹

29 3911 139 4049 Γιῖιίοιιι
154 3917 184 3964 et
198 3925 330 3980 movens,
345 3908 464 3984 ipsaque
475 3906 607 3984 praedita
619 3917 705 4048 ιιιοιιέ
715 3907 939 3982 sempiterno.“·
957 3903 1022 3961 Hoc
1064 3959 1066 3964 .

29 4035 34 4043 .
58 4035 67 4051 ,
716 4011 731 4048 c
