2340 4320
234 179 297 254 os
320 191 545 252 crvrrnrs
568 191 646 250 oar
669 194 751 251 rra.
776 193 835 252 nr.
1005 201 1058 274 ror

24 370 72 428 pro
85 349 193 406 eadem
207 350 260 404 illa
274 349 359 404 velut
371 347 486 421 patriae
504 346 637 402 libertate
652 345 755 402 Cicero
774 347 942 402 resistebat.
979 347 1063 406 'l'nne

23 443 185 490 emerserat
198 431 343 486 mirabilis
357 429 468 484 indolis
489 429 657 484 adolescens
677 430 727 484 ille
745 431 820 485 alius
835 427 959 501 Caesar,
986 433 1073 495 illius,

22 517 83 574 Caii
96 515 239 571 Caesaris
253 512 516 584 filius'adoptivus:
531 514 591 584 qui,
605 521 637 566 ut
650 511 723 581 dixi,
735 513 838 585 postca
849 515 1008 586 appellatus
1019 524 1066 569 cst

23 601 184 676 Angustus.
226 595 306 651 Huic
320 593 505 649 adolescenti
518 593 654 665 Caesari,
680 603 713 648 ut
733 596 796 649 cius
814 597 948 667 potentio
962 605 1066 652 eontra

24 682 186 742 Antonium
202 679 380 746 nutriretur,
394 674 498 732 Cicero
512 675 644 746 favebat3
672 694 805 749 sperans,
824 695 890 734 enm
903 677 1024 750 depulsa
1037 688 1068 734 et

25 781 165 838 oppressa
179 762 305 817 Antonii
318 759 532 829 dominatione,
546 759 777 814 instauraturum
787 760 964 832 reipublicae
977 761 1066 815 liber-

26 855 135 915 tatem,
153 861 249 917 nsque
263 843 337 897 adeo
352 859 460 897 coecus
473 851 559 915 atque
572 841 750 914 improvidus
764 841 947 914 futurorum,
970 852 1004 898 ut
1015 844 1066 897 ille

30 931 93 1002 ipse
110 929 243 996 iuvenis,
271 927 355 980 cuius
379 923 555 1000 «lignitatem
572 943 605 980 ac
632 933 807 998 potestatem
831 925 966 996 fovebat,
991 943 1064 981 eun-

36 1012 101 1066 dern
112 1009 281 1066 Ciceronem
294 1006 488 1062 occidendum
499 1006 630 1062 Antonio
652 1005 775 1086 quadarn
795 1009 879 1081 quasi
892 1007 1066 1065 concordiae
1158 1041 1161 1046 ·

38 1095 168 1168 pretione,
178 1092 375 1163 permitteret,
401 1099 432 1144 ct
444 1091 537 1161 ipsam
551 1090 716 1145 libertatem
729 1091 916 1164 reipublicae,
942 1109 994 1165 pro
1010 1107 1067 1164 qua

39 1178 154 1232 maltum
165 1176 216 1230 ille
231 1175 421 1243 clamaverat,
434 1171 540 1228 ditioni
553 1172 879 1249 propriaesubiugaret.

386 1303 710 1398 csr.xxxr

44 1439 116 1501 Quod
131 1439 297 1506 iotpedenter
314 1435 474 1504 praesentia
487 1435 650 1488 incorirmoda
663 1435 771 1487 Christo
786 1409 932 1503 imputent,
948 1439 995 1506 qui
1010 1423 1085 1490 deos*

86 1547 88 1552 .
114 1511 198 1560 colere
208 1523 260 1560 non
271 1507 409 1567 deantur,
420 1521 478 1556 eura
489 1513 584 1556 tantae
593 1506 681 1556 clades
692 1521 721 1557 eo
731 1513 848 1573 ternpore
859 1523 911 1574 quo
921 1510 986 1558 cole-

412 1573 512 1626 bsatur
521 1573 687 1626 exstiterint.

101 1683 176 1740 Deos
192 1701 263 1738 suos
277 1689 421 1737 accusent
434 1679 469 1734 dc
482 1682 573 1736 tantis
587 1680 684 1750 malis,
709 1683 760 1754 qui
773 1691 877 1737 nostro
891 1680 1007 1737 Christo
1022 1685 1068 1737 in*-

49 1770 116 1844 grati
127 1776 198 1822 sunt
210 1767 247 1820 dc
261 1753 354 1820 tantis
367 1764 462 1844 bonis.
490 1762 575 1820 Certe
590 1761 707 1838 quando
721 1765 771 1818 illa
784 1765 859 1818 mala
872 1763 1001 1832 fiebant,
1020 1782 1069 1819 ca-

46 1845 134 1906 lebant
146 1867 215 1904 arae
229 1849 399 1917 numinum,
418 1845 531 1902 Sabaeo
546 1846 632 1901 thure
647 1847 794 1920 sertisque
807 1846 975 1901 recentibus
989 1843 1069 1900 bala-

1 2002 2 2005 ,
46 1933 118 2003 bant,
132 1932 284 1988 clarebant
297 1927 474 1999 sacerdotia,
489 1929 557 1984 fana
571 1928 755 2000 renidebant,
777 1928 1009 1999 sacrificabatur,
1025 1930 1069 1994 l'u·

1 2009 2 2078 ζ
32 2014 174 2085 debatur,
200 2013 357 2069 furebatur
376 2014 407 2066 in
426 2013 558 2086 templis,
578 2012 695 2085 quando
714 2013 823 2085 passim
841 2021 943 2068 tantus
962 2012 1071 2066 civium

1 2115 2 2119 ’
45 2101 159 2176 sanguis
173 2115 191 2152 a
204 2097 333 2166 civibus,
348 2112 409 2149 non
423 2093 508 2149 modo
523 2096 554 2150 in
569 2097 692 2150 caeteris
703 2097 789 2166 locis,
803 2114 908 2151 verum
917 2096 997 2149 inter
1008 2094 1071 2166 ipsa

46 2199 154 2255 quoque
168 2180 293 2234 deornm
307 2173 610 2233 altariafundebatnr.
649 2177 716 2232 Non
731 2179 822 2256 clegit
834 2180 984 2249 templum,
1012 2194 1080 2250 quo,
1125 2239 1129 2242 ,

45 2265 212 2341 confugeret
227 2260 347 2316 Tullius
356 2275 363 2330 3
372 2261 446 2334 ”quia
459 2260 570 2315 frustra
584 2251 713 2336 elegerat
726 2260 847 2317 Mutius.
882 2257 922 2314 lli
935 2251 1006 2315 vero
1021 2262 1071 2331 qui

1 2340 3 2345 ’
45 2351 128 2403 molto
142 2344 299 2422 indignius
314 2341 460 2398 insultant
472 2341 648 2398 Christianis
662 2343 858 2415 temporibus,
885 2353 937 2398 aut
956 2340 992 2396 sd
1006 2345 1071 2396 loca

45 2428 153 2486 (bristo
181 2428 365 2483 dicatissima
392 2425 603 2502 confugerunt,
628 2435 680 2480 aut
706 2427 777 2481 illuc
803 2436 855 2480 cos'
875 2435 909 2480 ut
925 2426 1072 2494 viverent,

46 2515 124 2568 etiam
139 2514 198 2585 ipsi
210 2509 337 2566 Barbari
351 2509 509 2564 duxerunt.
549 2507 623 2563 lllud
637 2509 716 2578 scio,
744 2517 774 2564 et
787 2507 843 2564 boe
857 2526 972 2563 mecum
991 2509 1072 2581 quis-

47 2598 103 2670 qnis
117 2597 184 2651 sinc
197 2591 300 2649 studio
313 2593 443 2664 partiunt
457 2590 580 2661 iudicat,
596 2591 735 2646 facillime
748 2592 903 2667 agnoseit,
926 2586 973 2665 (nt
987 2591 1072 2644 ornit-

47 2687 97 2733 tan
110 2687 231 2734 caetera
246 2693 322 2750 quae
334 2675 426 2730 multa
440 2674 676 2742 eonrmernoravi,
691 2683 720 2728 et
731 2674 788 2732 alia
800 2675 891 2728 multo
902 2674 986 2746 plura
999 2689 1073 2746 quac

49 2777 270 2816 commemorare
284 2758 408 2833 longum
420 2751 552 2834 putavi),
578 2757 604 2810 si
616 2754 776 2812 humanum
794 2773 891 2834 genus
910 2764 980 2811 ante
999 2755 1073 2810 bella

50 2839 148 2899 Punica
161 2844 314 2914 reciperet
325 2837 521 2895 Christianam
534 2831 729 2912 disciplinam,
743 2848 773 2900 et
785 2847 1016 2913 consequeretur
1025 2856 1072 2892 rc·
1155 2887 1158 2893 ,

0 2922 1 2925 ’
53 2943 106 2980 ron
122 2923 369 2991 tantaleastatio,
395 2931 504 2995 quanta
530 2922 589 2977 illis
614 2921 698 2976 bebio
717 2920 869 2993 Europam
887 2921 1073 2994 Africamque
1122 2911 1124 2914 ¹

53 3011 196 3079 contrivit3
212 3008 315 3062 nullus
328 3005 443 3075 talium,
457 3005 651 3077 quales-nuno
663 3005 801 3075 patimur,
816 3005 876 3059 nisi
888 3002 1073 3060 Christianae

9 3159 14 3170 ι
49 3093 176 3169 religioni
188 3091 243 3145 illa
256 3090 334 3143 mala
348 3087 508 3162 tribuisset.
535 3085 628 3166 blulto
642 3095 740 3142 antem
753 3087 851 3142 minus
866 3105 966 3142 corum
985 3103 1073 3141 voces

10 3193 12 3200 ’
51 3176 252 3244 tolerarentur,
266 3179 411 3244 quantum
423 3167 530 3225 attinet
542 3169 579 3224 ad
591 3168 751 3240 Romanos,
766 3171 791 3225 si
806 3168 990 3226 Christianae
1004 3168 1073 3220 reli-

49 3260 134 3333 gionis
153 3255 361 3328 receptionem
380 3261 410 3307 et
427 3249 672 3321 diffamationem,
698 3253 745 3306 vel
762 3253 893 3326 irruptio,
906 3251 955 3305 illa
973 3249 1072 3304 Gallo-

48 3357 112 3411 rum,
126 3341 176 3396 vel
190 3337 331 3393 Tiberini
340 3333 473 3391 fluminis
484 3335 656 3412 igniumque
667 3336 717 3390 illa
729 3334 925 3409 depopulatio,
939 3333 986 3386 vel
997 3330 1075 3403 qnod

2 3444 6 3452 ·
50 3433 146 3478 cuneta
172 3422 253 3476 nrala
281 3416 448 3493 praecedit,
473 3418 612 3473 bellailla
639 3419 738 3490 civilia
761 3423 965 3491 sequerentur.
998 3410 1075 3468 Mala

3 3525 6 3530 Δ
48 3507 125 3560 etiam
146 3507 225 3573 alia,
254 3518 332 3575 quae
345 3499 525 3573 usqueadeo
544 3498 925 3564 incredibiliaaceiderunt,
951 3503 984 3550 nt
998 3495 1076 3549 inter

1 3654 14 3667 ἱ
48 3589 173 3666 prodigia
187 3591 436 3652 numerarentur,
465 3583 490 3637 si
504 3581 678 3650 Christianis
689 3581 873 3653 'temporibus
887 3575 1076 3647 accidissent,

49 3663 143 3742 quibus
158 3688 207 3739 ca,
222 3667 284 3722 nisi
298 3661 473 3720 Christianis
486 3663 663 3736 hominibus,
678 3675 816 3734 tanquam
830 3660 953 3716 crimina
967 3660 1075 3715 obiice·
1124 3675 1133 3694 ⁸

50 3749 122 3808 renti
156 3751 278 3808 Omitto
293 3748 400 3821 quippe
415 3748 479 3816 illa,
506 3764 579 3821 quae
592 3748 685 3824 magis
699 3746 822 3799 fuerunt
834 3743 907 3797 mira
922 3759 1007 3814 quam
1022 3762 1075 3798 no-

52 3837 105 3906 ria,
130 3837 225 3892 boves
247 3833 383 3899 locutos,
409 3830 536 3887 infantes
552 3830 782 3886 nondumnatos
798 3823 833 3880 de
848 3825 938 3880 uteris
952 3833 1078 3880 matrum
