2340 4312
76 291 82 304 x
170 231 210 288 m
402 211 987 278 orvrrvuuaurvovsrrur

171 379 226 434 bus
242 383 309 432 ante
323 376 493 430 comrnunis.
528 371 586 428 Sed
599 370 824 447 intelligendum
838 377 898 440 est,
924 369 1014 442 ipsum
1023 365 1117 438 Hebcrp

171 472 273 535 pterea
293 461 350 514 tale
370 475 474 512 nomen
494 457 669 530 imposuisse
688 455 749 508 lilio
767 472 837 522 suo,
860 462 894 507 ut
906 449 1117 508 vocareturl‘hal

173 543 249 618 quod
263 545 472 613 interpretatur
485 538 608 606 divisio,
634 539 700 610 quia
712 546 783 592 tune
798 538 825 590 ci
841 544 1001 604 natusest,
1024 531 1116 607 quanda

170 629 287 702 linguas
302 633 380 678 tetra
393 623 489 686 diuisa
500 631 559 690 est,
586 619 618 674 id
635 630 693 689 cst,
718 621 780 692 ipso
795 629 942 690 tempore,
965 628 996 672 ut
1007 617 1056 672 hoe
1069 617 1117 686 rita

172 710 279 764 dictum
295 717 354 762 cst:
369 703 405 761 In
418 706 517 760 diebus
532 706 594 760 cias
607 704 703 758 divisa
717 713 762 757 est
777 713 872 757 terro.
887 700 961 755 Nam
973 703 1026 755 nisi
1039 697 1115 754 adhue

113 823 117 828 ·
172 792 224 846 ber
237 792 360 857 viveret,
374 787 488 862 quando
502 789 669 864 linguarum
683 784 759 840 facta
774 794 819 838 est
832 783 1000 854 multitudo,
1022 801 1075 838 non
1087 799 1115 835 ιι

173 874 291 930 ιιοιιιίιιι
305 887 410 924 nomen
425 871 569 942 acciperet
583 870 700 943 liugan,
720 885 793 941 quac
807 865 882 939 apud
896 868 976 920 illum
990 868 1076 941 potuit
1087 883 1117 938 pe

174 974 255 1010 nere.
290 953 330 1007 Et
347 947 411 1006 idco
433 951 577 1006 credenda
596 961 657 1019 est,
683 953 745 1024 ipsa
759 951 849 1005 fuisse
861 951 956 1021 prima
970 951 1019 1004 illa
1033 965 1117 1003 comm

175 1037 313 1111 quoniam
321 1034 355 1088 de
364 1051 458 1106 poena
466 1035 548 1089 venit
559 1035 609 1088 illa
619 1033 826 1106 multiplicatio,
834 1034 1015 1106 mutatioque
1028 1033 1116 1107 lingua

175 1129 204 1173 et
214 1119 312 1190 utiquc
321 1127 438 1190 praeter
447 1115 522 1171 hanc
535 1133 658 1190 poenam
672 1133 734 1169 esse
748 1115 847 1176 debuit
862 1117 984 1188 populus
996 1115 1058 1170 Del.
1072 1114 1117 1169 Ne(

176 1191 236 1255 stra
250 1201 352 1275 lingua
365 1198 436 1253 hacc
448 1209 492 1253 est
504 1195 657 1275 [linguam,
672 1199 757 1252 istam
767 1197 820 1252 hoe
833 1195 902 1270 estl,
917 1216 1004 1271 quam
1017 1199 1117 1252 tenuitl

175 1282 257 1351 ham,
281 1301 335 1337 nec
356 1283 388 1336 in
408 1271 507 1336 obrnes
526 1282 601 1336 lilios
621 1293 688 1336 suos
703 1283 901 1336 transmittere
915 1283 1031 1354 potuit,
1053 1280 1116 1334 sedi

176 1374 290 1420 tantum
304 1366 354 1439 qui
367 1366 524 1441 propagati
537 1377 589 1437 per
601 1363 703 1434 laeob,
731 1373 761 1418 ct
773 1365 921 1440 insignius
936 1374 1023 1437 atque
1037 1365 1117 1418 enrinc

176 1449 208 1502 iu
220 1447 276 1502 Del
289 1449 427 1519 populum
440 1449 653 1516 coalescentes,
672 1446 728 1502 Del
741 1456 916 1501 testamenta
930 1455 961 1502 et
974 1444 1117 1520 stirpcmC

176 1529 283 1585 habere
296 1539 465 1602 potuerunt.
498 1529 560 1585 Nec
573 1528 673 1584 chcr
691 1531 753 1602 ipse
768 1528 889 1584 candem
901 1531 1037 1606 linguam·
1049 1532 1078 1584 in
1090 1546 1117 1582 un

161 1651 167 1656 --
178 1631 239 1667 sam
258 1615 429 1689 progeniem
448 1630 528 1667 suam
545 1611 671 1683 refudit3
691 1611 787 1666 sedin
804 1630 868 1674 eam
881 1622 1008 1683 tantum,
1028 1613 1117 1682 cuius!

177 1698 307 1750 rationes
322 1695 519 1769 perducuntur
533 1695 568 1749 ad
581 1695 733 1750 Abraham.
757 1696 939 1767 Quapropter
952 1697 1066 1750 etiamsi
1078 1713 1117 1749 nor

179 1779 282 1833 denter
305 1796 474 1851 expressum
499 1787 558 1846 est,
583 1777 674 1832 luisse
698 1775 816 1850 aliquod
836 1779 917 1851 pium
938 1793 1034 1854 genus
1055 1776 1117 1831 horu

179 1860 294 1934 quondo
309 1861 343 1915 ab
359 1862 454 1933 impiis
468 1857 959 1934 Babyloniacondcbatur'tnon‘ad
974 1859 1028 1914 hoe
1042 1861 1117 1916 valuit

144 1993 146 2006 Α
179 1943 351 2013 obscuritas,
365 1953 398 1997 ut
412 1944 579 2016 quaerentis
594 1941 788 2012 fraudaretur,
810 1941 860 1996 sed
873 1945 972 2016 potius
987 1953 1019 1998 ut
1033 1961 1117 1998 exerc<

179 2027 315 2080 intentio.
347 2027 440 2091 Quum
459 2027 537 2080 enlm
557 2027 692 2101 legitur,
708 2044 796 2080 unam
813 2025 905 2080 fuisse
928 2027 1060 2103 linguam
1081 2027 1118 2102 pri

181 2107 323 2177 oninium,
346 2116 375 2162 et
389 2118 457 2162 ante
472 2125 571 2162 onrnes
585 2108 661 2162 lilios
676 2105 746 2162 Sem
762 2109 981 2163 commendatur
995 2108 1117 2180 Heben(

179 2193 224 2245 vis
242 2189 276 2245 ab
295 2191 345 2244 illo
365 2191 483 2262 quintus
503 2181 629 2259 oriatur;
649 2199 686 2255 *et
699 2189 833 2246 Hebraea
850 2181 975 2246 vocatur
988 2195 1104 2269 lingua,

100 2265 120 2340 “,
179 2271 411 2328 Patriarcharum
427 2283 457 2326 et
470 2271 697 2344 Prophetarum,
721 2293 781 2330 non
796 2275 887 2327 solum
901 2275 932 2328 in
949 2275 1117 2330 sermonibus

178 2371 281 2410 verum
303 2356 389 2408 etiam
415 2355 445 2409 in
467 2357 560 2410 literis
586 2357 677 2410 sacris
702 2355 860 2411 custodivit
882 2360 1059 2414 auctoritas:
1084 2375 1117 2431 pn

178 2455 268 2510 quum
281 2439 432 2510 quaeritur
446 2439 477 2492 in
493 2437 635 2493 divisione
649 2440 825 2515 linguarum,
841 2439 889 2494 ubi
903 2441 1007 2517 lingua
1021 2442 1069 2497 illa
1083 2459 1117 2495 rer

130 2561 133 2566 .
177 2531 211 2573 re
224 2521 361 2590 potuerit,
377 2539 450 2594 quae
464 2520 518 2575 fuit
531 2531 599 2575 ante
614 2524 789 2593 eommunis3
811 2540 896 2595 quae,
912 2525 977 2578 sine
991 2526 1049 2579 ulla
1063 2523 1117 2578 dubl

53 2601 55 2606 ’
151 2627 152 2632 =
178 2619 227 2670 ne,
240 2601 292 2656 ubi
305 2605 462 2674 remansit,
488 2622 547 2658 non
563 2605 602 2658 ibi
616 2604 672 2659 fuit
686 2606 736 2660 illa
748 2623 858 2678 poena,
887 2625 961 2680 quae
977 2607 1053 2662 facta
1066 2617 1107 2661 est

178 2684 259 2738 tione
273 2686 455 2762 linguarum3
482 2685 551 2760 quid
565 2687 643 2742 aliud
656 2691 800 2759 occurrit,
822 2689 880 2742 nisi
896 2689 972 2763 quod
987 2692 1017 2745 in
1031 2690 1110 2745 huius

85 2787 102 2816 s.
178 2771 363 2836 renranserit,
378 2787 394 2823 a
409 2768 621 2828 cuius‘nominc
632 2789 738 2826 nomen
751 2772 922 2843 accepit3'et
932 2771 989 2828 hoe
1002 2775 1117 2829 iustitia(

177 2851 216 2903 tis
237 2849 322 2904 huius
341 2869 401 2905 nou
422 2870 543 2923 paruum
564 2855 732 2925 apparuisse
750 2855 923 2930 vestigium,
951 2857 1030 2931 quod
1044 2875 1117 2930 quun

178 2941 281 3008 gentes
294 2935 492 3005 plecterentur
504 2937 667 2990 mutatione
680 2938 862 3014 linguarum,
890 2937 925 2993 ad
940 2940 1027 2997 istam
1043 2957 1118 3013 nonl

113 3031 116 3036 ’
177 3017 222 3070 uit
236 3017 294 3070 tale
307 3015 496 3088 supplicium?
889 3043 890 3046 ¹

240 3096 298 3152 Sed
311 3097 404 3153 adhue
419 3100 490 3154 illud
504 3109 612 3170 moret,
633 3103 775 3175 quomodo
789 3110 953 3175 potuerant
966 3107 1097 3182 singulas
1110 3125 1117 3181 p

117 3253 123 3260 ἢ
151 3215 152 3220 =
177 3179 276 3235 facere
291 3179 389 3236 Heber
404 3179 433 3237 et
446 3184 521 3238 lilius
537 3183 748 3248 ciustalselr,
763 3188 788 3240 sl
800 3203 859 3240 ιιιι
870 3188 972 3264 lingua
983 3208 1114 3261 permaus

177 3259 292 3322 bobusl
316 3263 355 3318 Et
369 3276 448 3320 certe
462 3285 520 3321 una
535 3277 578 3320 est
592 3265 723 3326 Hebraea
740 3286 813 3344 gens
829 3268 979 3325 exileber
994 3289 1117 3348 propaga

178 3362 233 3417 qne
248 3345 284 3400 ad
297 3345 451 3418 Abraham,
468 3357 497 3402 et
509 3367 560 3422 per
576 3367 639 3402 cura
655 3349 806 3426 deinceps,
821 3351 915 3407 donec
928 3372 1054 3431 magnus
1071 3355 1117 3409 fier

176 3429 261 3500 pulus
276 3428 375 3484 lsrael.
403 3432 552 3496 Quomodo
565 3433 657 3508 igitur
670 3451 769 3488 omues
785 3434 835 3488 lilii
852 3437 903 3508 qui
917 3447 1117 3500 conrnrcnrorat

123 3539 124 3544 =
177 3511 267 3577 trium
280 3511 409 3567 liliorum
423 3513 497 3584 Noe,
511 3513 645 3569 fecerunt
658 3515 787 3592 singulas
802 3526 925 3590 gentes,
947 3523 973 3574 si
989 3520 1086 3576 Hebcr
1098 3533 1117 3574 et

177 3591 241 3646 lech
254 3595 384 3670 singulas
400 3614 459 3650 non
473 3593 622 3652 fecerunt?
638 3587 782 3654 Nimirum
792 3587 864 3654 illud
876 3612 922 3655 est
935 3604 1117 3674 probabilius,

177 3674 262 3749 gigas
277 3677 326 3730 ille
340 3675 470 3732 Nebrotlr
485 3678 589 3754 lecerit
602 3681 689 3734 etiam
703 3682 764 3756 ipsc
778 3692 897 3758 gentem
913 3697 1012 3756 suam,
1039 3688 1087 3741 sed
1099 3705 1117 3759 p

178 3758 381 3812 excellentiam
396 3759 603 3820 dominationis
618 3771 647 3815 ct
667 3767 796 3837 corporis
815 3784 949 3823 seorsum
968 3770 1117 3825 eminentia

156 3901 159 3910 1
176 3837 305 3893 minatus
320 3847 380 3912 est,
406 3852 567 3902 utmaucat
583 3863 719 3903 numerus
739 3851 927 3926 septuaginta
948 3851 1068 3909 duarum
1080 3871 1117 3930 gc
