2400 4312
15 163 262 284 fiseo„-
348 191 944 298 ‘nisuAvuuuuavavsm'm
1035 197 1036 204 ‘

116 367 118 371 ’
135 381 211 434 ntus,
231 363 346 420 eoleudi
360 383 420 434 non
435 373 512 420 sunt.
533 351 743 462 sedquoniam
756 372 930 446 veternosae
944 362 1147 422 consuetudinis

135 450 180 504 vis
194 450 281 504 nimis
296 449 327 503 in
342 449 401 504 alto
414 447 526 503 radices
540 447 636 519 habet,
651 449 677 502 si
689 447 800 503 auide
792 456 849 504 ista
863 449 910 503 civ
912 448 944 503 ili
958 445 1138 525 theologiam

47 525 49 532 ’
137 532 266 606 spuendo
279 540 367 605 atque
379 517 499 587 vitanda
511 549 622 604 parum
621 530 728 586 videor
742 531 954 606 disputasse,
946 531 1148 588 maliudrelu·
1176 551 1180 554 ·

35 683 37 686 Ι
134 634 213 686 nien,
237 614 313 689 quod
326 613 407 686 huic,
431 615 592 688 opitulante
606 613 683 687 Deo3
704 613 941 696 coniungentium
955 624 1016 686 est,
1040 613 1191 670 bnimuu:

135 697 278 754 intendat.
1175 717 1176 720 ¹

341 909 965 1072 transsumimus.
1039 1047 1043 1054 ¹

476 1109 826 1192 Praefatio

136 1201 333 1322 Diligentius
359 1243 404 1278 me
431 1237 535 1297 pravas
555 1232 585 1278 et
602 1232 726 1279 veteres
738 1226 890 1298 opiniones
909 1224 1031 1280 veritati
1050 1223 1178 1297 pietatis

136 1309 289 1377 inimicas,
316 1325 388 1383 quas
408 1308 571 1366 tenebrosis
590 1309 695 1362 animis
715 1308 802 1363 altius
817 1318 847 1364 et
859 1308 992 1363 tenacius
1014 1305 1199 1362 diuturnus

43 1409 50 1426 ·
136 1387 256 1445 humani
264 1392 386 1468 generis
401 1410 483 1446 error
496 1390 608 1460 infixit,
635 1391 760 1446 evellere
777 1400 863 1466 atque
881 1393 1044 1464 exstirpare
1058 1400 1172 1445 coneri-

72 1477 74 1480 ’
137 1484 213 1544 tem,
241 1483 271 1528 et
284 1477 361 1530 illius
376 1475 505 1552 gratiae,
529 1492 580 1549 qur
570 1473 646 1530 hoe
659 1483 692 1528 ut
703 1492 791 1530 verus
805 1473 886 1530 Deus
900 1483 1012 1546 potest,
1037 1491 1088 1548 pro
1100 1488 1148 1526 meo

137 1557 252 1612 modulo
267 1558 298 1613 in
313 1559 376 1613 eius
390 1557 533 1614 adiutorio
547 1566 764 1632 cooperantem,
791 1559 912 1635 ingenia
924 1558 1067 1612 celeriora
1079 1565 1148 1629 atque
1171 1565 1175 1596 ¹

137 1642 269 1720 meliora,
284 1641 388 1716 quibus
402 1639 438 1696 ad
451 1640 525 1696 hane
539 1657 600 1696 rem
612 1639 776 1714 superiores
788 1639 854 1696 libri
866 1643 937 1718 satis
952 1657 1095 1716 superque
1103 1635 1148 1692 sul·

137 1723 258 1795 ficiunt,
281 1729 426 1799 patienter
445 1733 483 1780 et·
494 1727 704 1800 aequanimiter
724 1724 802 1779 ferre
821 1725 981 1794 debebunt3
1009 1735 1039 1781 et
1051 1731 1148 1798 propter
1172 1729 1175 1762 ι

126 1809 211 1863 ,alios
222 1823 282 1892 non
293 1819 395 1884 putare
410 1803 599 1898 superfluum,
613 1807 761 1882 quodiam
775 1809 830 1864 sibi
844 1809 976 1864 sentiunt
990 1827 1051 1864 non
1065 1821 1145 1862 neces·
1173 1837 1176 1848 ι

139 1893 256 1947 sarium.
279 1892 401 1947 Multum
415 1893 581 1967 magnares
596 1893 703 1968 agitur,
718 1909 782 1946 cum
794 1911 865 1948 vera
879 1901 908 1946 et
920 1909 991 1948 vere
1006 1887 1174 1948 sanctoli-

137 1977 262 2046 ιίιιίιιι,
289 1975 448 2048 quamvis
442 1973 476 2027 ab
496 1991 530 2028 ea
549 1974 633 2028 nobis
652 1975 740 2028 etiam
752 1972 820 2030 huic
835 1993 921 2050 quam
934 1994 1014 2030 nune
1028 1977 1176 2053 gerimus,

137 2057 293 2135 fragilitati
307 2057 472 2126 neccssaria
486 2055 613 2111 subsidia
625 2051 836 2130 praebeantur,
863 2067 1036 2116 nontamen
1050 2064 1158 2133 propter

137 2143 268 2195 mortalis
282 2141 360 2195 vitae
374 2148 401 2193 ιι
403 2139 578 2202 ansitorium
590 2158 738 2214 vaporem,
752 2140 803 2195 sed
813 2150 932 2214 propter
942 2144 1034 2197 vitam
1045 2142 1149 2206 beatam,
1176 2154 1200 2162 ·’

6 2265 14 2278 .
64 2223 65 2228 ’
139 2241 212 2296 quae
227 2241 287 2306 non
301 2225 359 2278 nisi
373 2228 491 2277 aeterna
505 2231 560 2292 est,
578 2222 742 2298 quaerenda
756 2231 786 2280 et
798 2221 919 2280 colende
931 2225 1119 2300 praedicatur.

519 2371 585 2429 CA
605 2371 629 2428 P
649 2371 675 2428 V
697 2369 722 2430 T
761 2370 783 2430 le

137 2463 180 2521 Aa
200 2481 259 2520 cum
278 2463 308 2522 ιιι
328 2463 462 2538 theologia
477 2468 550 2520 cicili
566 2468 693 2520 deitatem
704 2488 756 2522 non
766 2485 820 2522 esse
831 2465 1000 2536 constiterit,
1020 2464 1050 2526 in
1065 2468 1151 2524 selectis

98 2540 102 2545 ”
376 2540 427 2592 dees
438 2555 494 2590 earn
504 2556 620 2591 atrectare
627 2555 703 2606 pesse
713 2541 871 2592 credendam
880 2541 927 2592 set

98 2689 99 2694 ἵ
148 2587 279 2675 llane
292 2619 486 2691 diuinitatem,
499 2622 557 2691 vel,
572 2629 606 2676 ut
619 2623 668 2677 sie
674 2616 809 2692 dixerim,
823 2622 975 2694 deitatem3
989 2636 1058 2680 nam
1073 2633 1101 2680 et
1110 2621 1152 2676 boc

136 2702 226 2758 serbo
240 2705 304 2759 uti'
296 2699 354 2760 sarri
366 2713 484 2759 nostros
498 2721 559 2760 non
571 2706 662 2781 piget,
676 2713 708 2760 ut
717 2697 752 2759 de
760 2704 875 2760 Graeco
887 2710 1058 2781 expressius
1070 2717 1151 2763 ιιιιιι-

79 2815 83 2824 ·
107 2853 113 2861 ,
136 2785 356 2862 ferantidquod
366 2789 410 2843 illi
422 2779 555 2864 θεότηια
568 2789 727 2861 appellant:
738 2773 814 2862 hane
828 2807 900 2866 ergo
913 2788 1152 2846 divinitatemsite

137 2869 298 2924 deitatem
289 2887 349 2926 non
363 2889 427 2926 esse
440 2872 472 2926 in
486 2879 522 2926 ea
535 2868 693 2947 theologia,
708 2885 793 2945 quam
808 2873 923 2928 civilem
934 2884 1055 2944 vocant,
1069 2887 1153 2950 quaet

137 2949 237 3009 Marco
248 2952 381 3010 Varrone
394 2953 542 3010 sexdecim
554 2951 751 3010 voluminibus
765 2949 920 3029 explicata
923 2965 979 3028 est,
993 2957 1023 3012 id
1038 2966 1094 3027 est,
1106 2969 1153 3011 nou

136 3038 286 3113 perveniri
302 3031 338 3092 ad
359 3048 495 3093 aeternae
514 3039 593 3094 vitae
616 3035 785 3092 felicitatem
808 3039 910 3094 talium
931 3033 1055 3112 deorum
1077 3041 1153 3104 cultu,

137 3123 237 3196 quales
252 3139 269 3175 a
282 3119 447 3198 civitatibus
461 3121 641 3196 qualiterque
655 3119 794 3177 colendi
784 3103 913 3177 instituti
926 3132 1014 3193 sunt,
1034 3126 1081 3180 oui
1093 3137 1153 3178 non·

137 3202 207 3258 dum
231 3199 376 3278 persuasit
394 3199 494 3260 sexais
512 3204 601 3274 liber,
628 3206 863 3277 quamproxime
886 3204 1078 3278 absolvimus,
1104 3219 1155 3260 eun

136 3288 225 3342 istum
237 3286 361 3343 forsitan
374 3288 491 3364 legerit,
511 3283 580 3360 quid
594 3282 629 3341 de
642 3285 696 3342 bac
711 3288 881 3384 quaestione
895 3288 1081 3360 expedienda
1091 3290 1155 3344 ulte·

88 3375 94 3390 “
127 3371 198 3425 ‘tius
213 3365 368 3441 desideret,
388 3368 587 3426 nonhabebit
613 3369 693 3425 Fieri
707 3371 926 3442 enimpotest,
918 3380 970 3426 ut
982 3375 1087 3428 saltem
1099 3371 1155 3426 dect

137 3455 261 3508 selectos
274 3464 361 3529 atque
373 3455 562 3527 praeeipuos,
584 3471 657 3526 quos
671 3451 764 3509 Varro
776 3453 925 3534 volumine
939 3459 1111 3530 complexus
1124 3457 1156 3507 est

40 3593 41 3596 ,
136 3537 254 3608 ultimo,
282 3538 316 3593 de
330 3539 433 3612 quibus
446 3554 549 3612 parum
562 3533 705 3614 diximus,
732 3525 887 3613 quisquam
900 3538 1040 3595 colendos
1053 3545 1157 3612 propter

138 3621 229 3676 vitam
241 3619 372 3690 beatam,
398 3639 473 3696 quae
486 3639 547 3675 non
560 3621 619 3674 nisi
633 3628 752 3675 aeterna
765 3631 821 3693 est,
848 3623 992 3696 opinetur.
1017 3623 1103 3689 Qna'
1094 3640 1123 3677 m
1133 3634 1158 3673 re

138 3701 277 3760 noadiae
292 3701 370 3778 quod
383 3704 505 3760 facetius
520 3705 562 3757 ait
575 3701 773 3759 Tertullianus
795 3705 922 3762 fortasse
945 3723 1033 3781 quam
1057 3706 1159 3762 verius:

139 3781 173 3839 Si
192 3785 233 3839 dii
251 3788 418 3862 seliguntur
437 3797 471 3842 ut
488 3787 583 3856 bulbi,
609 3787 710 3860 utique
730 3791 840 3843 caeteri
855 3789 974 3863 reprobi
993 3787 1159 3845 iudicantur·

34 3929 37 3934 ,
135 3865 204 3922 Non
217 3867 273 3922 boe
289 3867 370 3924 dieo:
384 3870 469 3926 video
485 3871 562 3926 enim
576 3870 663 3927 ctiam
677 3887 713 3925 ex
725 3871 841 3928 selectis
855 3874 941 3953 seligi
955 3869 1160 3950 aliquosadali·
