2362 4320
152 157 154 164 ⁴
218 171 810 262 oncrvrrsrs'osrnraxr.
891 209 909 226 ι
976 204 1033 260 ιιι

5 352 162 418 comtum,
181 348 212 404 ia
228 344 356 404 Ciuitate
370 343 548 415 Dciaostri,
570 344 807 417 Deaofuaolaoo‘t
821 337 927 406 caucin
938 361 1039 418 ‚aetcr-
1078 387 1080 392 κ

9 453 80 492 aaa.
107 431 186 487 ltem
198 432 229 484 in
243 431 314 485 alio:
340 428 483 486 Flaminio
497 431 622 505 impetus
636 429 783 500 laetificat
799 430 957 492 Civitatem
970 432 1038 503 Dei,

12 515 213 586 sanctificavit
238 511 458 580 tabernaculam
483 529 575 568 suam
588 512 780 588 Altisso'mas,
797 513 910 571 Deus
899 534 928 570 ιιι
947 517 1039 572 medio
1098 507 1103 518 “

13 603 69 656 cias
85 617 145 654 aaa
158 595 386 652 commovebitur.
417 591 471 650 His
486 605 574 669 atque
586 594 751 672 huiusmodi
764 598 950 676 testimoniis,
966 615 1040 670 quae

14 684 114 736 omnia
116 697 341 742 commemorare
351 679 437 733 nanis
446 674 569 754 longum
582 669 638 746 cst,
651 678 804 736 didicimus
819 699 884 737 esse
898 671 1042 756 quandam
1134 677 1146 698 ''

16 765 164 820 Civitatem
174 762 242 832 Dei,
256 763 339 822 cuius
354 763 431 816 cives
445 779 510 816 esse
523 763 753 836 concupiscimus
768 765 818 820 illo
834 783 942 834 amore,
951 779 1042 838 quem

19 848 93 903 nobis
104 843 184 902 illius
199 843 358 901 Conditor
350 845 512 916 inspiravit.
546 839 627 922 Huic
637 843 786 910 tonderi
799 857 918 906 sanetae
931 845 1041 905 Ciuita-

21 932 68 999 tis,
93 930 165 984 cives
183 938 318 988 terrenae
337 925 470 1005 Civitatis
491 925 645 984 deossuos
664 928 845 1002 praeferunt,
870 933 1041 1008 ignorantes

29 1032 90 1074 eum
102 1031 159 1066 esse
168 1011 262 1068 Deum
277 1009 411 1080 deorum,
431 1026 490 1064 non
503 1009 622 1064 deorum
635 1009 785 1080 falsorum,
798 1010 922 1084 hoeest,
936 1015 1040 1088 impio-
1115 1057 1117 1062 .

30 1113 88 1148 rum
101 1104 127 1148 et
137 1092 333 1168 superborum,
359 1093 409 1165 qui
428 1093 489 1147 eius
509 1073 736 1150 incommutabili
753 1086 941 1171 omnibusque
961 1115 1041 1152 com.

29 1180 98 1232 muni
109 1179 167 1232 lucc
178 1176 297 1250 privati,
312 1183 341 1228 ct
355 1174 389 1230 ob
403 1173 457 1230 hoa
471 1174 507 1230 ad
520 1175 798 1252 quandamegenam
808 1188 981 1251 potestatem
993 1198 1041 1234 re.
1080 1187 1083 1200 ⁴

26 1259 102 1330 droti,
115 1278 179 1314 suas
192 1257 315 1333 quodam
326 1255 410 1314 modo
421 1259 548 1330 privatas
558 1259 703 1331 potentias
718 1271 934 1332 consectantur,
948 1261 1042 1326 hono-

25 1362 117 1418 resque
129 1343 243 1398 divinos
257 1359 274 1396 ιι
288 1340 414 1414 deceptis
426 1340 547 1414 subditis
562 1350 719 1415 quaeruut;
733 1341 784 1396 sed
799 1337 916 1400 deorum
928 1347 1043 1418 piorum

27 1437 98 1500 atque
111 1435 296 1494 sanctorum,
322 1424 371 1498 qui
383 1424 480 1496 potius
497 1441 528 1478 se
547 1425 626 1498 ipsos
639 1425 691 1480 uni
704 1424 827 1480 subdere
840 1445 925 1500 quani
936 1430 1041 1484 multos

27 1505 80 1579 ribi,
93 1511 242 1584 potiusque
254 1505 350 1562 Deum
363 1508 464 1578 colere
472 1525 559 1580 quam
571 1525 623 1581 pro
634 1505 699 1570 Deo
711 1509 767 1564 coli
778 1507 970 1573 delectantur.
983 1509 1043 1584 Sea

27 1589 95 1655 buius
121 1601 239 1646 sanotae
266 1588 402 1648 Civitatis
430 1589 572 1660 inimicis,
600 1588 698 1644 decem
721 1591 921 1662 ,superioribus
947 1592 1042 1664 libris,

29 1685 153 1748 quantum
164 1673 323 1747 potuimus,
337 1671 463 1732 Domino
478 1681 506 1728 et
516 1671 598 1749 Rogo
612 1681 710 1728 nostro
724 1671 879 1736 adiuvante
892 1674 1042 1748 respondi-

31 1776 85 1812 nus.
107 1757 191 1814 Nunc
204 1774 274 1814 vero
289 1754 358 1830 quid
371 1773 388 1808 a
401 1773 446 1822 me
461 1765 644 1829 exspectetur
656 1759 971 1831 agnoscens,-meique
983 1770 1057 1813 non·

32 1840 162 1896 inmemor
176 1838 276 1908 debiti,
291 1838 326 1892 de
341 1836 462 1893 duarum
475 1837 641 1910 (licitatum,
661 1846 796 1904 terrenae
809 1840 922 1916 scilicet
934 1847 964 1894 ct
977 1858 1043 1904 coe-

32 1923 112 1993 lestis,
136 1941 204 1997 quas
218 1924 249 1978 in
263 1919 319 1976 hoc
332 1921 451 1976 interim
467 1923 583 1979 saeculo
592 1923 748 1998 perplexas
762 1922 892 1997 quodam,
901 1921 985 1988 modo
999 1923 1043 1984 dis

34 2007 109 2061 riam
122 2008 304 2078 invicemque
317 2005 492 2078 pernrixtos,
516 2014 621 2078 oxortu
632 2015 664 2086 ct
678 2023 802 2074 excursu
817 2005 962 2068 etdebitir
977 2006 1044 2061 lini·

35 2086 87 2159 bus,
110 2098 248 2164 quantum
259 2089 390 2155 valuero,
416 2086 574 2162 disputare,
600 2087 661 2142 eius
675 2090 764 2163 ipsius
777 2088 898 2145 Domini
912 2098 942 2143 ct
954 2087 1044 2166 Regis

36 2173 109 2227 nocui
121 2173 225 2246 ubique
239 2171 431 2244 opitulationo
448 2171 542 2230 fretus
559 2171 729 2246 aggrediar:
755 2173 938 2252 primumque
953 2171 1044 2229 dicata

38 2254 254 2326 quemadmodum
268 2253 388 2309 exordia
401 2253 539 2312 duarum
530 2263 652 2322 istarum
663 2253 840 2324 civitatum
831 2275 864 2320 ra
876 2257 1044 2334 augelorum

39 2335 183 2396 diversitate
195 2333 418 2413 praecesserint
475 2339 477 2343 ’
573 2359 579 2400 5

372 2473 699 2545 carli

40 2573 69 2633 De
76 2581 246 2654 cognoscendo
257 2581 329 2648 Deo,
349 2584 469 2636 adocias
479 2584 604 2638 aetitiam
614 2601 688 2638 asmo
699 2577 831 2636 bominum
839 2581 975 2652 pervenit,
993 2563 1045 2640 oiri

84 2625 131 2722 petr
141 2654 320 2707 Mediatorem
330 2653 385 2705 Det
395 2664 421 2705 et
432 2650 574 2718 borracum,
593 2649 721 2731 borrriaem
731 2653 819 2705 lecum
832 2652 977 2740 Uiriatum.
1019 2653 1040 2728 ᾗ

84 2759 219 2838 Magnum
233 2770 279 2816 est
295 2771 325 2816 et
342 2749 493 2817 admodum
507 2779 606 2816 rarum
614 2761 787 2836 universam
801 2733 963 2826 creaturam
981 2777 1044 2817 eor-

38 2858 131 2914 porenn
149 2854 183 2908 et,
195 2847 400 2919 incorpoream
414 2844 627 2918 consideratam.
638 2853 867 2918 compertamque
881 2844 1051 2918 mutabilem

36 2926 175 2984 intentione
187 2925 296 2985 mentio
312 2926 464 3005 excedere,
484 2937 570 3002 atque
584 2927 620 2982 ad
633 2927 892 3004 incommutabilem
907 2924 1045 2986 Deisub-

35 3015 149 3068 stantiam
161 3013 331 3086 pervenire,
345 3020 374 3066 et
387 3012 447 3066 illic
461 3011 572 3066 discere
583 3029 621 3080 ox
634 3012 707 3084 ipso,
721 3009 798 3086 quod
813 3020 946 3085 cunctam
959 3017 1046 3064 natu«

34 3107 79 3150 run
90 3114 161 3170 quae
175 3113 237 3152 non
252 3104 297 3150 est
310 3085 385 3170 quod
398 3095 469 3168 ipse,
483 3112 543 3148 non
556 3093 626 3149 fecit
638 3095 697 3149 nisi
709 3095 780 3166 ipse.
812 3093 862 3152 Sic
874 3095 952 3166 enirn
965 3090 1054 3168 Deus

34 3193 82 3234 ιιιι
97 3175 213 3235 homine
234 3197 294 3233 non
314 3195 365 3250 per
383 3179 529 3252 aliquam
527 3186 689 3232 creaturam
708 3178 837 3250 loquitur
856 3176 1044 3250 corporalem,

33 3259 234 3335 corporalibus
226 3270 391 3334 instrepens
406 3260 538 3330 auribus,
563 3269 595 3314 ut
613 3261 691 3315 inter
709 3271 862 3317 sonantem
876 3270 906 3314 et
924 3257 1044 3313 audien·
1051 3301 1054 3326 p

33 3349 76 3398 teu
93 3347 171 3400 aeria
186 3343 286 3418 spatia
301 3337 508 3422 verberentur,
535 3361 628 3418 nequo
649 3363 702 3418 per
725 3343 865 3406 eiusmodi
887 3341 1055 3414 spiritalem,

32 3441 87 3496 puae
100 3445 256 3502 corporum
271 3415 508 3483 similitudinibus
528 3425 713 3502 figuratur,
715 3428 791 3494 sicut
809 3429 840 3480 in
860 3425 980 3479 somniis
998 3422 1046 3477 vel

32 3523 72 3580 qao
85 3513 140 3566 olio
154 3513 209 3567 tali
222 3508 324 3581 modo;
351 3523 418 3566 nam
432 3519 462 3576 et
475 3511 517 3564 sio
530 3511 611 3566 velut
625 3511 763 3584 corporis
773 3507 891 3564 auribus
905 3506 1054 3582 loquitu-r,¹

34 3593 84 3662 quia
95 3598 177 3651 velut
190 3612 246 3668 per
260 3611 364 3666 corpus
377 3594 508 3667 loquitur
521 3602 550 3648 et
568 3595 648 3650 velut
666 3593 836 3664 interposito
856 3589 1046 3662 corporalium
1065 3583 1070 3590 ”

35 3670 143 3734 locorum
157 3677 332 3748 intervall03
350 3678 480 3731 multum
495 3674 573 3732 enim
585 3677 690 3732 similia
703 3684 770 3730 sunt
783 3673 853 3728 talia
864 3673 928 3726 sisa
946 3689 1050 3744 corpo·
1056 3707 1059 3724 2

36 3757 138 3818 talibas:
163 3759 218 3814 sed
231 3757 385 3834 loquitur
378 3777 441 3832 ipsa
452 3760 594 3829 veritate
614 3777 640 3812 si
654 3775 735 3832 quis
731 3758 770 3811 sit
781 3749 902 3810 idoneus
916 3753 952 3810 ad
965 3753 1059 3826 audr-
1144 3827 1146 3834 y

34 3839 121 3902 erlem
135 3851 251 3914 mente,
266 3859 326 3900 aaa
340 3860 470 3918 corpore.
489 3841 534 3908 Ad
546 3798 616 3914 illdd
630 3841 707 3896 enim
716 3837 862 3916 hominis
854 3847 895 3892 rto
908 3836 1061 3916 loquitur,
1136 3885 1138 3898 ι
1162 3890 1166 3898 ,

730 3919 763 3979 Χ
