2362 4320
287 213 344 274 DE
366 213 579 278 clvl'rnla
601 216 679 275 DEI
705 218 784 276 LIB.
806 219 847 278 X.
1012 229 1069 284 ³1⁷
1119 275 1120 286 ,

1 424 5 429 f
77 371 117 426 lille
129 383 200 443 quae
214 383 230 422 a
242 364 387 422 Chaldaeis
400 364 556 436 didicerat,
580 365 655 424 hanc
668 370 858 426 universalem
871 372 1071 438 viamaninrae

72 451 222 507 liberandae
239 449 395 523 eqntineri3
422 457 451 502 et
468 451 568 530 utique
588 468 618 504 se
638 470 655 506 a
672 449 821 524 Chaldaeis
840 449 963 510 oracula·
975 453 1072 512 divina
1107 511 1109 518 g

69 540 204 606 sumsisse,
218 525 490 610 quorum'assiduam'
504 536 799 606 commemorationem
809 535 889 606 facit,
904 546 998 591 tacere
1011 555 1070 593 nou

65 623 154 694 potuit.
169 620 263 684 Quam
275 619 337 672 vult
349 635 418 692 ergo
431 617 683 691 intelligianimae
692 616 861 694 liberandae
879 620 1071 674 universalem

64 699 268 756 riam-nondum
280 709 432 772 receptam,
445 701 492 753 rel
506 717 542 754 aar
552 702 649 773 aliqua
659 703 808 756 verissima
821 702 1068 776 philosophia,ch
1165 757 1171 770 x

63 803 91 840 ιι
102 802 200 839 earum
215 783 344 858 gentium
358 779 512 856 doctrinis,
538 800 611 855 quae
628 801 750 860 maguae
763 785 887 840 velutin
901 784 1007 839 divinis
1020 803 1067 839 re·
1147 851 1150 858 .

61 868 103 922 har
116 864 304 932 habebantur,
317 864 383 936 quia
394 865 457 937 plus
472 863 545 935 apud
559 881 606 918 eas
620 866 772 920 curiositas
785 868 875 921 valuit
888 885 1067 940 quorumque

64 951 220 1024 angelorum
232 945 497 1021 cognoscendorum
508 955 537 1000 et
548 945 740 1016 colendorum,
755 948 935 1022 nondumque
947 951 1068 1004 insuam

67 1031 181 1084 notitiam
193 1026 338 1082 historiali
353 1029 519 1104 cognitione
531 1025 690 1101 perlatam?
716 1031 861 1094 Quaenam
873 1034 928 1086 ista
942 1040 987 1087 ost
1000 1031 1066 1086 uni-

68 1113 168 1166 versalis
181 1111 242 1180 ria,
265 1111 323 1164 nisi
336 1127 407 1182 quae
421 1129 480 1166 non
491 1111 678 1184 suaecuique
692 1103 774 1188 genti
785 1115 915 1187 propria,
938 1113 988 1170 sed
1000 1115 1066 1169 uni·

64 1195 141 1248 versis
154 1192 291 1268 gentibus
306 1209 377 1265 quae
391 1193 547 1252 eommunis
567 1204 660 1263 esset,
686 1193 823 1249 divinitus
840 1197 986 1270 impertita
1005 1191 1066 1250 esti

62 1276 141 1340 Quam
153 1285 234 1328 certe
246 1275 302 1327 iste
314 1271 398 1327 horno
416 1293 476 1328 non
488 1273 647 1329 medioeri'
639 1278 758 1352 ingenio
771 1276 915 1349 praeditus
930 1295 994 1332 esse
1007 1295 1066 1332 non

62 1355 169 1412 dubitat.
213 1352 426 1411 Providentiam
440 1357 541 1428 quippe
559 1355 684 1412 divinam
704 1361 767 1414 sine
780 1360 835 1413 ista
848 1359 1047 1414 universali'
1019 1377 1067 1415 rra

63 1425 215 1497 liberandae
224 1441 337 1495 animae
347 1457 439 1535 genus
449 1437 603 1494 humanum
615 1443 780 1515 relinquere
793 1445 919 1515 potuisse
931 1461 990 1506 non
1004 1460 1067 1496 ere-

63 1521 102 1578 dit.
127 1523 228 1596 Neque
242 1523 372 1576 enimait
386 1540 444 1578 non
458 1539 535 1592 esse,
560 1521 611 1576 scd
628 1521 680 1578 hoc
698 1533 808 1577 tantum
821 1523 926 1578 bonum
939 1533 1067 1578 tantum·
1142 1545 1144 1556 ¹

64 1623 106 1677 que
124 1605 297 1659 adiutorium
313 1602 440 1659 nondum
457 1614 618 1676 receptum,
645 1604 798 1659 uondnm'
791 1624 821 1658 ιιι
841 1623 920 1660 suam
935 1604 1087 1680 notitiam'

64 1705 114 1741 erse
125 1686 279 1760 perlatum:
294 1703 347 1740 nec
360 1689 471 1739 mirum.
486 1683 570 1741 Tune
583 1687 660 1740 enim
672 1683 847 1759 Porphyrius
863 1696 924 1741 erat
936 1687 967 1740 in
980 1685 1066 1740 rebus

64 1764 198 1837 humanis,
220 1766 354 1840 quando
345 1776 401 1820 rste
420 1767 583 1822 liberandae
596 1769 709 1822 annuae
723 1768 893 1822 universalis
907 1768 970 1837 via,
993 1785 1065 1840 quae

65 1869 112 1905 ren
125 1860 166 1905 est
179 1851 236 1904 alia
250 1867 333 1922 quam
351 1846 455 1924 religio
470 1846 646 1919 Christiana,
672 1849 833 1926 oppugnari
849 1847 1066 1923 permittebatur

65 1931 238 1987 ebidolorum
252 1929 477 2004 daemonumque
491 1932 647 1986 cultoribus
661 1931 832 2007 regibusque
846 1932 984 2001 bertonio,
998 1948 1066 2003 pro·

65 2023 114 2085 pter
125 2011 311 2069 asserendum
323 2021 351 2067 et
364 2013 587 2068 consecrandum
598 2011 757 2087 Martyrum
770 2033 951 2110 numerum,
943 2010 999 2067 hoc
1011 2021 1065 2082 cst,

66 2098 166 2151 ιιιιίιιιιι
178 2095 322 2164 veritatis,
336 2113 387 2167 per
397 2113 467 2168 quos
482 2094 696 2176 ostenderetur,
712 2098 807 2153 omnia
821 2097 979 2170 corporalia
992 2077 1066 2150 mala
1160 2163 1163 2170 Ἴ

65 2193 103 2247 pro
115 2177 167 2232 lide
179 2177 297 2250 pietatis
311 2185 341 2230 et
353 2169 599 2248 commendatione
612 2179 741 2233 veritatis
756 2195 818 2233 esse
831 2177 987 2234 toleranda.
997 2175 1065 2250 Vi-

66 2257 134 2315 debat
145 2277 216 2336 ergo
229 2260 286 2312 ista
299 2257 483 2332 Porphyrius,
504 2267 533 2312 et
545 2277 596 2330 per
608 2257 769 2315 huiusmodi
782 2263 1033 2339 persecutiones
1008 2261 1065 2314 cito

65 2339 133 2396 istam
144 2344 222 2397 riam
234 2342 406 2413 perituram,
432 2349 462 2396 et
477 2350 629 2414 propterea
648 2360 706 2396 uon
724 2360 786 2397 esse
799 2345 888 2416 ipsam
901 2341 1065 2398 liberandae

64 2425 159 2478 rainice
171 2425 366 2478 universalem
378 2423 505 2495 putabat,
519 2441 578 2476 non
590 2424 756 2499 intelligens
769 2421 822 2478 hoe
838 2423 912 2498 quod
926 2443 988 2478 eum
1003 2442 1064 2478 me·
1079 2449 1085 2457 s

64 2507 142 2578 rebat,
156 2518 187 2562 et
200 2503 298 2580 quod
290 2525 321 2561 ιιι
335 2507 396 2560 eius
411 2507 550 2561 electione
563 2509 673 2580 perpeti
686 2509 845 2578 metuebat,
870 2508 943 2563 ad'
919 2527 979 2563 erus
993 2526 1064 2563 con-

64 2583 241 2644 firmationem
253 2587 501 2661 robustioremque
516 2588 791 2643 commendationem
803 2591 896 2661 potius
910 2591 1063 2664 pertinere.

110 2661 190 2725 Hace
210 2679 256 2724 est
275 2672 364 2745 igitur
384 2671 495 2724 animae
515 2669 679 2724 liberandae
699 2671 871 2724 unirersalis
885 2674 942 2739 via,
967 2671 1063 2741 idest,

64 2754 191 2808 universis
205 2753 341 2829 gentibus
357 2751 453 2806 divina
466 2753 651 2806 miseratione
664 2767 812 2822 concessa3
839 2753 918 2806 cuins
935 2753 1063 2825 proiecto

64 2837 149 2890 notitia
162 2833 201 2889 ad
215 2851 397 2908 quoscunque
411 2835 468 2887 iam
480 2837 571 2903 venit,
585 2832 662 2887 etad
675 2851 860 2908 quoscunque
873 2843 995 2890 ventura
1008 2845 1063 2894 ιιι
1142 2899 1145 2914 ‚

61 2929 101 2970 ree
114 2916 229 2985 deburt
256 2933 309 2970 nee
324 2914 435 2971 debebit
452 2935 478 2970 cr
470 2916 565 2985 drer
591 2917 685 2980 Quare
699 2912 801 2969 modo
827 2925 857 2970 et
869 2918 964 2982 Quare
979 2913 1062 2970 seroi

58 3001 182 3068 quoniam
200 2999 343 3052 mittentis
364 2998 514 3052 consilium
528 3015 587 3052 nen
603 3005 646 3050 est
658 2996 804 3051 hnmano'
795 3001 914 3074 rngenio
927 3008 1064 3072 penetra

57 3074 108 3134 bile.
136 3078 225 3146 Quod
239 3079 330 3134 sensit
344 3081 429 3133 etiam
442 3081 507 3148 istc,
527 3098 591 3134 cum
607 3079 690 3148 dixit,
711 3079 836 3135 nondum
850 3090 995 3153 receptum
1009 3077 1062 3132 hoc

55 3157 150 3218 denum
164 3161 236 3230 Dei,
251 3169 280 3214 et
293 3160 439 3216 nondum'
431 3179 461 3214 ιιι
474 3177 555 3215 sunm
570 3161 702 3214 notitiam
715 3161 802 3216 fnisse
815 3165 963 3236 perlatum.
1000 3159 1074 3217 Nec.

53 3247 119 3300 enim
130 3251 290 3318 propterca
303 3258 401 3297 verum
415 3260 473 3296 non
487 3261 549 3296 esse
562 3242 710 3318 iudicarit,
725 3245 792 3315 quin
806 3245 948 3299 nondum
940 3260 970 3296 ιιι
983 3259 1063 3295 snam

51 3324 125 3385 idem
150 3333 303 3397 receptum
328 3324 432 3392 fuerat,
459 3326 539 3378 vel
530 3343 561 3380 ιιι
581 3325 863 3380 ιιοιίιίιιιιιιοιιάιιιιι
883 3331 1061 3399 pervenerat.

50 3403 120 3463 Haec
135 3417 193 3478 est,
216 3409 343 3479 inquam,
356 3405 569 3460 liberandorum
582 3407 758 3464 credentium
771 3407 942 3462 universalis
955 3406 1013 3472 via,
1027 3403 1066 3456 de

48 3505 95 3562 qua
108 3490 206 3546 fidelis
223 3486 365 3542 Abraham
378 3486 506 3542 diuinum
519 3479 628 3560 aceepit
641 3490 800 3544 oraculum:
838 3486 874 3542 Ῑιι
893 3489 999 3541 semine
1012 3495 1062 3540 tuo

47 3568 250 3627 benedicentur
264 3583 358 3622 omnes
369 3575 480 3643 gentes.
523 3571 579 3634 (aui
595 3569 647 3624 suit
667 3569 779 3641 quidem
792 3578 878 3644 gente
892 3566 1061 3636 Chaldaeus,

48 3653 90 3706 aad
102 3662 136 3707 nt
150 3653 225 3706 talia
237 3651 378 3722 premissa
396 3653 569 3723 perciperet,
595 3650 671 3725 qnod
685 3667 721 3704 ex
734 3652 784 3704 illo
797 3660 1002 3725 propagaretur
1015 3665 1061 3702 se·
1114 3641 1116 3653 ⁴

49 3745 103 3788 nen
116 3733 298 3805 dispositum
311 3748 361 3802 per
373 3733 498 3807 Angelos
512 3734 542 3787 in
555 3751 642 3787 manu
656 3730 837 3800 Mediatoris,
863 3733 894 3785 in
908 3747 965 3803 quo
985 3741 1062 3785 esset

51 3809 94 3868 ista
104 3812 279 3871 liberandae
290 3813 400 3890 animae
410 3815 582 3870 universalis
591 3816 648 3884 rio,
659 3809 713 3869 hee
726 3823 771 3868 est
783 3813 912 3869 omnibus
924 3813 1060 3889 gentihus
1155 3825 1168 3834 ”
