2362 4312
220 225 222 228 ·
287 177 689 270 ιιιιιιιιιιιιιιι
717 209 798 269 ιιι.
826 213 866 269 ιι.
911 261 933 298 Α.
969 198 975 218 ’
1018 255 1019 258 ι
1058 219 1095 276 ιι

13 357 22 412 ι
39 400 42 403 -
64 384 67 389 ·
84 351 237 440 postremum
250 365 359 424 bellum
370 364 616 442 Carthaginiense
631 375 890 422 commemorasset
905 368 1011 444 egisse,
1025 387 1094 426 cau·

83 448 382 524 sannehuiusboni,
409 467 470 503 non
484 465 613 502 amoram
625 445 772 520 iustitiae,
796 447 847 504 sed
862 458 959 506 stante
973 449 1118 510 Cartha,
1149 461 1150 464 ’

25 554 39 577 ι
78 536 131 610 gine
155 541 262 588 metum
287 534 371 605 pacis
387 531 494 587 infidae
508 531 601 586 luisse
616 530 755 602 dixisset3
781 531 861 589 unde
879 541 909 589 et
923 531 1032 590 Nasica
1045 538 1109 604 ille,

76 617 103 672 sd
113 615 322 690 reprimendam
335 616 509 690 nequitiam,
524 614 743 689 servandosque
756 615 830 672 istos
843 634 941 674 mores
956 617 1093 692 optimos,

24 720 25 725 ¹
76 709 179 756 stmetu
194 701 266 756 vitia
283 698 511 769 cohiberentur,
529 695 739 776 Carthaginem
752 699 871 756 nolebat
884 702 995 757 everti:
1015 687 1119 758 cous
1149 723 1154 732 ·

29 816 35 825 ·
74 787 141 840 duno
155 785 280 840 subiecit
291 782 372 838 idem
386 781 566 854 Sallustius,
593 790 623 836 et
636 784 691 839 ait:
711 781 784 853 „At
803 781 966 855 discordia,
981 793 1011 840 et
1021 801 1093 841 ava-

22 892 32 911 2
75 869 174 938 ‚,ritia,
198 875 283 942 atque
309 866 448 937 ambitio,
476 875 506 922 et
519 873 636 922 caetera
650 864 789 922 secundis
802 867 890 925 rebus
910 870 995 924 oriri*
1008 879 1107 925 sueta¹

13 952 181 1022 samua,
203 948 473 1028 postcarthagiuis
493 949 648 1006 excidium
666 951 793 1010 maxime
818 960 905 1007 aucta
930 933 1010 1010 sunt.
1053 951 1093 1008 Vt

40 1097 46 1106 ,
13 1037 317 1112 as„iutelligeremus
346 1035 436 1089 ctiam
460 1042 548 1090 antea
562 1043 591 1089 et
609 1033 683 1089 oriri
696 1034 793 1089 solere
807 1037 963 1113 ataugeri.
1007 1035 1109 1112 Vnde¹
1145 1087 1151 1096 .

13 1119 257 1189 =„sabnectens
274 1137 330 1176 cur
343 1116 402 1173 hoc
420 1112 547 1190 dixerit,
572 1115 676 1174 ΝιιιιιΙ
667 1118 812 1190 miuriae,
836 1119 948 1193 iuquit,
966 1119 1090 1177 validio-

13 1203 30 1250 ι’·
70 1221 162 1274 „ram,
188 1213 217 1258 ct
230 1203 269 1258 ob
283 1219 337 1258 eas
351 1195 494 1258 discessio
509 1201 601 1274 plebis
615 1220 632 1257 a
645 1200 799 1273 Patribus,
827 1203 962 1278 eliaeque
975 1203 1089 1261 dissen-

13 1287 176 1356 ιιι,,ιίοιιιι
189 1284 272 1341 domi
284 1285 395 1342 fuere'
386 1304 444 1341 ram
462 1283 530 1341 inde
543 1303 561 1340 a
573 1285 735 1360 principio,
756 1303 852 1360 neque
866 1289 989 1362 amplius
1003 1305 1091 1363 quam

13 1370 195 1452 ›t3,‚regibns
208 1372 345 1456 exactis,
373 1369 442 1425 dum
467 1377 562 1425 metus
581 1387 598 1424 a
624 1367 790 1444 Tarquinio
811 1379 841 1425 et
865 1370 973 1427 bellum
999 1390 1090 1450 grave

13 1463 40 1504 ..
68 1473 149 1522 „eum
160 1441 286 1510 Etruria
298 1453 432 1527 positum
446 1461 505 1523 est,
531 1470 625 1528 aequo
644 1462 674 1508 et
686 1452 841 1509 modesto'
832 1471 898 1510 rure
911 1457 1064 1532 agitatum.
1067 1455 1088 1490 “

13 1553 34 1586 a
69 1535 143 1592 Vides
156 1535 402 1612 quemadmodum
414 1537 466 1592 illo
480 1537 568 1592 etiam
581 1537 664 1592 brevi
677 1544 823 1610 tempore,
848 1546 883 1593 ut
899 1540 1020 1615 regibus
1036 1557 1088 1594 ex·
1092 1573 1094 1579 2
1146 1588 1152 1604 ,

13 1637 40 1672 ι.
71 1622 149 1690 ιιιιι,
172 1621 275 1692 idest,
304 1621 427 1691 eiectis,
445 1621 628 1696 aliquantum
641 1637 735 1694 aequo
750 1628 780 1676 et
791 1618 947 1689 modesto
939 1640 1004 1677 rure
1018 1641 1088 1700 age·
1110 1619 1115 1678 s

13 1705 32 1752 ι
72 1714 151 1775 retur,
176 1716 288 1761 netum
304 1703 383 1759 dixit
395 1704 489 1761 fuise
504 1721 640 1773 causam,
668 1703 810 1776 quoniam
828 1705 1014 1760 metuebatur
1027 1706 1087 1761 bel-

13 1805 27 1836 ι
67 1789 128 1859 lum,
147 1789 223 1864 quod
237 1807 296 1843 rex
311 1785 493 1862 Tarquinius
507 1805 599 1864 reguo
614 1796 703 1860 atque
716 1783 794 1842 Vrbe
806 1788 926 1859 pulsus,
953 1785 1088 1845 Etruscis
1125 1801 1127 1804 ·

13 1887 26 1918 ι
66 1874 175 1928 sociatus
189 1882 299 1930 contra
314 1870 464 1927 Romanos
479 1872 608 1950 gerebat.
646 1869 796 1927 Atteude'
788 1879 888 1950 itaque
903 1870 973 1946 quid
986 1870 1091 1927 deinde

13 1969 25 2003 =
66 1965 200 2012 contexat:
230 1998 252 2028 ‚‚
263 1955 345 2012 Dein
355 1956 493 2030 ,inquit,
507 1956 630 2030 servili
622 1956 745 2029 imperio
759 1951 862 2010 Patres
876 1955 991 2028 plebem
1004 1971 1090 2010 exer
1158 1985 1159 1990 ι

13 2054 23 2086 ¹
66 2059 158 2111 „cere,
171 2039 207 2095 de
221 2043 286 2097 vita
300 2048 391 2113 atquc
405 2041 585 2116 tergoregio
600 2055 682 2094 more
696 2039 876 2095 consulere
859 2055 956 2116 ,agro
969 2040 1089 2112 pellere,

13 2137 24 2169 ι
67 2135 109 2192 ,et
122 2125 246 2180 caeteris
260 2124 435 2196 expertibus
449 2123 528 2178 soli
520 2142 552 2178 ιιι
565 2123 687 2195 imperio
701 2139 799 2199 agere.
827 2121 952 2188 Quibus
953 2123 1089 2179 saevitiis

13 2220 23 2252 ι
68 2219 111 2276 „et
134 2210 262 2264 maxime
289 2208 415 2264 foenore
430 2223 568 2280 oppressa
581 2206 661 2280 plebs
676 2223 744 2262 cum
755 2205 883 2261 assidui
889 2205 981 2262 ,bellis
995 2207 1089 2262 tribu-

13 2315 18 2323 ·
68 2303 141 2360 „tum
153 2294 243 2348 simul
256 2301 287 2364 et
303 2293 438 2346 militiam
455 2291 611 2360 toleraret,
637 2297 749 2343 armata
762 2299 893 2364 montem
906 2287 1031 2346 Sacrum
1043 2300 1088 2345 at-

13 2387 18 2418 =
71 2375 334 2447 „quellreutinum
359 2374 480 2430 insedit:
509 2382 630 2447 tumque
644 2373 779 2428 tribunos
805 2372 897 2446 plebis
918 2382 948 2428 et
961 2374 1019 2428 alia
1033 2374 1089 2430 sibi
1132 2375 1135 2378 ’

13 2469 39 2519 a:
73 2459 153 2525 „iura
163 2462 285 2531 paravit.
332 2456 557 2516 Discordisrum
570 2466 599 2511 et
612 2457 781 2512 certaminis
796 2455 1018 2532 utrinquefinis
1032 2456 1089 2512 fuit

13 2558 39 2606 ι,
72 2542 242 2608 „seeundum
266 2543 380 2598 bellum
392 2540 545 2597 Punicum
548 2541 570 2572 ‘⁶
613 2539 717 2608 Cernis
741 2556 779 2594 ex
802 2557 859 2614 quo
886 2548 1031 2615 tempore,
1052 2540 1088 2600 ιιι

69 2635 115 2697 ιιι,
136 2646 226 2710 parvo
241 2627 403 2682 intervallo
421 2634 488 2698 post
501 2641 587 2700 reges
602 2633 739 2693 exactos,
767 2624 869 2697 quales
883 2621 1009 2680 Romani
1022 2623 1087 2679 fue-

68 2711 129 2782 rint,
153 2711 188 2767 de
209 2711 321 2788 quibus
342 2710 396 2765 ait:
423 2707 472 2764 lus
486 2708 653 2781 bonumque
668 2705 744 2779 apud
758 2723 809 2761 eos
823 2711 884 2762 non
897 2707 1012 2784 legibus
1027 2724 1088 2764 rna-

13 2825 39 2894 ,
68 2811 100 2869 ps
113 2813 195 2871 quam
216 2804 329 2851 natura
345 2793 468 2849 valebat.

13 2879 40 2928 il
115 2878 204 2935 Porro
216 2897 245 2934 ιι
236 2879 311 2934 'illa
325 2886 456 2950 tempora
468 2857 539 2932 talia
552 2869 759 2948 reperiuntur,¹
772 2873 885 2950 quibus
892 2873 1088 2948 pulcherrirna

70 2971 137 3037 atque
150 2965 265 3039 optima
279 2961 373 3020 fuisse
385 2960 572 3035 praedicatur
585 2957 724 3028 Romana
738 2959 918 3032 respublica3
945 2959 1039 3034 quid'
1030 2977 1105 3014 sam’

13 3061 40 3098 ι
69 3043 94 3100 ie
105 3047 300 3122 consequenti
320 3053 416 3108 aetate
430 3043 586 3101 dicendum
610 3049 665 3098 aut
681 3041 888 3120 cogitandum
900 3044 1088 3123 arbitramur,

13 3132 39 3180 ἰ
70 3149 118 3187 un
139 3132 287 3206 paulatim
312 3136 440 3199 mutata,
466 3136 510 3184 ut
513 3125 645 3183 eiusdem
658 3125 793 3182 historici
817 3127 916 3183 verbis
920 3137 1034 3198 utar,
1052 3143 1089 3188 cx

13 3233 28 3264 ι
70 3214 248 3284 pulcherrirna
262 3221 353 3288 atque
367 3213 491 3287 optima,
509 3212 636 3285 pessima
649 3227 683 3266 ac
696 3171 929 3308 flagitiosissima
942 3211 1019 3266 faeta
1033 3219 1088 3276 est,

13 3297 28 3347 ι
37 3298 317 3406 postCarthaginis
332 3294 485 3366 videlieet,
500 3304 533 3350 ut
547 3295 811 3368 commemorarit,
810 3289 980 3348 exeidiuml
1007 3291 1089 3356 Quae

13 3366 176 3456 s¹teupora
197 3385 265 3457 ipse
280 3379 457 3449 Sallustius,
473 3377 715 3458 quemadmodum
729 3378 858 3434 breuiter
868 3377 991 3439 recolat
995 3382 1025 3428 et
1037 3372 1088 3428 da-
1162 3441 1168 3448 .

13 3478 24 3511 ¹
65 3467 169 3539 scribat,
198 3469 232 3524 in
262 3466 328 3520 eius
357 3461 486 3530 historia
505 3464 564 3540 legi
589 3471 704 3535 potest,
731 3463 852 3535 quantia
866 3459 951 3514 malis
964 3459 1088 3528 morunt,

13 3561 120 3622 pase
132 3550 279 3608 secundis
295 3547 386 3604 rebus
402 3545 504 3603 exorta
516 3555 587 3602 sunt
589 3562 706 3619 ,usque
712 3545 759 3600 ad
768 3544 844 3599 bella
856 3541 954 3596 civilia
968 3539 1088 3596 denron-
1163 3585 1165 3592 s

13 3645 22 3676 ι
64 3643 119 3692 stret
141 3655 210 3693 esse
238 3638 431 3710 perventum.
474 3629 547 3702 „Ex
560 3647 618 3704 quo
631 3638 779 3702 tempore,
806 3633 839 3680 ut
864 3625 919 3692 ait,
945 3624 1091 3678 maiorum·

13 3737 19 3746 ·
64 3735 163 3786 ,nores
180 3739 245 3777 non
261 3714 411 3792 paulatim
424 3722 456 3767 ut
469 3723 570 3783 antea,
597 3713 649 3768 sed
675 3709 829 3778 torrentis
842 3705 926 3762 modo
940 3707 1090 3780 praecipi-

13 3805 136 3879 ΝΜ,
164 3804 244 3862 adeo
260 3804 412 3857 iuventus
426 3797 496 3852 luxu
511 3807 599 3871 atque¹
612 3793 738 3851 avaritia
752 3799 908 3864 corrupta,
933 3799 968 3846 ut
986 3791 1091 3844 merito

13 3884 179 3952 ,dictur
207 3886 340 3967 genitos
372 3895 435 3932 esse
478 3883 528 3956 qui
552 3871 851 3953 nequeipsihahere
850 3870 1092 3948 possentresia
