2362 4312
247 250 317 308 DE
345 245 577 308 ClVll'ATl]
605 239 682 306 DEl
711 247 791 306 ΜΒ.
814 247 855 308 ll.
928 260 930 264 ’
994 319 995 322 ¹
1038 258 1077 342 dii

41 406 166 460 amavit:
206 404 242 457 Ἀ
257 399 401 456 Bellona
416 400 543 456 nuntius'
558 401 662 469 venio,
685 403 811 457 victoria
831 411 960 471 tuaest,
987 402 1077 478 Sylla.

41 487 134 543 teinde
148 487 288 556 adiecit,
308 501 467 539 >arsurum
482 501 545 537 esse
559 483 739 556 Capitolium.
780 483 844 540 Hoc
863 501 930 546 cum
944 481 1077 556 dixisset,

41 572 165 627 antinno
179 585 337 644 egressus
361 585 379 620 e
404 567 526 636 castris,
544 576 662 644 postera
682 567 728 622 dic
752 569 928 623 concitatior
941 585 1076 624 reversus
1108 627 1113 640 ⁸

41 666 87 724 ιιι,
114 663 144 708 et
156 651 355 724 Capitolium
380 650 491 704 arsisse
512 651 656 721 clamavit.
694 650 815 705 Arserat
839 659 943 710 autem
962 669 1078 708 revera

41 738 219 810 lapitolium.
264 732 363 800 'Quod
376 731 495 807 quidem
511 732 646 789 daemoni
665 741 695 787 et
712 733 883 805 praevidere
903 734 990 790 facile
1009 735 1077 801 fuit,

41 833 61 876 ιι
86 820 245 875 celerrime
271 818 431 872 nuntiare.
470 813 543 871 lllud
561 833 632 870 sane
649 815 785 884 intende,
811 815 889 891 quod
908 817 945 872 ad
959 835 1077 872 causam

41 904 165 970 maxime
179 903 336 988 pertinet,
364 898 418 954 sub
440 898 572 980 qualibus
595 898 650 954 diis
672 917 737 953 esse
762 901 924 972 cupiant,
928 902 980 974 qui
999 900 1076 955 blat-

44 977 185 1061 phemant
193 981 388 1039 salvatorem
409 982 576 1037 voluntates
598 981 728 1038 fidelium
749 999 766 1036 a
789 980 938 1038 dominatu
958 982 1075 1038 daemo·

45 1089 111 1126 ιιιιιιι
134 1068 323 1123 liberantem
357 1053 513 1120 Clamavit
536 1063 620 1132 horna
638 1063 842 1136 vaticinando,
868 1065 999 1122 Victoria
1023 1067 1077 1122 tua

42 1163 98 1222 est,
123 1149 237 1225 Sylla,
258 1151 410 1224 atquelut
431 1146 462 1201 id
486 1146 584 1204 divino
612 1150 716 1222 spiritu
744 1149 868 1204 clamare
895 1149 1075 1218 crederetur,

41 1234 190 1292 nuntiavit
205 1235 302 1288 etiam
314 1229 426 1306 aliquid
440 1239 470 1296 et
482 1249 571 1304 prope
585 1231 719 1287 futurum
732 1240 762 1286 et
774 1249 844 1293 mox
857 1232 979 1308 factum,
997 1232 1076 1288 uude
1090 1247 1092 1256 ’

41 1312 125 1395 longe
147 1315 257 1372 aberat
281 1332 438 1389 perquem
460 1314 509 1369 illc
530 1315 651 1392 spiritus
674 1314 862 1388 loquebatur:
896 1333 956 1372 non
978 1325 1076 1371 tamen

41 1405 87 1458 ille
100 1401 261 1469 clamavit,
290 1397 332 1453 Ab
347 1395 505 1452 sceleribus
518 1416 605 1471 parce
618 1395 715 1472 Sylla3
741 1393 815 1472 quac
833 1399 893 1454 illic
906 1401 1002 1464 victor
1015 1409 1076 1454 tam

43 1482 186 1540 horrenda
200 1483 364 1557 commisit,
391 1482 441 1534 eui
454 1498 562 1550 corona
574 1499 663 1536 aurea
675 1481 767 1554 ipsius
780 1482 923 1538 victoriae
936 1483 1075 1538 illustris·

47 1572 147 1622 simum
161 1566 292 1641 signum
302 1566 334 1618 in
346 1564 493 1618 vitulina
486 1581 582 1620 iecore
595 1563 737 1636 apparuit.
769 1565 875 1629 Qualia
894 1561 979 1642 signa
991 1568 1017 1621 si
1035 1565 1077 1620 dii

49 1654 115 1706 iusti
128 1649 197 1704 dare
214 1649 365 1716 solerent,
393 1663 427 1701 ac
445 1663 506 1702 nou
518 1646 697 1702 daemones'
688 1640 791 1717 impii,
805 1647 937 1720 prolecto
950 1648 1008 1702 illis
1024 1667 1076 1702 ex-

47 1739 84 1790 tis
96 1732 212 1790 nelsria
232 1732 332 1804 potius
345 1739 434 1804 atque
451 1731 507 1826 ipsi
498 1729 621 1806 'Syllae
637 1729 768 1814 graviter
785 1731 875 1784 noxia
889 1732 965 1783 mala
977 1731 1079 1785 futura

43 1824 256 1875 monstrarent.
297 1812 401 1887 Neque
419 1815 496 1868 enim
514 1815 578 1869 eius
597 1809 738 1890 dignitati
757 1819 873 1867 tantum
893 1812 1004 1883 profuit
1028 1813 1078 1868 illa

43 1902 180 1967 victoria,
200 1907 363 1972 qnantum⁴
378 1898 479 1952 nocuit
494 1907 495 1910 ’
508 1895 677 1970 ιιιριιιιιιιι;
704 1913 761 1970 qua
773 1895 884 1952 factum
897 1904 954 1965 est,
978 1905 1012 1950 ut
1025 1897 1064 1951 im
1088 1889 1093 1900 ⁶

42 1981 203 2041 ιιιιιιιιίι
217 1979 350 2052 inhians,
374 1990 406 2035 et
425 1980 560 2035 secundis
585 1979 673 2040 rebus
697 1981 789 2035 elatus
812 1997 846 2035 ac
860 1977 1077 2054 praecipitatus,

43 2070 136 2146 magis
149 2069 217 2140 ipse
229 2065 344 2138 periret
367 2063 400 2118 ιιι
422 2064 561 2134 moribus,
583 2081 669 2138 quam
690 2063 825 2119 inimicos
851 2064 884 2128 in
909 2062 1088 2136 corporibus
1120 2049 1132 2080 ”

45 2152 188 2226 perderet.
230 2145 324 2204 llaec
323 2145 427 2202 rllrdn
439 2161 510 2202 vere
522 2148 621 2204 trustra
633 2157 769 2220 vereque
773 2144 918 2222 lugenda,
947 2161 1006 2202 non
1026 2163 1078 2200 cx-

44 2237 94 2306 tis,
120 2253 182 2292 non
196 2231 358 2308 auguriis,
372 2247 435 2286 nou
461 2218 630 2304 cuiusquam
643 2230 756 2284 somnio
768 2231 830 2285 val
839 2229 981 2286 vaticinio
994 2247 1078 2306 prae-

46 2319 233 2374 nuntiabant.
275 2312 372 2392 Magis
385 2315 464 2368 enim
479 2311 638 2368 timebant
637 2330 676 2368 ne
702 2314 920 2410 corrigeretur,
943 2329 1028 2387 quam
1042 2331 1079 2368 ne

52 2403 225 2456 vinceretur.
269 2397 360 2453 lmmo
386 2397 460 2452 satis
484 2396 634 2474 agebant,
663 2404 697 2451 ut
725 2396 821 2450 victor
849 2397 956 2452 civium
970 2397 1064 2492 gloria

54 2501 122 2554 ιιιι,
143 2486 237 2540 vienn
251 2490 340 2556 atqua
356 2479 488 2553 captivus
512 2477 649 2534 nefandis
674 2478 777 2548 vitiis,
804 2481 849 2533 et
857 2497 910 2552 per
923 2477 1016 2534 haec'
1008 2481 1079 2575 rpsis

52 2568 137 2623 etin
148 2565 341 2623 daemonibus
360 2563 452 2619 multo
472 2539 642 2618 obstrictius
670 2561 880 2618 subsiderotur.

424 2675 546 2734 cAP.
588 2675 740 2734 XXV

48 2763 187 2827 Quantam
197 2759 317 2844 maligni
330 2755 446 2844 spiritus
459 2759 496 2810 ad
496 2756 615 2839 flagras
630 2756 747 2810 incitent
736 2729 886 2822 domines,
906 2775 964 2812 cum
975 2761 1003 2814 ia
1014 2775 1070 2812 cara

47 2833 184 2887 uiuendi·
203 2831 349 2885 sceleribus
368 2827 446 2898 qussi
465 2827 582 2880 divinam
601 2827 729 2894 exempli
734 2827 777 2879 sai
795 2827 976 2897 interponant
989 2838 1081 2888 aucta·

194 2933 196 2936 -
343 2929 349 2946 ι
446 2907 448 2912 ‘
504 2897 625 2952 ritatem.

99 2991 198 3048 ‘lllinc
215 3007 289 3045 vero
302 2989 367 3062 quis
380 3005 442 3044 non
461 2987 626 3063 intelligat,
643 2988 715 3068 'quis
733 3007 792 3044 nou
814 2955 927 3062 rideat,
953 2990 1013 3048 nisi
1030 2991 1080 3062 qui

50 3077 118 3130 tales
131 3075 207 3130 deos
221 3073 332 3128 imitari
345 3071 439 3147 ringis
462 3072 562 3147 elegit,
586 3088 672 3143 quam
697 3071 797 3129 divina
822 3075 918 3149 gratia
931 3072 965 3128 ab
979 3081 1079 3126 eorum

51 3161 190 3214 societate
216 3155 371 3228 separari,
390 3163 530 3227 quantum
555 3154 713 3222 moliantur
736 3158 859 3233 maligni
882 3157 933 3211 isti
959 3151 1078 3226 spiritus

52 3243 180 3337 exemplo
197 3257 268 3335 suo,
294 3238 377 3292 velut
389 3235 519 3292 divinam
536 3239 740 3293 auctoritatem
753 3241 892 3313 praebere
909 3233 1077 3306 sceleribus,

51 3325 120 3398 qnod
133 3323 230 3378 etiam
242 3323 274 3376 in
288 3317 413 3396 quadam
425 3317 599 3394 Campaniae
612 3321 671 3375 lata
683 3324 826 3394 planicie,
852 3323 901 3377 ubi
915 3337 974 3374 non
987 3320 1078 3374 multo
1128 3317 1132 3328 ¹

47 3418 109 3480 post
122 3405 318 3463 eivilosscies
334 3401 448 3460 nefario
460 3403 569 3475 proelia
582 3401 862 3478 conflixerunt,1psi
875 3404 1077 3474 interscprius
1115 3455 1122 3462 ,

47 3507 179 3567 pugnare
192 3490 252 3544 visi
265 3481 358 3542 suut?
397 3481 529 3560 Namque
554 3486 596 3541 ibi
609 3479 701 3542 auditi
715 3496 785 3542 sunt
798 3489 922 3576 primum
940 3484 1076 3561 ingentes

47 3573 196 3650 ingeres.
223 3587 354 3642 moxque
366 3569 450 3622 multi
464 3585 496 3622 se
508 3569 617 3624 vidisse
631 3571 807 3624 nuntiarunt
819 3586 897 3642 per·
891 3563 1009 3641 aliquot
1015 3569 1076 3624 dies

50 3655 116 3712 dns
127 3657 210 3711 acies
223 3652 377 3727 proeliari.
414 3651 493 3714 Quae
505 3669 604 3728 pugna
618 3652 667 3706 ubi
680 3651 804 3720 destitit,
822 3645 949 3724 vestigia
963 3668 1075 3727 quoque
1095 3701 1097 3704 .

49 3739 122 3794 velut
134 3737 291 3793 bominum
304 3743 336 3787 et
350 3749 503 3806 equorum,
533 3742 642 3810 quanta
663 3733 699 3787 dc
723 3734 774 3787 illa
788 3691 1004 3788 donssictationc
1023 3753 1076 3789 ex-

56 3822 128 3889 mni
146 3827 309 3896 poterant,
338 3817 529 3870 invenerunt·
563 3815 597 3872 Si
622 3831 694 3890 ergo
718 3816 864 3869 veraciter
883 3815 961 3871 inter
975 3835 1006 3870 se
1020 3833 1075 3872 nu·-

58 3905 121 3958 Ιιιι
134 3909 329 3967 pugnarunt,
350 3898 407 3952 iam
419 3896 492 3955 bella
507 3900 606 3960 civille
618 3906 797 3954 excusentur
809 3897 951 3954 humana:
978 3901 1076 3953 consi-
