2362 4312
264 224 661 314 mormannum
686 237 770 296 rra.
794 239 835 296 n.
1022 211 1061 302 4⁵

64 389 146 464 „nodi
169 392 245 448 eires
272 407 429 446 accusore
455 389 559 446 melius
573 398 748 466 estquama
761 399 849 464 poeta
877 393 985 449 notari:
1012 394 1063 450 sed
1102 441 1103 448 ,

10 538 20 556 ,⁴
61 475 220 546 ,Periclem
247 475 470 546 cumiamsuae
483 474 597 528 civitati
614 475 740 530 maxima
766 475 944 530 auctoritate
970 477 1061 548 pluri·

60 577 132 628 „nos
144 575 233 614 annos
248 555 328 614 domi
341 564 373 612 et
383 556 453 612 belli
460 555 655 630 praebuisset,
681 557 788 612 violari
799 556 952 628 versibus,
970 566 1000 612 ct
1012 549 1061 614 eos
1077 587 1080 598 ι
1106 621 1113 630 ..
1145 587 1147 594 s

59 642 119 719 „agi
130 647 159 697 in
170 659 256 696 scena
268 640 409 714 nonplus
424 637 539 710 decuit,
563 657 650 713 quam
663 641 690 694 si
700 637 841 710 Plautus„
866 637 981 714 inquit,
1007 659 1061 718 ιιο-Ι
1114 629 1115 632 “

58 734 129 796 „ster
140 725 288 792 voluisset,
303 730 356 778 aut
369 720 499 778 Naevius
511 720 616 778 Publio
630 730 660 777 et
672 721 751 779 Cneo
763 719 908 796 Scipioni,
923 731 975 779 aut
987 721 1061 780 Cae·
1107 713 1114 730 ⁸

57 809 151 878 „cilius
162 805 256 862 Marco
271 803 382 861 Catoni
393 797 588 882 maledicere..
599 803 715 862 Deinde
728 807 815 880 paulo
828 815 908 880 post:
921 804 1062 876 Nostrae,

58 869 180 963 „nepita
200 897 301 945 eontra
317 881 471 944 duodecim
483 879 615 946 Tabulae
631 908 698 946 cum
714 907 878 963 perpaucas
898 908 945 946 res
965 891 1061 963 eapite

60 973 243 1043 ‚,sanxisrent,
271 973 305 1028 in
318 968 455 1027 hishanc
468 987 587 1046 quoque
605 972 793 1029 sanciendam
812 981 1008 1046 putaverunt,
1035 971 1062 1026 si

24 1107 29 1112 .
60 1055 137 1128 „puis
149 1056 375 1126 occentavisset,
401 1055 464 1111 sive
478 1073 596 1111 carmen
609 1041 807 1127 condidisset,
820 1047 898 1130 quod
911 1051 1061 1112 infamiam

22 1213 25 1216 Ι
56 1137 170 1208 ,‚iaceret
191 1133 378 1215 flagitiumve
403 1139 497 1202 altari.
539 1131 701 1195 Praeclare.
728 1135 869 1196 ¹Iudiciis
895 1135 973 1196 enim
998 1157 1060 1193 rna-

53 1223 246 1298 ,gistratuum‚
260 1220 525 1294 disceptationibus
538 1215 678 1298 legitimis
692 1223 871 1296 propositam
884 1221 985 1300 vitam,
999 1239 1062 1276 non

51 1315 209 1377 „poetarum
221 1303 357 1382 ingeniis
371 1300 478 1358 habere
492 1297 647 1376 debemus3
660 1323 715 1360 nce
725 1299 865 1379 probrum
875 1303 988 1375 audire,
1002 1303 1062 1360 nisi
1130 1305 1133 1314 ’

0 1450 4 1459 ,
51 1381 530 1466 „ealegentrespondereliceat,
559 1395 589 1441 et
607 1385 716 1443 iudicio
741 1385 946 1444 defendere.“·
978 1383 1061 1444 llaec

52 1489 80 1524 ex
89 1467 232 1527 Ciceronis
245 1478 355 1546 quarto
369 1468 405 1524 de
418 1469 568 1542 rcpubiioa
580 1470 655 1526 libro
674 1469 711 1526 ad
729 1471 850 1527 verbum
877 1469 1061 1546 excerpenda

8 1551 12 1576 ³
55 1554 187 1610 arbitratus
198 1573 284 1624 sum,
311 1551 479 1622 nonnullis,
492 1561 613 1626 propter
626 1551 790 1608 faciliorem
803 1555 1002 1623 intellectum,
1014 1553 1063 1609 rel

1 1629 20 1718 ¹·
55 1639 261 1708 praetermissis,
288 1629 341 1692 uel
366 1635 515 1711 paululum
541 1635 737 1698 commutatis.
778 1631 904 1692 Multum
917 1628 1008 1691 ‘enim
1026 1633 1063 1690 ad

53 1737 102 1774 rem
109 1722 270 1794 periment,
287 1736 376 1794 qnam
389 1719 496 1774 molior
509 1715 673 1792 explicare,
693 1718 720 1773 si
731 1726 844 1793 potero.
887 1717 969 1774 Dicit
981 1717 1064 1780 doin-

50 1799 77 1856 de
86 1804 153 1875 alia,
176 1812 206 1858 et
224 1803 273 1858 sic
293 1799 445 1858 concludit
457 1799 535 1858 hunc
556 1803 671 1874 locum,
696 1809 731 1856 ut
756 1800 891 1856 ostendat
914 1801 1064 1857 veteribus

0 1877 1 1886 ¹
48 1883 214 1960 displicuisse
222 1885 391 1957 Romanis,
415 1885 464 1942 vcl
486 1885 603 1942 laudari
629 1902 794 1964 quenquam
812 1883 843 1942 in
864 1897 953 1940 scena
967 1885 1065 1939 vivum

0 1977 10 2026 f÷
46 1965 191 2041 bominem,
218 1971 269 2025 vel
294 1966 467 2044 vituperari.
510 1967 588 2041 Sed,
615 1978 648 2025 ut
674 1966 752 2040 diri,
777 1965 834 2024 hcc
848 1961 955 2046 Gracci
969 1981 1062 2040 quan·-

0 2059 1 2114 ι
47 2069 120 2125 quam
130 2051 380 2122 inverecundius,
404 2055 504 2108 tamen
529 2052 755 2109 convenientius
781 2053 871 2108 licere
893 2053 1065 2120 voluerunt,

0 2117 2 2190 l
49 2135 246 2192 eumviderent
261 2134 397 2191 diissuis
414 2143 577 2208 acceptaret
602 2144 686 2213 grata
713 2149 777 2191 esse
802 2135 979 2209 opprobria,
1004 2152 1064 2189 non

10 2261 11 2266 ι
49 2218 331 2290 tantumhomiirum,
358 2215 460 2274 verum
474 2212 827 2296 etipsorumdccrumin
841 2219 966 2274 scenicis
980 2211 1065 2272 fabn-
1115 2267 1117 2274 s

48 2301 96 2374 bs',
121 2305 179 2358 sive
190 2321 209 2357 a
222 2303 322 2376 poetis
337 2311 437 2356 essent
449 2301 500 2358 illa
514 2302 658 2371 conficta,
675 2303 737 2358 sive
750 2300 863 2380 flagitia
879 2315 982 2367 corum
993 2313 1064 2356 uera

5 2387 12 2455 ᾖ
53 2394 337 2442 commemorarentur
354 2393 385 2440 ct
398 2395 558 2462 agerentur
577 2387 609 2442 in
622 2383 772 2458 theatris,
787 2394 875 2459 atque
901 2383 935 2440 ab
964 2395 1065 2439 eornm
1118 2381 1120 2386 ’

10 2497 11 2504 1
57 2466 195 2524 cultoribus
218 2471 337 2524 utinam
365 2469 429 2523 solo
455 2471 534 2541 risu,
560 2487 594 2524 ac
610 2487 671 2524 non
685 2469 773 2524 ctiam
790 2465 954 2522 inritatione
976 2467 1066 2544 digna

10 2547 13 2552 '
54 2547 211 2608 riderentur.
256 2551 355 2610 Nimis
371 2552 449 2628 enirn
463 2553 621 2627 superbum
633 2549 708 2621 fuit',
733 2551 827 2606 famae
847 2561 969 2623 parcere
984 2551 1065 2623 prin-

10 2653 13 2672 ι
51 2633 133 2706 cipum
156 2637 288 2693 civitatis
315 2643 347 2690 et
374 2635 497 2710 civium,
523 2636 574 2692 ubi
588 2653 662 2720 suae*
677 2631 771 2708 famae
782 2635 863 2712 parci
877 2635 998 2690 numina
1011 2647 1066 2688 no-

49 2716 160 2774 luerunt.

449 2795 517 2861 cn
538 2795 571 2859 P.
613 2797 655 2858 X.

52 2893 101 2958 Qua
116 2895 225 2952 accendi
245 2906 308 2953 orie
329 2894 467 2952 daemones
481 2897 564 2952 velint
579 2902 622 2980 vel
630 2895 709 2978 solra
724 2894 755 2952 de
765 2915 792 2950 se
807 2892 935 2964 crimina,
955 2899 997 2950 oei
1006 2911 1069 2950 vera

492 2981 622 3022 narrara-

10 3061 13 3076 ¹
100 3055 170 3115 Nam
183 3051 267 3134 quod
280 3049 405 3114 affertur
419 3067 472 3133 pro
486 3047 682 3130 defensione,
702 3075 764 3114 non
790 3059 840 3113 illa
861 3071 931 3114 uera
948 3057 979 3112 in
999 3055 1069 3109 deos

10 3145 13 3216 ξ
54 3137 115 3212 liei,
137 3143 188 3199 sed
200 3142 277 3199 falsa
290 3149 382 3216 atquc
396 3141 535 3198 conficta:
561 3135 688 3214 idipsum
703 3151 748 3198 est
761 3143 928 3212 scelestius,
956 3141 982 3194 si
1005 3139 1069 3210 pie·-

11 3231 14 3300 ᾗ
56 3231 123 3282 aren
136 3229 278 3284 consulas
294 3226 467 3302 religionis:
496 3227 634 3280 siautem
645 3221 785 3281 malitiam
799 3221 1068 3296 daemonumcogia
1121 3283 1123 3290 Ι

11 3331 14 3344 ·
55 3313 100 3380 let,
122 3305 192 3386 quid
205 3311 341 3366 astutius
355 3307 392 3363 ad
405 3303 609 3382 decipiendum
623 3317 711 3384 atquc
725 3303 880 3370 callidiusl'
903 3304 978 3362 Cum
991 3305 1069 3358 euim

11 3389 15 3434 i
53 3393 171 3460 probrum
198 3395 311 3450 iacitur
338 3385 546 3466 in‘principern
570 3393 683 3468 patriae
707 3392 817 3448 bonum
844 3401 932 3466 atquc
956 3386 1069 3458 utilem,

51 3489 130 3532 ronne
144 3486 232 3534 tanto
254 3485 301 3532 est
319 3467 489 3553 indignius,
517 3485 628 3550 quanto
655 3477 812 3553 averitate
825 3470 984 3540 remotius,
1011 3477 1071 3524 eta

12 3603 16 3631 ,
49 3557 185 3618 ritaillins
200 3553 353 3616 alieniusl
388 3553 471 3625 Quae
484 3559 576 3637 igitdr
590 3558 734 3632 supplicia
747 3557 912 3625 sufficiunt,
926 3570 992 3607 cum
1005 3549 1070 3608 Deo

1 3635 17 3663 ⁸
50 3637 71 3696 it
81 3644 132 3701 ista
145 3655 210 3702 tarn
224 3642 360 3714 nefaria,
385 3651 445 3698 tam
458 3643 585 3720 insignis
604 3637 735 3697 iniurial
778 3631 860 3694 t'Sed
876 3636 999 3712 maligni
1012 3637 1070 3709 spi*
1116 3651 1118 3656 ·

49 3725 118 3802 dtus,
145 3745 226 3806 quos
243 3726 299 3780 isti
311 3721 380 3780 deos
393 3731 526 3800 putant,¹
541 3727 630 3780 etiam
643 3723 757 3800 flagitia
776 3739 850 3796 quac
867 3738 929 3776 non
946 3717 1071 3776 admisc-

48 3821 112 3886 ΝΜ,
136 3811 177 3868 de
191 3830 228 3867 ac
244 3807 308 3864 divi
319 3809 439 3879 volunt,
467 3807 646 3868 dum‘tamcn
659 3805 802 3862 humanas
821 3811 936 3864 mentes
948 3799 997 3860 bis
1010 3802 1074 3876 opi·

8 3959 10 3964 ,
48 3893 165 3954 rioribus
181 3891 386 3950 velutretibus
397 3887 533 3964 induant,
547 3881 626 3950 'etad
629 3889 895 3972 praedestinatum
908 3889 1097 3970 supplicium
