2362 4320
136 229 150 280 ·,
172 226 228 285 ou
255 224 471 286 eiviuuun
498 225 577 284 nur
603 224 684 285 oio.
706 223 790 330 ιιιιὶ
887 177 890 182 ¹
930 229 986 284 sn

37 377 264 452 iuprufacfiounu,
290 389 514 453 utrumsemper
524 378 675 454 potuerint
685 397 750 435 ese
764 379 814 455 qui
825 375 895 433 faeti
905 374 991 434 sonti
1079 449 1090 460 ,
1122 393 1123 400 ¹

37 447 264 534 iisrespondendnm
278 463 355 519 forte
367 463 518 533 videntur,
541 462 689 529 Quomodo
702 481 762 519 non
776 477 909 536 semper,
927 480 992 517 eum

37 531 101 610 {quot
111 555 147 601 est
159 549 235 602 omni
249 556 396 621 tempore,
415 564 476 601 non
490 537 731 604 inconvenienter
744 563 856 620 semper
870 562 933 600 esse
947 545 992 599 di·
1084 575 1087 590 ·

37 621 88 678 tuot
106 627 188 704 Vsque
200 624 273 685 adeo
288 638 383 685 eutem
397 632 447 685 isti
462 631 541 685 omni
554 639 683 704 tempore
694 629 831 700 fuerunt,
858 638 891 684 ut
904 629 992 684 etiem
1034 689 1035 694 ,

37 707 63 756 rte
79 713 153 767 onnia
173 722 305 786 tempora
326 705 490 768 feeti'sint:
518 715 543 766 si
561 721 658 770 temen
678 731 695 768 a
712 715 793 768 eoelo
808 721 997 787 coeptasunt
1071 753 1072 758 ι
1133 757 1137 764 ,

37 799 111 864 mpure,
123 804 148 850 et
156 798 200 852 illi
209 798 268 851 iam
283 805 367 852 erunt
380 794 451 852 ente
462 797 582 851 eoelum.
601 797 639 852 At
652 798 678 852 si
689 806 803 870 tempus
817 815 878 852 non
891 813 909 851 u
923 813 991 850 eoe-
1049 869 1050 872 Ἴ

39 889 126 935 ‚Vtrum
138 889 166 935 et
178 889 247 936 oute
261 881 373 935 eoelum
392 881 462 950 fuit3
485 897 546 935 non
560 879 673 954 quidem
686 880 717 935 in
730 879 820 948 horis,
836 889 865 935 et
878 877 990 950 diebus,

42 957 168 1034 moulins,
196 973 226 1018 et
245 965 347 1033 onnis3
373 956 456 1044 (nom
473 964 548 1017 istoe
569 961 764 1018 dimensiones
788 963 991 1038 temporalium

37 1042 139 1115 iduum,
165 1064 240 1121 quae
254 1039 361 1102 usi'tate
374 1065 407 1102 ee
419 1047 535 1120 proprie
548 1045 683 1101 dicuntur
695 1055 840 1119 tempora,
867 1045 991 1104 monife·

37 1124 187 1203 inestquod
207 1138 317 1201 enrotu
334 1127 463 1184 siderum
484 1130 647 1202 coeperint3
672 1129 749 1184 unde
763 1140 793 1186 et
805 1129 902 1200 Deus,
927 1149 992 1186 eum

37 1219 57 1260 te
64 1210 233 1283 institueret,
257 1212 348 1283 dixit,
375 1209 418 1268 Et
432 1209 536 1274 sintin
550 1213 653 1288 signa,
668 1223 698 1268 et
710 1215 740 1268 in
755 1223 903 1291 tempora,
918 1224 948 1269 et
961 1215 991 1268 in

37 1304 57 1361 t,
75 1293 280 1371 simeonem)
307 1295 358 1350 sed
378 1297 409 1350 in
433 1297 528 1369 eliquo
549 1297 679 1351 mutabili
696 1303 791 1364 motu,
818 1295 992 1352 euiussiiud

37 1389 64 1447 n,
76 1379 149 1433 eliud
162 1379 307 1453 posterius
321 1380 522 1451 praeterierit,
537 1394 571 1432 eo
586 1378 661 1452 quod
674 1381 760 1434 simui
774 1397 910 1436 essenon
924 1397 991 1454 pos-

37 1465 56 1515 t:
66 1461 87 1515 si
100 1475 167 1538 ergo
181 1472 250 1516 ente
264 1463 374 1516 eoelum
388 1463 419 1516 in
433 1443 574 1538 dugelieis
589 1453 714 1516 motibus
729 1463 787 1516 tale
800 1462 910 1538 aliquid
924 1463 992 1534 fnit,

37 1539 75 1600 ito
86 1553 195 1618 tempus
210 1546 267 1600 inm
281 1544 351 1614 fuit,
366 1553 452 1618 etque
465 1546 564 1621 angeli
578 1562 615 1600 ex
628 1562 684 1618 qno
697 1545 767 1600 sueti
782 1554 865 1616 sunt,
880 1555 991 1618 tempo·
1062 1545 1068 1550 ’

37 1627 281 1693 fermovebentur3
309 1629 451 1682 etiamsie
470 1629 697 1700 omnitempore
717 1627 849 1698 fuerunt,
877 1627 991 1702 quondo

37 1731 80 1766 em
91 1731 156 1766 eum
167 1712 226 1766 iliis
240 1711 318 1766 faeta
330 1719 398 1766 unt
415 1720 555 1784 tempora.
599 1712 671 1776 Quis
693 1705 790 1766 eutem
812 1710 906 1783 dieat,
931 1730 992 1768 non

37 1813 78 1868 per
91 1794 162 1863 snit,
181 1794 257 1868 quod
269 1795 349 1848 omni
364 1802 492 1867 ternpore
506 1786 580 1849 fuiti
1036 1867 1038 1870 Ι

37 1876 86 1934 ted
104 1880 129 1932 si
148 1876 204 1932 hoe
221 1877 415 1950 respondero,
442 1876 560 1932 dicetur
571 1876 658 1948 mihi;
685 1876 833 1943 Quomodo
846 1893 993 1956 ergo'non

45 1962 192 2016 coaeterni
198 1959 341 2030 Creatori,
353 1963 377 2014 si
388 1975 502 2032 semper
511 1961 572 2032 ille,
585 1977 698 2034 semper
708 1962 751 2015 illi
762 1958 898 2017 fuerunt?
913 1963 992 2027 Quo-

37 2046 149 2100 oetium
163 2044 254 2098 creati
268 2042 382 2098 dicendi
396 2051 478 2112 sunt,
501 2044 527 2097 si
541 2061 653 2118 semper
666 2041 993 2123 fuisseinteiligunturi
1007 2059 1015 2086 ι
1050 2081 1052 2096 .

36 2146 79 2184 roo
98 2125 169 2200 quid
186 2121 426 2199 respondebitur‘i
460 2126 506 2181 An
520 2121 674 2200 dicendum
688 2137 746 2199 est,
774 2138 803 2184 et
815 2145 928 2203 semper
943 2145 993 2183 eos

37 2231 70 2281 e,
89 2211 226 2284 quoniam
242 2211 321 2264 omni
335 2209 465 2282 tempore
478 2209 612 2281 fuerunt,
637 2212 687 2286 qui
702 2220 909 2286 eunrytempore
922 2212 995 2268 faeti

38 2334 47 2364 ‚
72 2303 124 2350 eut
144 2311 211 2348 eum
231 2292 332 2365 quibus
355 2303 485 2366 temporo
504 2292 680 2366 factasunt,
707 2305 846 2352 ettamen
860 2291 993 2352 ereatosi

37 2397 66 2433 re
78 2378 201 2432 enimet
218 2376 281 2448 ipse
300 2384 432 2450 tempore
451 2385 549 2432 ereata
568 2393 631 2432 esse
650 2378 837 2456 negabimus,
863 2379 994 2454 quamvis
1035 2403 1037 2408 ’

36 2463 43 2515 i
55 2469 186 2534 tempore
201 2459 292 2514 fuisse
306 2477 391 2514 nemo
404 2455 540 2538 ambiget.
569 2460 643 2517 Nem
657 2463 683 2516 si
697 2478 756 2516 non
771 2463 994 2537 omnitempore

37 2553 158 2616 tempus,
186 2551 250 2596 eret
263 2555 334 2619 ergo
347 2552 477 2615 tempus,
505 2536 619 2618 quondo
643 2545 754 2600 nullum
777 2553 840 2599 erat
861 2541 993 2620 tempus?
1029 2547 1034 2558 '

37 2625 113 2682 thoe
138 2613 329 2680 stultissimus
353 2621 477 2681 dixerit?
499 2626 654 2682 Possumus
680 2628 757 2682 enim
780 2629 861 2682 reete
881 2623 993 2686 diceret
1053 2645 1055 2650 ’

37 2719 170 2784 tempus,
185 2706 299 2782 quando
314 2727 375 2764 non
389 2705 452 2764 e'rot
465 2708 571 2780 Rome3
587 2719 649 2765 erat
661 2718 789 2783 tempus,
803 2705 918 2785 quando
933 2728 994 2769 non

42 2791 240 2862 Hierusalem
264 2801 328 2846 eret
341 2801 469 2866 tempus,
484 2784 598 2868 quondo
611 2811 671 2849 non
685 2802 748 2848 eret
759 2791 917 2864 Abrohem3
932 2803 995 2850 erat

37 2893 91 2946 ius,
105 2872 220 2950 quando
236 2891 296 2932 non
309 2885 372 2930 eret
384 2873 487 2948 homo,
504 2885 543 2932 ‘et
556 2879 582 2931 si
596 2869 664 2952 quid
677 2875 854 2932 huiusmodi:
880 2885 994 2950 postte-

37 2959 53 3012 ii
62 2977 121 3014 non
136 2977 204 3014 eum
217 2958 302 3012 initio
317 2960 472 3032 temporis,
501 2959 551 3014 sed
563 2969 630 3034 post
642 2957 760 3034 aliquod
773 2968 884 3034 tempus
898 2959 993 3014 foetus

37 3037 168 3112 nondus3'
189 3051 342 3113 possumus
356 3040 470 3113 dicere,
496 3041 570 3098 Erot
582 3052 710 3118 tempus,
729 3043 846 3118 quondo
857 3061 916 3098 non
930 3051 995 3098 eret
1074 3045 1078 3054 “

37 3119 95 3178 dus.
137 3124 176 3179 At
187 3141 277 3192 vero,
300 3122 374 3178 Erot
386 3134 515 3196 tempus,
543 3119 658 3200 quondo
672 3129 783 3182 nulium
793 3136 859 3182 eret
870 3135 994 3198 tempus,

41 3207 280 3263 inconvenienter
293 3205 430 3276 dicimus,
444 3226 477 3263 oe
491 3210 515 3263 si
530 3211 681 3285 quisquom
695 3204 788 3282 dieat,
813 3209 887 3266 Erat
897 3207 994 3278 homo,
1047 3232 1051 3238 ⁴
1133 3223 1136 3226 ·

37 3287 81 3345 1do
93 3292 270 3346 nnlluseret
282 3288 381 3362 homo;
410 3301 474 3362 out,
498 3303 560 3347 erut
573 3295 629 3348 iste
641 3293 783 3364 mundus,
811 3292 925 3367 quando
939 3294 996 3346 iste

44 3381 101 3428 eret
112 3368 248 3429 mundus.
277 3371 311 3428 si
325 3375 402 3430 enim
416 3374 451 3430 de
466 3379 523 3430 alio
537 3387 622 3450 etque
635 3379 693 3432 elio
707 3378 904 3454 intelligetur,
930 3384 995 3448 pot-

37 3451 81 3510 liei
92 3458 189 3530 aliquo
203 3454 305 3525 modo,
331 3454 385 3512 hoe
400 3466 459 3528 et,
488 3457 562 3514 Erat
581 3462 655 3516 eiius
674 3459 777 3530 homo,
807 3457 995 3534 quandonon
1087 3467 1090 3486 ³

45 3535 93 3594 hoe
106 3550 237 3612 tempus,
250 3548 330 3593 reete
343 3558 494 3613 possumus
508 3542 621 3598 dicere:
645 3554 771 3612 atvero,
785 3541 858 3597 Ernt
871 3550 995 3613 tempus,
1034 3535 1040 3548 ’

37 3620 80 3676 udo
93 3623 205 3677 nullum
219 3631 285 3676 eret
296 3630 425 3695 tempus,
452 3627 579 3699 quisvel
597 3627 854 3700 insipientissimus
869 3619 995 3678 dixerit?
1088 3631 1091 3641 '

37 3711 53 3756 tt
63 3721 129 3782 ergo
143 3705 264 3759 dicimus
279 3713 409 3762 ereetum
422 3703 552 3785 tempus,
567 3728 631 3764 oum
645 3709 710 3764 ideo
722 3723 834 3781 semper
847 3706 938 3762 fuisse
951 3705 996 3778 dia
1095 3752 1097 3755 .

37 3799 65 3856 r,
82 3790 148 3862 quio
162 3789 385 3860 omnitempore
400 3798 511 3863 tempus
526 3792 596 3847 tuit:
619 3793 660 3847 ito
674 3806 733 3847 non
747 3801 791 3846 est
806 3807 996 3864 consequens,

37 3865 160 3947 isemper
172 3869 294 3936 fuerunt
303 3873 420 3948 angeli,
443 3873 508 3930 ideo
522 3893 582 3932 non
596 3876 657 3950 sint
671 3875 781 3950 creati,
801 3883 837 3932 ut
848 3881 1012 3955 propteren

535 3955 539 3965 ’
613 3961 710 4022 Aen
